3366 5346
558 288 640 339 onan
663 286 785 331 rnonau
806 288 975 333 sunrrsemr
997 290 1125 361 uorsus..
1460 279 1497 335 75

180 423 367 491 retractari.
387 426 473 488 Haec
487 441 624 510 quoquo
640 421 843 511 apographa
857 424 980 489 thorae
995 423 1221 505 vocabantur,
1239 431 1273 491 et
1287 426 1407 491 morito
1421 427 1496 514 qui-

180 531 275 610 dem,
303 551 380 596 cum
410 529 519 618 ipsam
548 528 699 611 thorum,
729 529 800 594 eius
822 531 1025 619 paraenesin
1049 535 1082 596 ct
1108 526 1288 597 historiam
1315 532 1497 615 haberent.

181 636 358 703 Habebunt
384 634 462 725 plus
488 634 609 701 thorae
636 648 739 724 qu'am
762 634 848 702 illud
876 636 992 723 Moysis
1019 637 1294 726 autographum,
1325 637 1500 705 habebant

181 742 348 832 quidquid
365 742 407 808 de
427 744 530 808 thora
548 742 731 831 scripserat
748 746 883 828 Moyses
903 742 1241 810 circumferebantur
1262 746 1331 810 iam
1351 743 1420 811 duo
1439 767 1499 831 ge-

179 872 263 917 nera
287 851 486 931 thorarum,
515 871 611 916 sacra
635 848 751 914 ambo.
777 853 927 926 Quarum
951 850 1055 932 aliae,
1082 872 1226 917 numero
1254 850 1396 917 fortasse
1419 873 1501 941 pau-

180 948 301 1038 ciores,
317 957 425 1022 solum
440 955 561 1042 Moysis
578 955 836 1044 autographum
850 954 1084 1022 sacerdotibus
1099 956 1268 1023 creditum
1289 957 1498 1046 descriptum

179 1062 371 1145 habebant,
396 1063 483 1129 aliae
510 1061 698 1127 orationem
723 1068 900 1150 praeterea
925 1063 1092 1150 primam,
1115 1062 1203 1129 aliae
1231 1063 1385 1144 tertiam,
1411 1062 1498 1129 aliae

180 1174 376 1258 utramque.
394 1172 472 1235 Nou
487 1180 536 1234 est
551 1166 719 1235 credendo
736 1167 835 1233 thoro
848 1167 987 1234 caecasse
1001 1168 1244 1258 uniformibus,
1261 1182 1299 1235 ut
1316 1169 1365 1235 itu
1383 1168 1497 1235 dicum

179 1276 390 1365 auspicentur,
418 1282 455 1341 ut
482 1295 589 1341 unum
615 1272 756 1363 aliquod
784 1274 930 1341 aliorum
953 1277 1158 1364 scriptorum
1183 1275 1412 1343 mosaicorum
1436 1276 1498 1341 ali-

180 1381 320 1472 quando
339 1379 499 1447 omnibus
517 1380 645 1470 pariter
665 1380 918 1448 adscriberetur
937 1383 1056 1448 thorae
1076 1375 1297 1472 apographis,
1320 1388 1497 1470 essentque

181 1488 333 1554 ciusdem
344 1489 419 1554 aevi
431 1487 634 1576 apographa
647 1486 750 1553 etiam
761 1487 920 1576 aequalia
934 1487 1025 1554 inter
1037 1511 1083 1555 se.
1099 1488 1169 1555 Sed
1178 1501 1368 1577 ucipmrntu
1381 1487 1497 1554 eborae

182 1595 314 1660 incerta
328 1607 360 1659 ct
380 1594 475 1660 ouria
495 1614 508 1657 .·
534 1593 763 1660 exarabantur
787 1616 855 1660 uno
871 1593 1061 1684 eodemque
1080 1616 1163 1661 aevo
1183 1594 1398 1684 apographa,
1415 1617 1498 1683 quo-

180 1722 259 1768 rum
282 1699 398 1790 aliqua
423 1701 535 1789 plura,
563 1699 681 1788 aliqua
705 1701 869 1790 pauciora
883 1701 1088 1768 documenta
1114 1701 1265 1767 mosaica
1293 1701 1498 1791 complecte-

182 1813 311 1874 rentur.
341 1806 517 1895 lrrepebat
545 1807 683 1873 tortasse
715 1807 923 1896 quandoque
952 1807 1196 1874 documentum
1224 1808 1365 1897 aliquod
1394 1807 1498 1874 dubie

181 1913 381 1994 mosaicum,
399 1935 431 1978 v.
450 1934 484 1998 g.
502 1917 652 1993 amaa,
670 1906 774 1978 simili
790 1914 921 1979 ratione
938 1919 1039 2002 atque
1055 1915 1224 1980 nascentis
1237 1913 1402 1980 ecelesiae
1418 1936 1498 1979 auc-

179 2028 268 2086 tores
283 2017 390 2106 aliqui
405 2017 534 2107 scripta
549 2016 721 2107 quaedam
736 2019 935 2108 apocrypha
947 2042 1011 2108 pro
1026 2021 1130 2086 sacris
1145 2025 1177 2086 et
1193 2020 1323 2087 divinis
1331 2019 1495 2085 habuere.

180 2129 219 2191 Ut
240 2124 427 2212 genuinam
447 2147 507 2190 nos
525 2124 666 2191 tandem
686 2126 870 2192 mosaicam
890 2125 1094 2214 scripturam
1115 2126 1358 2215 acceperimus.
1378 2125 1413 2191 id
1428 2148 1496 2191 non

181 2231 295 2298 celtica
319 2231 542 2319 antiquorum
558 2230 750 2297 scribarum
770 2231 953 2317 diligentia
967 2232 1125 2298 effectum
1145 2239 1210 2313 est,
1230 2233 1288 2298 sod
1304 2232 1363 2298 Dei
1380 2231 1496 2321 provi-

180 2337 308 2419 dentia,
328 2358 415 2426 quae
436 2336 480 2403 ab
500 2336 679 2402 hominurn
698 2338 755 2427 pia
772 2336 946 2427 imperitia
961 2361 1001 2405 ac
1017 2338 1237 2428 postmodum
1251 2338 1294 2406 ab
1310 2339 1494 2427 impiorum

181 2466 302 2532 regum
325 2442 499 2511 furoribus
520 2444 668 2510 servavit
690 2465 743 2527 ea,
766 2466 854 2533 quae
875 2444 1026 2510 humano
1046 2446 1166 2531 generi
1185 2445 1366 2534 protutura
1387 2449 1498 2511 essent

181 2550 218 2615 in
233 2573 354 2617 aevum
369 2549 570 2617 adsalutem
591 2555 625 2615 et
644 2549 872 2616 eruditionem
891 2551 1006 2637 (2929
1024 2551 1125 2638 [28]).
1144 2557 1194 2617 lta
1210 2573 1283 2618 rem
1298 2558 1411 2617 actam
1426 2573 1497 2616 esse

182 2656 392 2725 conficimus,

228 2761 354 2839 Quibus
374 2784 510 2829 rursum
532 2762 747 2829 illustrantur
775 2784 827 2845 ea,
851 2784 940 2850 quae
970 2761 1072 2829 modo
1097 2761 1298 2829 dicebamus
1323 2761 1365 2827 de
1387 2761 1497 2828 titulis

183 2875 250 2950 1,b.
271 2877 304 2936 5·
327 2874 361 2934 et
380 2875 516 2951 auc-ao
537 2869 590 2934 vel
609 2873 762 2950 blut-tt).
787 2872 855 2951 Sc,
881 2869 941 2957 qui
967 2867 1076 2934 solam
1099 2867 1286 2965 secundam
1306 2867 1496 2934 orationem

181 2975 434 3055 describebant,
454 2976 484 3041 ei
498 2974 766 3064 praemittebant
780 2976 932 3058 titulum,
948 2974 1009 3064 qui
1023 2979 1159 3065 tempus
1178 2979 1212 3041 et
1228 2975 1341 3042 locum
1357 2975 1496 3041 habitae

182 3085 332 3169 aMoyse
356 3081 520 3148 orationis
548 3081 736 3164 indicaret3
761 3081 823 3170 qui
846 3081 954 3148 solam
980 3081 1221 3148 describebant
1247 3082 1395 3171 primam
1419 3103 1497 3147 ora-

182 3189 321 3268 tionem,
344 3210 443 3255 suum
465 3189 545 3253 item
574 3187 817 3255 adscribebant
844 3188 1003 3270 titulum;
1027 3188 1086 3254 alii
1107 3193 1183 3277 post
1204 3187 1294 3276 ipsos
1316 3194 1497 3276 utramque

182 3270 373 3361 orationem
388 3315 464 3360 cum
480 3298 628 3383 utroque
640 3294 740 3362 titulo
757 3295 794 3359 in
809 3316 918 3361 unum
933 3294 1129 3360 referebant
1143 3295 1398 3383 apographum.

226 3424 256 3467 c.
274 3405 313 3469 Ut
327 3401 453 3467 libram
472 3400 675 3489 bipartitum
694 3407 826 3491 partem
851 3401 954 3467 fuisse
968 3401 1137 3466 altirmem
1154 3401 1225 3466 eius
1240 3401 1372 3480 thorae,
1390 3421 1494 3487 quam

183 3514 261 3586 31,9
277 3513 401 3595 Moyses
411 3498 553 3573 tiadidit
565 3507 811 3590 sacerdotibus,
825 3509 978 3573 animum
994 3507 1157 3572 inducere
1171 3506 1264 3572 haud
1274 3506 1379 3572 valeo.
1399 3504 1497 3570 Nulla

183 3613 235 3678 rei
249 3612 347 3679 video
362 3619 580 3700 argumenta.
607 3615 838 3681 Affirmandus
857 3620 944 3680 esset
964 3619 1088 3700 Moyses
1109 3612 1280 3702 scripsisse
1300 3613 1450 3701 primum
1464 3616 1497 3678 et

183 3718 311 3784 librum
337 3719 542 3808 bipartitum
568 3727 601 3788 et
625 3721 690 3787 tria
717 3722 926 3788 documenta
954 3719 1244 3802 deuteronomion,
1269 3726 1301 3786 et
1327 3704 1410 3785 baec
1433 3720 1495 3784 do-

182 3833 341 3892 cumenta
359 3825 431 3914 ipse
452 3825 631 3893 inseruisse
651 3827 741 3892 libro
757 3827 929 3915 bipartito.
954 3826 991 3892 ld
1016 3826 1107 3893 haud
1123 3825 1306 3915 probabile
1328 3830 1493 3912 apparet:

105 3960 113 3967 ·
182 3936 308 4019 Moyses
325 3931 458 3999 calamo
482 3934 593 4020 magis
615 3933 753 4023 aequali
773 3955 850 4000 suas
870 3933 1040 3999 orationes
1057 3934 1287 4000 contexuisset
1306 3930 1497 3997 narrationi

120 4064 129 4079 ’
182 4038 261 4103 libri
278 4038 449 4127 bipartiti,
471 4039 690 4106 abstinuisset
705 4039 820 4106 hebeti
837 4045 954 4106 sutura
972 4045 1038 4119 1‚t.
1055 4047 1086 4106 5³
1105 4046 1137 4104 et
1153 4039 1248 4104 biatu
1266 4060 1342 4126 cap.
1361 4043 1415 4103 31.
1432 4042 1498 4104 No-

182 4144 274 4210 mine
289 4145 390 4212 thora
406 4152 484 4226 31,9
499 4145 590 4211 idem
606 4146 808 4232 designatur
825 4146 924 4230 liber,
940 4147 1000 4235 qui
1022 4152 1099 4225 cm
1118 4147 1218 4211 thora
1237 4143 1445 4222 inscribitur,
1464 4147 1496 4207 et

181 4257 257 4334 29‚1
275 4251 380 4318 verba
399 4251 547 4318 foederis
565 4253 800 4320 subscribitur.
818 4258 906 4330 erae
926 4254 1026 4319 thora
1041 4275 1174 4343 rursum
1198 4250 1432 4340 comparanda
1447 4256 1496 4316 est

181 4357 223 4436 ei,
238 4380 342 4445 quam
358 4365 437 4439 27,8
453 4364 548 4425 losue
564 4358 738 4449 lapidibus
748 4359 947 4442 inscribere,
960 4365 994 4424 et
1012 4365 1109 4440 tras
1125 4381 1181 4424 rex
1194 4357 1389 4424 describere
1400 4357 1495 4423 iubo-

182 4470 248 4530 tur.
267 4468 373 4541 Quam
388 4487 457 4530 non
473 4488 542 4531 esse
560 4471 669 4532 totum
685 4467 963 4555 pentateuchum,
980 4466 1049 4531 suis
1068 4464 1149 4530 locis
1167 4463 1489 4530 demonstrabimus.

227 4571 334 4656 Igitur
356 4574 461 4655 lactu,
481 4571 575 4661 'quae
599 4596 633 4662 p.
660 4580 699 4638 61
724 4595 774 4663 sq.
801 4572 1049 4652 statuebamm,
1070 4570 1291 4660 sequentibus
1315 4571 1382 4635 iam
1400 4589 1492 4632 com-

182 4675 314 4764 plemus
336 4679 494 4745 assertis:
