3366 5346
218 288 276 346 330
676 300 902 345 conruerxruuu
918 301 1072 345 SAHUELIS.

219 443 321 525 atque
351 437 478 503 valenti
498 436 638 524 publica
665 437 867 502 auctoritate
890 435 1078 520 adigantur
1104 434 1226 524 :atqui
1249 435 1326 501 talis
1345 435 1535 502 auctoritas

216 544 369 610 iudicum
393 566 476 609 aevo
502 542 694 609 deficiebat.
721 542 850 608 ludices
872 541 986 629 [alares
1006 541 1195 607 maioribus
1209 545 1404 630 temporum
1428 542 1536 608 etlo-

218 671 334 716 corum
358 649 546 715 intervallis
575 648 791 715 abinvicem
824 648 1086 736 separabantur,
1115 653 1166 714 sat
1189 647 1294 733 longo
1326 648 1536 738 quandoque

216 765 369 844 tempore
400 756 487 822 nulli
513 761 624 821 erant.
651 754 713 833 Qui
734 754 905 834 exstitere,
935 775 1006 820 non
1033 754 1194 820 omnibus
1220 753 1347 840 singuli
1375 754 1537 821 tribubus

217 861 446 950 imperabant.
476 866 562 927 ltnte
582 861 656 926 Heli
677 867 710 927 et
730 861 922 927 Samuelem
945 861 1079 926 nullum
1107 861 1276 943 novimus,
1295 860 1355 949 qui
1369 867 1427 926 aut
1442 861 1536 950 apud

195 962 198 968 ’
218 968 449 1035 sanctuarium
467 966 631 1034 resederit
650 972 709 1033 aut
727 967 855 1034 tribum
875 967 954 1032 Levi
972 966 1112 1055 speciali
1130 965 1241 1032 studio
1260 974 1464 1055 prosecutus
1478 969 1533 1035 sit.

219 1074 352 1140 Gedcon
390 1074 621 1141 sanctuarium
662 1074 768 1140 erexit
807 1073 991 1162 privatum,
1027 1073 1226 1139 Abimeleclr
1267 1074 1534 1162 superstitiosus

220 1181 338 1270 Iephte
369 1181 475 1247 filiam
508 1168 710 1246 immolavit.
738 1185 853 1268 Neque
886 1178 1047 1260 iudicem,
1072 1179 1100 1244 si
1136 1201 1255 1246 eorum
1285 1179 1363 1267 quis
1386 1180 1537 1247 decimas

219 1287 414 1354 sanctuario
428 1287 628 1376 pendendas
649 1293 799 1373 urgeret,
815 1308 950 1375 semper
963 1285 1127 1353 audiebat
1146 1284 1297 1375 populus
1314 1286 1400 1373 (lud.
1424 1289 1532 1375 ale).

220 1433 263 1442 --
280 1399 461 1460 [temortuo
477 1399 572 1460 losue
587 1392 733 1458 Hebraei
753 1394 868 1481 plures
893 1390 979 1480 (lud.
1005 1392 1097 1479 ΞΜ)
1117 1413 1196 1458 suas
1213 1392 1438 1481 possessiones
1452 1416 1537 1459 non-

220 1500 304 1566 dum
329 1506 542 1588 acceperant,
568 1521 680 1587 neque
705 1499 747 1564 de
763 1499 804 1564 iis
826 1499 974 1565 decimas
999 1498 1215 1587 pendebant,
1234 1497 1351 1588 plures
1370 1505 1449 1566 ante
1471 1504 1537 1565 llu-

220 1605 308 1671 vidis
332 1614 489 1694 tempora
507 1629 577 1672 nen
598 1628 774 1694 accepere.
797 1610 932 1672 Interea
955 1604 1108 1672 iudicum
1129 1627 1214 1671 aevo
1238 1605 1283 1671 ob
1304 1605 1535 1673 Hebraeorum

219 1700 450 1800 peecataanni
468 1713 586 1801 plures
602 1712 765 1779 messibus
780 1734 932 1792 caruere,
951 1712 1152 1777 homineset
1167 1734 1293 1800 pecora
1310 1712 1437 1778 morbis
1459 1734 1537 1778 eon-

219 1819 360 1904 tagiosis
386 1818 649 1885 decimabuntur
675 1820 784 1906 (Heut.
805 1818 874 1908 28),
893 1819 1007 1908 plures
1030 1819 1124 1884 tuere
1149 1817 1338 1885 mult-orum
1365 1840 1535 1885 annorum

219 1925 414 2004 servitutes,
434 1925 587 1993 hostibus
603 1927 784 2014 quotannis
800 1933 929 2012 segetes
944 1924 1167 2010 abigentibus
1184 1926 1270 2013 (lud.
1291 1933 1347 2006 6,3
1366 1925 1453 2014 sq),
1474 1949 1538 2013 po-

218 2032 339 2120 pulum
365 2031 473 2097 ruodis
500 2032 658 2098 omnibus
682 2031 967 2122 opprimentibus.
996 2031 1206 2120 Quandoque
1231 2031 1318 2098 nihil
1335 2054 1477 2120 prorsus
1501 2032 1539 2098 in

220 2137 378 2203 manibus
404 2137 580 2205 habebant
606 2138 761 2219 Hebraei,
789 2138 884 2205 cuius
913 2139 1083 2204 decimam
1109 2138 1291 2219 solverent,
1317 2138 1401 2205 alius
1423 2137 1538 2204 aditus

219 2244 406 2309 sanctuarii
433 2243 576 2309 minime
601 2251 674 2310 erut
692 2250 793 2311 tutus.
818 2248 935 2311 Nonne
957 2249 1065 2310 totam
1086 2244 1298 2310 deeimarum
1330 2243 1536 2311 solutionem

220 2349 398 2438 oportebat
415 2349 559 2416 evadere
578 2372 797 2438 summopere
817 2350 1007 2433 incertam?
1030 2355 1094 2416 llos
1116 2350 1196 2416 inde
1212 2373 1233 2416 a
1252 2355 1360 2438 Hoyse
1374 2349 1539 2418 diuturna

219 2454 465 2521 consuetudine
490 2455 646 2522 nondum
667 2457 767 2545 plene
786 2456 955 2523 stabilitus
972 2456 1152 2523 hominum
1166 2458 1324 2539 avaritia,
1342 2457 1476 2524 incuria
1493 2457 1540 2522 si-

220 2562 360 2651 mulque
374 2562 512 2629 miseria
529 2567 562 2628 et
580 2566 777 2630 necessitate
790 2564 1020 2644 relaxabatur,
1039 2567 1073 2630 et
1092 2585 1221 2651 magna
1239 2587 1280 2631 ex
1300 2569 1400 2652 parte
1418 2563 1539 2631 obscu-

218 2668 371 2750 rabatur,
401 2669 661 2737 obliterubatur.
687 2676 820 2737 Etextu
843 2669 912 2737 iam
936 2669 1117 2750 discemus,
1145 2692 1322 2759 quousque
1352 2670 1539 2756 haeelegis

217 2781 315 2842 Num.
337 2783 376 2843 18
393 2774 597 2842 deformatio
615 2779 830 2866 processerit.

262 2887 399 2958 eluctor,
417 2882 467 2948 uti
483 2881 567 2948 alias
583 2884 672 2967 (15,1
697 2883 791 2972 ete),
814 2883 926 2968 legem
943 2882 1140 2961 mosaicum,
1159 2903 1264 2972 quam
1284 2880 1535 2972 explicandam,

221 2986 475 3076 applicandam,
495 2988 761 3055 modificandam
783 2989 999 3075 aggreditur,
1017 3011 1085 3055 non
1107 2996 1213 3056 totam
1229 2995 1394 3077 quantum
1409 2988 1538 3055 descri-

221 3092 281 3174 bit,
299 3091 359 3157 sed
381 3115 412 3157 v.
431 3099 473 3157 ²22
498 3094 699 3160 brevissima
723 3095 873 3160 termula
895 3096 1049 3174 resumit,
1069 3117 1149 3162 usus
1170 3096 1274 3162 etiarn
1292 3094 1413 3162 eadem
1435 3100 1538 3183 atque

219 3204 316 3266 Num.
337 3204 435 3273 1830
453 3222 533 3265 voee
550 3218 666 3271 aaran.
689 3224 720 3266 v.
744 3207 787 3266 22
804 3230 819 3261 «
839 3201 1013 3267 Decimum
1025 3215 1164 3290 prement
1182 3201 1355 3291 separabis
1374 3200 1414 3267 de
1434 3222 1538 3267 eunc-

221 3306 450 3395 bustualibus
469 3309 549 3389 tues,
567 3306 629 3397 qui
647 3319 835 3374 noscuntur
855 3307 893 3372 in
914 3319 1003 3374 terra
1016 3331 1081 3397 per
1099 3331 1207 3375 aranos
1229 3304 1384 3398 siraqrrlos
1404 3323 1433 3374 »2
1454 3310 1539 3373 Cum

216 3428 403 3503 prouentus
427 3416 568 3482 sentinis
591 3414 643 3481 tui
671 3413 820 3500 intelligi
845 3417 949 3503 possit
975 3437 1051 3481 euin
1078 3415 1120 3481 de
1147 3414 1228 3481 solis
1255 3413 1443 3502 segetibus,
1464 3418 1538 3478 tum

222 3524 324 3588 etiarn
344 3523 387 3588 de
407 3522 657 3605 animantibus,
675 3520 846 3610 adscripto
863 3522 925 3610 qui
939 3521 1093 3588 irascitur
1114 3521 1151 3586 in
1173 3544 1275 3609 apro,
1293 3521 1463 3610 expressio
1486 3542 1540 3585 re·

221 3629 402 3715 stringitur
420 3631 463 3695 ad
485 3652 585 3696 omne
608 3651 718 3716 genus
741 3629 916 3693 fructuum
943 3634 1054 3694 terrac
1072 3628 1229 3715 (segetes,
1253 3626 1370 3694 riuum
1387 3632 1473 3704 eto.;
1496 3627 1539 3693 el.

221 3732 368 3819 Ballou).
386 3758 418 3801 v.
442 3742 482 3800 23
511 3762 526 3796 κ
552 3738 598 3800 Et
620 3734 773 3800 collaudes
795 3735 831 3798 in
856 3745 1036 3821 conspectu
1061 3733 1202 3799 Domini
1226 3735 1289 3800 Dei
1309 3733 1362 3799 tui
1386 3733 1423 3798 in
1453 3731 1539 3818 loce,

224 3863 325 3930 quem
340 3840 494 3929 alequi-it,
513 3854 549 3907 ut
569 3841 604 3906 in
621 3863 796 3907 carloman
814 3838 1105 3921 illicesineocelur,
1124 3839 1291 3906 decianam
1304 3838 1474 3927 [recalceati
1489 3837 1543 3904 tui

222 3947 337 4013 etvini
352 3961 384 4014 et
399 3948 479 4029 olei,
496 3961 528 4014 et
541 3946 783 4035 primoqeaito
804 3945 845 4014 de
859 3946 1024 4014 carricatis
1039 3959 1070 4013 et
1089 3946 1353 4029 comitatuique
1372 3945 1482 4011 discas
1497 3943 1542 4009 u·-

222 4075 311 4119 mere
327 4055 511 4121 herluinum
536 4057 641 4119 Deum
660 4065 759 4118 turem
782 4052 1041 4142 omnitempore
1065 4081 1094 4120 u.
1111 4054 1159 4119 Cf.
1179 4060 1269 4134 ale.
1292 4058 1377 4120 Dum
1396 4050 1544 4140 implent

223 4158 378 4242 Hebraei,
401 4183 489 4248 quae
516 4183 548 4226 v.
572 4166 614 4225 22
634 4181 684 4248 sq.
702 4158 996 4246 praescribuntur,
1018 4164 1095 4225 actu
1116 4182 1150 4226 se
1176 4163 1331 4226 exercent
1356 4159 1391 4224 in
1419 4157 1543 4223 timore

222 4263 368 4343 Domini,
396 4275 499 4354 atque
527 4267 575 4332 ita
602 4263 736 4332 facilius
767 4285 901 4353 semper
925 4271 960 4331 et
986 4264 1023 4330 in
1047 4264 1206 4331 omnibus
1228 4265 1328 4330 illum
1356 4262 1540 4329 timebunt.

223 4369 331 4436 Verba
362 4371 501 4437 edicunt
528 4373 653 4457 legem,
680 4370 792 4459 qualis
816 4393 849 4436 v.
876 4376 918 4436 Ἠ
942 4393 1017 4460 sqq.
1047 4373 1255 4452 enuntiatur,
1284 4394 1362 4437 vere
1387 4376 1543 4457 tempore

222 4476 398 4566 scriptoris
412 4479 517 4544 nostri
538 4478 641 4544 luisse
658 4477 825 4556 divinam,
843 4476 937 4564 quod
956 4482 1044 4543 esset
1057 4477 1118 4544 illa
1133 4476 1186 4543 vel
1210 4480 1354 4562 alloyse
1374 4474 1541 4565 prolecta,

221 4583 311 4650 vela
327 4583 503 4674 prophetis
522 4589 601 4673 post
618 4584 730 4673 ipsum
746 4582 941 4672 approbata
961 4603 968 4650 :
987 4584 1235 4672 prophetarum
1254 4586 1382 4672 quippe
1405 4586 1478 4648 erat
1492 4580 1544 4647 le-

220 4710 299 4775 gem
322 4690 504 4780 explicare,
527 4698 724 4781 temporum
746 4687 1000 4756 necessitatibus
1023 4688 1212 4778 applicare,-
1229 4689 1300 4756 imo
1324 4687 1438 4779 quoad
1463 4709 1544 4777 par-
