3366 5346
450 311 827 370 26.cuxnun1sraaans
851 322 859 363 ε
883 321 971 365 naua.
996 306 1133 377 saa-ll.
1384 317 1440 374 397

130 484 216 529 mas.
239 462 290 528 ad
312 459 572 551 explicationem
591 458 635 524 cl.
658 477 746 546 quae
764 458 838 522 cu.
855 477 890 543 p.
906 459 978 536 ‚lul
1000 416 1209 526 dicebamus.
1236 483 1268 526 v.
1291 466 1310 527 9
1328 491 1343 522 «
1364 465 1441 530 Non

128 591 215 635 seres
236 567 371 635 vineam
398 578 494 634 tuam
521 565 629 632 altero
648 560 778 630 semine
802 588 830 628 ».
856 561 945 629 Vites
969 560 1063 652 ipsae
1084 586 1153 631 non
1180 573 1353 651 seruntur,
1380 570 1438 637 sed

127 676 329 763 plantantur
348 674 454 763 (lud)
483 692 491 738 ε
513 671 629 760 agitur
650 690 734 756 ergo
755 666 798 734 de
825 666 894 734 alio
914 667 1043 736 semine
1065 669 1157 738 inter
1171 673 1256 740 vites
1272 675 1437 760 serendo,

127 780 220 869 quod
243 781 352 848 altera
376 801 491 846 versus
511 800 591 868 pars
615 775 792 843 evidenter
816 773 1008 842 confirmat.
1030 779 1097 843 Cur
1118 784 1237 846 autem·
1262 781 1298 847 b.
1321 781 1345 848 l.
1374 787 1440 850 sta-

127 891 239 955 tutum
262 887 306 954 de
327 886 407 953 solis
426 885 536 953 vineis
558 885 716 951 terlucet
738 902 820 960 nou,
834 880 886 947 uti
905 884 981 947 Lev.
1002 887 1115 966 lam,
1134 883 1177 951 de
1196 886 1289 972 agris
1302 888 1441 955 univer·

128 993 214 1061 sim?
232 998 321 1061 Duas
335 992 521 1069 solutiones
535 989 700 1081 proponit
714 991 774 1054 Dr.
795 1008 803 1055 :
825 986 991 1077 primam,
1010 1010 1109 1055 usum
1124 1011 1289 1076 agrorum
1312 993 1443 1084 duplici

128 1099 257 1167 semiue
282 1098 509 1167 serendorum
535 1097 594 1180 ita,
609 1093 795 1163 invaluisse
822 1094 965 1163 oratoris
991 1100 1158 1184 tempore,
1183 1103 1221 1164 ut
1242 1098 1300 1166 hic
1327 1100 1372 1168 ab
1401 1124 1441 1169 eo

129 1205 270 1273 omnino
291 1204 510 1296 reprobando
531 1200 746 1282 abstinuerit,
770 1204 935 1266 statutum
956 1199 1001 1267 ad
1023 1200 1112 1269 solas
1135 1201 1251 1271 vineas
1269 1205 1441 1275 limitave-

58 1332 62 1340 ·
128 1313 189 1396 rit3
205 1313 363 1394 alteram,
384 1317 423 1380 ut
440 1313 476 1379 h.
498 1311 522 1377 l.
548 1310 601 1377 lex
627 1313 704 1377 Lev.
730 1312 830 1387 lale
850 1307 895 1374 ab
909 1306 1004 1393 agris
1027 1306 1073 1375 ad
1087 1308 1207 1377 vineas
1226 1312 1438 1382 extendatur.

129 1424 251 1488 Verum
267 1423 341 1486 Lev.
364 1424 464 1500 lala
477 1414 682 1484 crediderim
695 1415 813 1481 vineas
825 1412 958 1481 includi
971 1412 1009 1480 iu
1024 1436 1104 1482 voce
1120 1431 1210 1482 uvat:
1227 1423 1261 1484 et
1276 1441 1339 1486 cur
1357 1421 1393 1487 h.
1415 1421 1439 1488 l.

127 1527 257 1592 sanctio
272 1548 335 1614 pro
348 1525 427 1592 solis
448 1523 554 1591 vineis
572 1521 790 1589 enuntiatur?
805 1523 958 1607 Suggero
973 1519 1092 1607 igitur,
1112 1524 1257 1590 oratoris
1273 1547 1357 1592 aevo
1376 1548 1441 1617 po-

128 1633 249 1722 pulum
275 1631 459 1700 assuevisse
482 1631 574 1717 agris
596 1629 701 1697 unico
721 1625 851 1694 semine
875 1627 1039 1711 serendis,
1063 1650 1177 1718 neque
1199 1629 1303 1698 luisse
1324 1655 1385 1701 cur
1404 1632 1441 1700 id
1499 1670 1503 1682 ·

128 1743 243 1805 orator
256 1737 459 1821 inculcaret;
476 1744 511 1804 at
525 1737 615 1803 inter
636 1733 721 1801 vites
735 1731 903 1800 intererat
921 1732 1086 1823 spatium,
1104 1757 1123 1802 e
1142 1759 1212 1826 quo
1226 1739 1369 1807 avaritia
1385 1739 1439 1807 lu·

127 1867 226 1913 crum
250 1844 316 1912 sibi
337 1843 536 1935 quaerebat.
560 1847 632 1920 Qua
653 1840 696 1907 da
720 1862 757 1906 re
775 1841 906 1907 sanctio
928 1837 1136 1909 adscribitur
1160 1843 1247 1910 baec
1273 1867 1281 1913 :
1305 1875 1321 1907 a
1344 1869 1388 1914 ne
1407 1859 1440 1913 et

127 1953 284 2019 sementis
297 1972 401 2040 qrram
415 1949 547 2032 sevisti,
562 1962 595 2015 et
609 1957 900 2039 percenseremus·
917 1968 958 2013 ea
975 1946 1075 2014 cinea
1081 1948 1219 2037 pariter
1228 1953 1440 2041 sanctificen-

127 2070 183 2124 tur
203 2086 234 2138 a,
259 2056 378 2126 Chald.
400 2054 606 2146 polluantur
630 2074 638 2122 :
663 2051 723 2121 sed
746 2075 816 2119 non
835 2057 885 2119 est
904 2074 944 2118 ea
967 2052 1066 2119 verbi
1088 2053 1305 2151 significatio.
1324 2058 1439 2126 llelius

129 2163 236 2231 Calm.
257 2185 264 2231 :
283 2187 328 2231 ne
350 2163 426 2231 usui
445 2160 630 2230 sanctuarii
655 2160 781 2227 cedant
799 2165 870 2226 tam
894 2158 1011 2225 messis
1040 2159 1223 2250 illaquam
1248 2163 1435 2234 vindemia.

126 2275 214 2358 Ergo
235 2293 277 2338 ea
297 2277 371 2337 tum
395 2275 522 2338 statuta
537 2272 610 2336 erat
628 2288 739 2358 poena
758 2266 797 2332 in
817 2286 889 2346 eos,
907 2265 969 2355 qui
992 2264 1105 2353 legem
1121 2290 1152 2335 v.
1169 2275 1314 2338 besseut
1328 2277 1438 2339 trans·

125 2377 246 2464 gressi,
272 2382 309 2443 ut
336 2375 506 2467 quidquid
527 2397 568 2442 eo
596 2395 688 2441 anuo
710 2371 746 2439 in
767 2372 868 2438 vinea
891 2377 1104 2456 nasceretur,
1125 2378 1196 2441 tam
1221 2399 1308 2444 uvae
1334 2400 1437 2468 quam

125 2483 252 2568 fruges
272 2488 379 2550 totum
404 2482 539 2550 cederet
556 2478 759 2548 sanctuario.
775 2501 808 2544 v.
835 2484 875 2544 10
898 2504 914 2538 «
943 2479 1020 2545 Non
1040 2480 1155 2546 arabis
1182 2481 1219 2548 in
1239 2481 1319 2550 bove
1334 2484 1441 2551 simul

126 2598 159 2653 et
181 2587 278 2653 asiaco
312 2615 342 2654 a.
366 2609 399 2653 v.
428 2594 466 2653 11
493 2615 509 2647 a
537 2589 616 2653 Non
637 2583 792 2651 indueris
809 2583 1008 2649 vestimento
1022 2585 1116 2674 qnod
1131 2608 1173 2653 ee
1193 2587 1276 2655 lana
1299 2590 1437 2680 linoque

126 2691 412 2782 {contextuml'est
433 2720 463 2760 ».

455 2893 510 2954 27.
536 2889 606 2953 Lea
629 2884 672 2952 de
693 2883 840 2974 finitriis
862 2887 963 2951 Dent.
990 2891 1104 2967 2212.

168 3059 253 3148 Arq.
280 3096 324 3107 -
351 3058 529 3148 Repetitur
549 3057 614 3139 lex,
641 3076 729 3145 quae
749 3057 849 3122 Num.
874 3059 973 3137 15,38
993 3054 1050 3143 (cl.
1072 3060 1123 3123 CN
1141 3081 1177 3147 p.
1198 3065 1261 3126 127
1277 3059 1346 3149 sq.)
1365 3059 1435 3128 dis·

100 3226 103 3233 .
124 3164 265 3231 tinctior
277 3185 382 3254 quarn
401 3164 438 3230 h.
454 3163 478 3232 l.
496 3163 635 3249 legitur.

168 3294 201 3338 v.
225 3277 266 3337 12
289 3298 305 3332 a
333 3269 518 3338 Feniculos
539 3269 589 3359 [in
604 3266 762 3359 fimbriis]
774 3265 887 3356 facies
910 3288 974 3356 per
993 3281 1143 3358 quotam·
1168 3273 1313 3361 cnqzclos
1327 3273 1438 3364 pollii

124 3377 188 3458 tui,
208 3399 274 3466 quo
286 3377 447 3467 operieris
464 3404 493 3441 ».
513 3381 576 3444 Pro
592 3363 682 3469 urbm
698 3373 746 3441 ibi
761 3392 839 3441 nats
854 3377 888 3438 et
902 3361 989 3439 Sana.

126 3577 180 3636 28.
199 3572 268 3636 Lea·
292 3569 333 3636 de
347 3584 530 3660 neonupta,
547 3593 635 3661 quae
650 3584 811 3662 corrrcpto
831 3595 900 3639 esse
913 3573 1117 3663 affirmatur,
1139 3574 1238 3639 Dent.
1259 3578 1431 3654 sala-21.

169 3741 253 3828 Arq.
272 3776 317 3788 -
334 3738 391 3805 Vir
406 3741 434 3806 si
455 3745 529 3828 post
548 3741 699 3829 primum
716 3762 794 3809 eum
810 3763 913 3808 uxore
925 3740 1147 3809 concubitum
1161 3741 1259 3809 illam
1283 3741 1434 3810 declara-

124 3846 212 3913 verit
231 3867 252 3912 a
271 3867 306 3912 se
331 3850 503 3934 repertam
522 3867 592 3912 esse
615 3869 687 3913 nou
705 3869 777 3914 esse
794 3848 981 3935 virginem,
999 3853 1159 3938 parentes
1179 3849 1354 3937 proferent
1367 3848 1435 3915 sin·

123 3951 247 4019 donem
271 3951 309 4018 in
332 3950 392 4018 illo
415 3951 598 4019 concubitu
620 3952 711 4020 filiae
730 3953 899 4040 sanguine
918 3955 1135 4022 maculatam.
1156 3958 1228 4032 Qua
1249 3976 1363 4021 coram
1380 3978 1432 4031 se-

123 4057 279 4125 nioribus
301 4057 447 4126 civitatis
470 4057 620 4126 exhibita
650 4060 793 4128 maritus
816 4082 930 4128 severe
959 4059 1245 4152 reprehendatur,
1272 4068 1314 4129 50
1342 4061 1433 4131 siclis

122 4165 317 4247 mulctetur,
334 4166 489 4255 privetur
502 4167 577 4233 iure
592 4167 707 4234 uxoris
721 4167 958 4257 postmodum,
979 4189 1221 4259 quamcunque
1236 4173 1432 4258 praetexue-

122 4271 166 4338 rit
189 4294 337 4354 causam,
360 4271 596 4340 dimittendae.
622 4273 655 4338 Si
675 4295 756 4341 vero
783 4273 908 4342 mulier
929 4274 1209 4365 deprehendatur
1227 4275 1329 4343 luisse
1356 4299 1431 4345 cor-

124 4385 233 4467 rupta,
247 4401 359 4470 poena
373 4379 543 4470 plectatur
558 4378 810 4463 adulterarum,
825 4402 871 4448 sc.
890 4380 1111 4472 lapidatione.

168 4487 250 4550 Cum
271 4509 349 4555 usus
370 4486 429 4553 ille
443 4486 597 4553 sindonis
612 4486 838 4577 proferendae
851 4510 914 4577 pro
933 4494 1139 4575 argumento
1153 4495 1306 4557 servatae
1323 4489 1430 4574 virgi-

123 4589 239 4657 nitatis
258 4593 445 4660 etiamnum
466 4593 560 4684 apud
583 4593 698 4685 plures
717 4593 814 4662 Asiae
829 4594 1010 4663 anterioris
1024 4602 1057 4664 et
1082 4595 1214 4663 Alrieae
1230 4594 1428 4685 septentrio-

123 4695 210 4763 nalis
237 4699 380 4788 populos
398 4700 611 4784 observetur,
633 4701 693 4792 qui
716 4702 769 4769 vix
793 4724 911 4770 omnes
929 4703 1077 4793 supponi
1095 4708 1238 4791 possunt
1257 4701 1356 4767 illum
1385 4700 1429 4768 ab
