3366 5346
431 280 554 325 euacua
578 279 780 323 wunnerusau
803 277 840 322 nn
861 264 962 324 naun
975 282 1164 329 rurureamo.
1419 272 1456 330 37

143 418 247 485 losiae
267 422 410 482 mortem
434 416 548 481 locum
577 411 779 493 habuerint;
806 435 884 480 curn
908 413 1016 500 igilur
1037 416 1188 484 absurda
1211 418 1254 484 sit
1278 441 1358 485 vera
1380 424 1457 487 ante

144 530 301 592 eventum
323 523 517 612 prophetia,
540 523 698 608 oportere
718 519 804 586 haec
827 521 953 609 scripta
976 544 1047 589 esse
1067 530 1144 613 post
1164 524 1267 591 losiac
1287 531 1456 615 tempora,

142 636 216 722 post
231 628 385 697 exsilium
401 627 660 714 babylonicum.
671 630 807 707 Verum,
825 627 960 693 etiamsi
974 628 1052 718 quis
1064 632 1360 697 rationalistarum
1374 631 1458 717 dog·

142 759 199 804 ma
220 726 434 826 profiteatur,
455 732 702 823 impossibilem
725 754 794 799 esse
815 733 1047 822 prophetiam,
1069 759 1140 804 non
1164 737 1241 805 idco
1262 737 1316 803 illi
1336 739 1389 805 ius
1409 742 1459 805 est

142 845 229 910 haec
254 843 366 932 capita
390 841 583 930 repudiare.
607 843 744 905 Constat
767 840 896 928 quippe
920 842 1078 908 extremis
1102 865 1224 930 regum
1244 845 1459 933 temporibus

142 950 245 1016 luisse
262 949 355 1039 apud
373 947 516 1015 ludaeos
530 946 717 1035 prophetas
731 950 765 1011 et
779 946 1113 1037 pseudoprophetas;
1139 950 1289 1016 edebant
1308 952 1460 1041 prophe-

143 1055 208 1124 tias
226 1055 263 1121 hi
282 1062 316 1122 et
329 1055 398 1136 illi;
417 1055 580 1143 scripsere
595 1052 713 1142 plures
730 1052 930 1140 prophetias
943 1054 1007 1137 illi,
1022 1056 1187 1145 scripsere
1200 1058 1339 1123 fortasse
1356 1059 1460 1123 etiam

144 1162 194 1245 hi,
215 1162 294 1229 licet
311 1162 355 1228 ad
376 1183 437 1227 nos
456 1161 521 1227 hae
541 1181 610 1225 non
630 1160 697 1224 sint
718 1157 863 1240 delatae,
888 1159 979 1247 quod
1001 1160 1049 1248 pii
1074 1161 1192 1229 ludaei
1213 1185 1269 1229 eas
1284 1162 1460 1230 destruxe-

144 1269 223 1335 rint.
243 1269 433 1358 Prophetae
446 1266 575 1357 populo
596 1265 885 1355 praenuntiabant
903 1265 1017 1333 felicia
1032 1290 1189 1358 quaeque
1204 1269 1341 1336 foedere
1359 1271 1460 1337 lahve

144 1379 289 1457 servato,
314 1374 457 1441 adversa
483 1394 640 1463 quaeque
660 1371 783 1438 eodem
805 1372 973 1458 neglecto.
1002 1375 1326 1464 pseudoprophetae
1341 1374 1462 1444 foedus

144 1481 248 1549 lahve
261 1481 358 1570 parvi
373 1479 562 1561 faciebant,
580 1478 722 1545 foedera
738 1484 932 1545 exterarum
947 1481 1128 1548 nationum
1144 1481 1459 1550 commendabant:

143 1587 286 1678 popule,
309 1587 369 1676 qui
384 1587 468 1653 haec
483 1586 627 1668 iniisset,
646 1586 756 1650 fausta
771 1606 942 1674 quaeque,
961 1586 1021 1676 qui
1034 1587 1260 1677 repudiasset,
1280 1589 1376 1655 triste
1396 1588 1464 1655 exi-

142 1695 228 1762 tium
243 1693 532 1760 vaticinabantur.
551 1696 655 1758 Erant
665 1713 748 1777 ergo
763 1691 965 1780 prophetiae
981 1693 1128 1759 invicem
1145 1693 1338 1784 peremnia
1357 1717 1463 1784 oppo-

142 1799 226 1869 sitae
248 1824 255 1865 :
276 1799 372 1888 quod
385 1798 448 1865 ubi
462 1799 575 1865 locum
595 1797 714 1878 habet,
733 1802 844 1886 potest
856 1798 1067 1888 quandoque
1082 1800 1248 1868 alterutra
1268 1802 1460 1890 prophetia,

144 1906 279 1975 etiamsi
297 1911 420 1972 neutra
443 1928 464 1970 a
488 1909 555 1971 Deo
578 1903 691 1969 indita
713 1903 768 1983 sit,
792 1904 943 1992 impleri.
970 1909 1088 1971 Nonne
1113 1928 1167 1972 rcs
1185 1907 1310 1974 harum
1335 1907 1463 1974 similes

144 2013 233 2080 fiunt
246 2011 280 2078 in
295 2011 445 2079 consiliis
462 2031 584 2098 regum
605 2015 638 2076 et
652 2009 892 2098 parlamentis
909 2012 992 2076 dum
1007 2033 1077 2077 una
1091 2034 1173 2100 pars
1188 2011 1328 2102 aliquod
1343 2013 1463 2080 foedus

143 2118 268 2186 acriter
287 2116 451 2198 obtrudit,
469 2117 578 2183 altera
593 2115 686 2182 idem
701 2115 844 2205 respuit,
859 2120 1004 2205 utraque
1020 2116 1049 2182 si
1064 2139 1127 2184 sua
1139 2119 1280 2184 consilia
1293 2118 1463 2208 recipian-

144 2231 200 2292 tur
225 2223 361 2292 felicem
383 2243 590 2305 successum,
614 2223 642 2288 si
666 2222 891 2308 negligantur
912 2221 1122 2310 reipublicae
1148 2225 1282 2291 ruinam
1310 2225 1459 2309 divinat,
1529 2301 1532 2307 ,
1628 2227 1632 2231 ’

144 2331 311 2399 alterutra
330 2328 516 2418 aliquando
539 2350 620 2395 vera
639 2329 897 2417 praenuntiasse
919 2335 1045 2395 eventu
1066 2331 1333 2419 comprobatur?
1354 2337 1463 2410 Quare

143 2460 239 2504 exeo
259 2459 347 2518 uno,
370 2434 464 2526 quod
485 2434 616 2524 aliquid
645 2433 929 2522 praenuntiatum
950 2437 1115 2514 evenerit,
1134 2459 1206 2503 non
1228 2437 1383 2527 sequitur
1401 2438 1463 2505 ha-

144 2544 218 2610 beri
233 2565 348 2610 veram
362 2542 595 2632 prophetiam,
611 2541 677 2606 uisi
692 2561 752 2606 eac
768 2540 880 2605 adsint
894 2541 1183 2623 circumstantiae,
1202 2566 1290 2632 quae
1306 2566 1379 2610 rem
1394 2566 1463 2610 non

145 2649 218 2716 sine
241 2655 308 2716 Deo
333 2646 573 2739 praenuntiari
600 2647 749 2736 potuisse
770 2645 1019 2712 demonstrent.
1046 2652 1111 2714 Nos
1131 2648 1334 2738 prophetias
1360 2654 1396 2714 V,
1423 2655 1458 2716 T.

145 2754 356 2822 admittimus
369 2777 441 2822 non
456 2753 501 2820 ob
516 2752 585 2820 sola
599 2775 674 2841 cap.
693 2759 734 2818 29
746 2774 797 2840 sq.
813 2752 952 2818 seorsim
965 2757 1129 2842 spectata,
1148 2753 1207 2819 sed
1220 2760 1363 2844 propter
1375 2755 1461 2821 alias

143 2862 309 2953 plurimas
327 2861 499 2951 imprimis
515 2860 557 2926 de
577 2859 698 2926 messia
718 2859 932 2948 prophetias,
958 2859 1085 2948 quibus
1102 2860 1391 2949 praenuntiantur
1410 2866 1461 2927 tot

142 2973 281 3060 tamque
308 2968 432 3035 diversi
459 2971 600 3034 eventus
620 2967 739 3046 futuri,
765 2965 825 3054 qui
850 2967 920 3032 sive
946 2967 1049 3032 simul
1071 2967 1141 3032 sive
1167 2967 1307 3033 seorsim
1332 2967 1461 3056 sumpti

143 3075 240 3142 nulla
266 3076 418 3142 humana
444 3073 630 3160 sagacilate
659 3072 835 3161 praenosci
861 3079 1029 3161 poterant.
1061 3072 1185 3152 Quodsi
1211 3096 1292 3139 vero
1320 3072 1459 3139 seorsim

142 3183 403 3273 perpendantur
415 3187 510 3248 Deut.
525 3187 566 3246 29
579 3202 644 3269 sq.,
659 3201 728 3245 non
740 3184 884 3268 apparet
894 3179 982 3245 ratio
996 3179 1209 3261 affirmandi,
1225 3203 1295 3246 non
1306 3171 1460 3269 ‘potuisse

143 3289 247 3356 ctiam
259 3290 302 3356 dc
316 3289 426 3355 causis
436 3309 529 3353 merc
544 3286 761 3354 naturalibus
774 3285 861 3367 fieri,
880 3290 917 3351 ut
930 3292 1071 3352 eventus
1086 3292 1288 3353 consonaret
1303 3286 1354 3367 iis,
1370 3308 1459 3374 quae

142 3397 278 3463 fuerant
298 3397 550 3485 praenuntiata.
575 3392 749 3459 lmmerilo
774 3392 881 3478 igitur
907 3392 1029 3458 Wellh.
1056 3398 1152 3459 Deut.
1177 3398 1219 3457 29
1243 3415 1293 3481 sq.
1322 3397 1456 3458 alleut.

140 3503 348 3592 primigenio
370 3501 541 3583 eliminat3
564 3499 736 3566 immerito
763 3499 846 3566 item
868 3521 944 3588 cap.
969 3505 1023 3580 28,
1049 3498 1142 3587 quod
1167 3497 1285 3587 utique
1307 3503 1357 3564 est
1378 3520 1459 3587 per-

143 3630 248 3696 quam
269 3608 372 3674 ailina
394 3630 469 3698 cap.
493 3614 535 3673 29
556 3629 607 3696 sq.
631 3607 801 3696 Expungit
821 3611 1000 3695 praeterea
1023 3627 1100 3693 cap.
1126 3611 1181 3687 27,
1207 3606 1299 3694 quod
1322 3609 1459 3671 contex-

143 3719 217 3780 tum
231 3714 481 3802 interrumpere
493 3736 557 3780 nos
576 3736 713 3802 quoque
733 3713 924 3778 sentimus·

110 3865 113 3870 -
189 3824 307 3887 Censet
321 3819 429 3905 igitur
445 3820 588 3901 Wellh.,
612 3825 798 3908 antequam
819 3824 976 3884 nostrum
992 3822 1087 3885 Dent.
1109 3823 1389 3908 componeretur,
1405 3840 1459 3884 ex·

142 3926 264 3993 stitisse
281 3926 383 3994 unius
397 3925 618 4016 eiusdemque
633 3932 743 3992 textus
758 3924 843 3990 duas
857 3925 985 3991 formas
999 3925 1188 4014 plurimum
1205 3924 1357 3991 diversas
1368 3924 1460 3990 inter

141 4054 176 4099 se
193 4054 201 4100 :
223 4055 341 4114 unam,
359 4055 447 4123 quae
460 4032 563 4123 capiti
579 4039 621 4098 26
637 4031 834 4097 immediate
849 4031 1009 4118 iungeret
1022 4053 1097 4122 cap.
1114 4037 1173 4115 27;
1192 4030 1338 4113 alteram
1354 4051 1455 4120 quae,

142 4139 253 4229 capite
269 4146 312 4206 27
332 4139 468 4224 omisso,
490 4139 595 4228 capiti
614 4144 657 4203 26
679 4137 877 4204 immediate
898 4137 1058 4224 iungeret
1083 4160 1158 4227 cap.
1183 4143 1298 4205 28-30.
1317 4142 1454 4221 Verum,

143 4268 221 4312 cum
243 4252 405 4328 26,16·19
432 4251 523 4313 certe
553 4267 623 4310 nen
646 4244 689 4310 sit
712 4244 902 4326 conclusio,
932 4243 1141 4334 subscriptio
1166 4243 1221 4311 vel
1246 4243 1458 4312 continuatio

142 4351 323 4442 pericopae
343 4375 420 4442 cap.
442 4358 631 4434 5,1-26,15,
657 4373 745 4440 quae
766 4350 898 4438 (iudea
922 4354 1010 4437 121)
1032 4356 1080 4418 est
1098 4352 1212 4418 nudus
1234 4352 1351 4438 legum
1367 4353 1455 4418 clen-

145 4459 241 4541 ehus,
257 4459 339 4525 dum
355 4465 518 4537 natu-19
532 4462 582 4524 est
597 4457 639 4523 de
657 4457 796 4523 loedere
812 4456 929 4547 aliquo
944 4457 1130 4524 sanciendo
1148 4480 1155 4527 :
1178 4481 1298 4547 reapse
1313 4458 1461 4524 habetur

144 4562 258 4631 hiatus
270 4588 340 4632 non
352 4566 474 4648 solum,
491 4564 585 4654 quod
600 4563 722 4630 Wellh.
741 4563 911 4646 concedit,
929 4563 1020 4631 inter
1035 4587 1110 4654 cap.
1128 4571 1170 4630 27
1187 4570 1220 4629 et
1233 4570 1287 4644 28,
1303 4563 1363 4627 sed
1377 4562 1459 4625 item
1520 4628 1524 4633 ,

145 4669 236 4737 inter
254 4677 355 4758 26,15
377 4678 483 4739 et1u.
511 4675 583 4738 Non
606 4670 780 4738 habentur
795 4671 863 4737 duo
880 4676 990 4738 textus
1010 4669 1168 4760 paralleli
1193 4691 1267 4756 rap.
1295 4673 1337 4731 26
1355 4687 1405 4754 sq.
1427 4669 1461 4731 et
