3366 5346
438 299 484 360 to.
509 316 564 359 rex
586 317 624 360 ns
645 315 787 361 acciaens
809 315 919 363 rasoro
942 316 950 359 :
974 316 1065 361 naar.
1090 302 1159 374 21st
1182 317 1246 370 sao.
1440 304 1498 361 389

184 459 349 527 inlocum
364 458 416 526 sui
431 479 568 525 vaccam
588 457 769 540 sufficiant,
784 460 936 548 haecque
952 459 1092 526 demum
1108 481 1226 526 verum
1244 460 1429 527 occisorem
1444 484 1498 528 re·

167 581 171 594 ·
185 571 391 657 praesentat.

227 680 294 739 Η
314 675 359 738 Et
377 669 637 762 respondebunt,
657 671 760 738 veluti
780 672 825 738 ad
844 673 1109 754 accusationem,
1124 701 1140 734 ι(
1164 685 1196 740 et
1209 672 1324 740 dicent
1339 695 1352 739 .·
1373 677 1498 741 Manus

182 790 317 846 nostrae
336 800 405 844 nan
425 776 624 869 effuderunt
641 777 844 868 sanquinem
866 778 970 860 irinc,
987 802 1048 846 nec
1070 779 1164 846 acidi
1182 778 1341 845 viderunt
1353 808 1382 846 n.
1399 785 1438 848 nt
1452 781 1500 847 al-

181 885 372 975 loquuntur
385 884 530 953 lahven:
548 906 581 949 v.
596 871 647 951 8²«
666 884 841 975 Propitius
856 897 924 953 esto
936 885 1066 976 papula
1082 898 1139 952 tuo
1155 884 1272 971 lsrael,
1289 907 1389 975 quem
1404 887 1498 953 rede-

182 991 287 1075 misti,
305 990 462 1072 Domine,
481 1002 512 1058 et
531 1013 573 1057 nc
593 1003 729 1082 reputes
743 991 945 1081 sanquinem
964 988 1180 1059 innocentem
1198 991 1235 1058 in
1249 990 1361 1058 medio
1376 993 1500 1083 populi

182 1099 235 1165 tui
248 1097 367 1165 lsrael.
386 1100 431 1164 lt't
449 1098 629 1186 auferetur
649 1097 691 1165 ab
711 1097 759 1165 eis
778 1111 892 1166 reatus
908 1100 1087 1189 sanquinis
1105 1127 1136 1180 »,
1153 1120 1185 1164 v.
1204 1107 1223 1167 9
1244 1127 1260 1159 a
1281 1111 1318 1165 tu
1334 1111 1448 1166 autem
1465 1127 1495 1186 n,

181 1205 293 1294 inquit
315 1210 430 1272 orator
450 1204 494 1271 ad
514 1204 680 1272 Hebraeos
706 1205 911 1288 universim,
941 1233 957 1267 a
982 1205 1115 1272 alienus
1145 1205 1210 1272 eris
1239 1207 1281 1271 ab
1309 1204 1499 1273 innocentis

182 1334 310 1394 errrore,
328 1312 391 1401 qui
406 1312 507 1400 susus
521 1323 585 1393 est,
607 1333 683 1377 curn
699 1312 817 1400 securi
834 1311 930 1402 qrrod
939 1311 1118 1402 praecepit
1135 1310 1344 1379 Dominus».
1360 1314 1463 1380 Hebr.
1488 1334 1496 1380 ε

181 1418 276 1507 arrad
289 1430 417 1485 rectum
429 1419 523 1485 estin
534 1416 753 1486 oculislaiue
770 1417 826 1509 (cf.
844 1419 950 1506 6,18).

334 1647 386 1708 17.
412 1638 546 1706 Laude
570 1641 708 1730 captiva
732 1639 889 1708 ducenda
912 1663 1018 1707 errore
1039 1643 1136 1707 Dent.
1163 1645 1340 1722 erno-n.

225 1837 309 1923 Arq.
327 1873 372 1885 —
397 1839 461 1901 Lex
483 1835 644 1902 statuitur
663 1836 701 1902 in
720 1837 873 1903 favorem
895 1836 1048 1902 mulieris
1067 1835 1234 1925 captivae,
1253 1856 1357 1925 quam
1380 1839 1500 1924 captor

181 1941 355 2008 Hebraeus
367 1934 514 2008 vol'uerit
528 1941 653 2009 ducere
673 1964 827 2008 uxorem.
846 1942 1059 2009 concedatur
1072 1942 1104 2009 ei
1120 1941 1255 2022 mensis,
1271 1963 1340 2030 quo
1355 1963 1432 2009 suos
1448 1942 1499 2009 lu·

180 2052 260 2134 gent
275 2053 308 2113 et
322 2054 490 2115 assuescat
505 2047 594 2114 vitae
608 2048 645 2114 in
664 2048 767 2115 domo
784 2047 915 2115 domini
929 2048 998 2130 sui;
1016 2048 1096 2115 dein
1111 2053 1369 2115 consummetur
1382 2048 1499 2114 matri-

181 2155 352 2237 monium;
369 2154 398 2220 si
417 2160 536 2244 postea
554 2153 717 2222 dominus
731 2155 882 2223 noluerit
900 2176 976 2222 eam
992 2153 1139 2222 retinere
1154 2176 1307 2237 uxorem,
1323 2155 1431 2222 amice
1447 2153 1497 2221 di-

181 2261 337 2328 mittatur
355 2259 394 2327 in
408 2260 615 2328 libertatem.

225 2367 389 2454 Agiturv.
414 2373 454 2434 10
468 2367 511 2434 de
526 2367 616 2434 bello
632 2373 753 2435 contra
770 2368 885 2435 hostes
906 2389 976 2434 non
989 2368 1208 2434 chananaeos
1222 2366 1320 2448 inito,
1339 2388 1414 2433 cum
1438 2389 1498 2434 ne·

181 2474 230 2540 tas
241 2474 344 2540 suerit
359 2473 446 2562 (7,3)
457 2473 672 2541 chananaeas
684 2474 845 2542 mulieres
859 2474 998 2542 ducere.
1012 2478 1082 2539 Non
1093 2478 1208 2540 tamen
1222 2473 1295 2540 solo
1311 2473 1417 2549 verbo
1431 2489 1496 2538 usn

183 2578 238 2666 (cf.
262 2583 358 2644 Num.
388 2584 475 2665 tus)
498 2579 655 2658 efficitur,
672 2579 729 2665 agi
755 2579 797 2645 de
823 2601 894 2645 non
918 2579 1135 2645 chananaeis.
1154 2603 1185 2645 v.
1207 2587 1246 2645 10
1263 2607 1278 2639 «
1295 2580 1336 2645 Si
1345 2602 1498 2667 eqressns

177 2684 291 2773 fueris
305 2683 353 2750 ad
359 2706 514 2774 pitanam
525 2696 643 2750 cantra
654 2684 811 2752 inimicos
827 2697 915 2765 tuos,
927 2697 960 2751 et
970 2684 1152 2751 tradiderit
1167 2707 1221 2751 cos
1235 2684 1399 2750 Dominus
1410 2688 1498 2750 Deus

182 2803 260 2857 turis
272 2791 309 2855 in
324 2811 432 2856 manu
448 2802 521 2874 tua,
540 2789 759 2882 captiuosque
778 2789 917 2858 duxeris
932 2818 964 2872 n,
978 2813 1010 2856 v.
1029 2797 1067 2858 11
1086 2818 1102 2851 a
1115 2802 1148 2856 et
1166 2789 1292 2856 videris
1305 2790 1343 2856 in
1357 2813 1498 2857 numero

181 2898 395 2987 captiuorum
415 2896 594 2975 mulierem
608 2897 794 2988 pulchram
816 2910 849 2967 et
868 2896 1084 2964 adamaveris
1099 2919 1189 2980 eam,
1205 2897 1419 2986 voluerisque
1435 2880 1515 2965 ira-⁴

181 3006 257 3069 bere
272 3026 413 3070 risorem
435 3030 465 3088 n,
487 3026 519 3070 v.
545 3009 585 3070 12
600 3031 615 3065 u
639 3003 834 3072 introduces
856 3025 932 3071 eam
947 3003 985 3071 in
1000 3002 1139 3070 domum
1153 3016 1259 3070 trram.
1284 3005 1377 3085 Quae
1401 3002 1499 3070 radet

181 3109 376 3193 caesariem,
395 3121 427 3176 et
440 3108 663 3177 circumcidet
677 3132 809 3200 unques
824 3138 856 3193 n,
873 3133 905 3177 v.
921 3117 992 3178 13«
1015 3122 1048 3176 et
1064 3108 1210 3201 deponet
1223 3121 1359 3193 vestem,
1378 3110 1414 3176 in
1429 3130 1499 3199 qua

181 3229 282 3306 capta
307 3229 367 3300 est,
389 3214 575 3307 sedensque
595 3217 632 3283 in
651 3216 751 3284 domo
771 3229 831 3284 tua
849 3216 948 3306 flebit
968 3229 1102 3308 patrem
1128 3228 1161 3283 et
1183 3230 1328 3283 matrem
1348 3238 1446 3283 suam
1464 3243 1495 3298 »,

181 3323 272 3390 bello
291 3324 513 3413 interemptos
530 3323 587 3391 vel
605 3325 725 3414 procul
745 3324 897 3407 abactos,
918 3354 933 3385 α
956 3346 1024 3390 uno
1044 3345 1159 3389 mense
1179 3328 1298 3390 ».1)u0
1320 3323 1405 3389 haec
1425 3323 1497 3388 cvi-

181 3430 303 3497 denter
317 3430 512 3496 intendunt.
531 3431 696 3511 Primum,
712 3436 750 3497 ut
764 3429 901 3520 captiva
920 3428 1070 3496 suaviter
1084 3434 1311 3517 praeparetur
1325 3427 1369 3493 ad
1383 3428 1497 3493 uxoris

181 3535 217 3600 in
236 3535 340 3600 domo
362 3535 510 3624 captaris
532 3535 789 3603 conditionem:
809 3557 916 3625 quare
934 3535 970 3601 in
992 3534 1131 3600 domum
1156 3533 1353 3599 introducta
1367 3537 1496 3599 vestem

181 3640 385 3729 captivitatis
402 3645 456 3730 (la.
474 3643 563 3726 3,2t)
580 3641 684 3710 exuit.
703 3642 909 3725 Secundum,
929 3646 966 3707 ut
980 3639 1026 3707 ad
1041 3661 1116 3707 eam
1134 3638 1366 3706 conditionem
1386 3644 1497 3706 trans-

181 3751 236 3812 eat
258 3767 336 3811 cum
364 3767 462 3812 mora
491 3747 623 3836 aliqua,
653 3770 722 3836 qua
752 3753 784 3814 et
813 3748 887 3837 ipsa
910 3768 992 3814 suos
1020 3767 1137 3812 sensus
1164 3750 1362 3836 componat,
1389 3751 1423 3812 et
1446 3745 1498 3812 vir

182 3851 297 3941 (Philo
316 3873 322 3918 :
340 3857 386 3918 lte
401 3851 556 3941 caritate)
572 3852 722 3920 suumin
737 3875 812 3920 eam
828 3853 950 3944 probet
965 3852 1126 3920 affectum
1141 3872 1148 3918 :
1166 3851 1247 3918 hinc
1261 3851 1401 3918 mulieri
1409 3865 1497 3917 ‘con-

181 3958 315 4026 ceditur
328 3958 454 4026 mensis
477 3958 522 4026 ad
544 3958 713 4046 lugendos
734 3964 868 4049 ereptos
890 3964 1062 4050 parentes,
1081 3962 1215 4024 tantum
1237 3963 1372 4055 tempus
1393 3979 1499 4046 quan-

181 4071 255 4131 tum
288 4063 395 4130 luctui
425 4064 604 4130 hominum
633 4063 779 4131 maxime
807 4063 1000 4151 insignium
1034 4061 1305 4144 concedebatur;
1336 4061 1499 4152 idemque

180 4171 339 4237 videntur
352 4175 506 4260 spectare
518 4170 671 4261 praecisa
687 4192 785 4237 coma
799 4175 833 4237 et
846 4192 980 4258 ungues
996 4169 1075 4260 (los.
1095 4172 1146 4236 lV.
1161 4175 1193 4236 8.
1212 4175 1272 4252 233
1288 4169 1438 4258 Βοηρκ)Ι
1453 4174 1498 4236 De

182 4278 350 4364 unguium
370 4277 512 4366 quidem
530 4277 739 4367 praecisione
762 4277 853 4343 nihil
871 4298 969 4345 secus
994 4274 1164 4343 habemus
1182 4281 1413 4364 compertum,
1437 4275 1496 4342 sed

182 4384 349 4450 coniicere
374 4385 425 4450 fas
445 4389 505 4466 est,
524 4383 667 4451 eandem
684 4383 787 4450 tuisse
811 4383 963 4450 indolem
987 4380 1296 4473 praecidendarum
1323 4381 1494 4469 unguium

182 4491 285 4575 atque
305 4491 478 4578 praecisae
500 4512 630 4559 comae.
648 4495 735 4558 llaec
752 4496 868 4557 autem
888 4488 982 4581 apud
1000 4487 1171 4556 Hebraeos
1195 4488 1308 4555 luctus
1326 4486 1494 4554 indicium

182 4598 268 4677 erat,
294 4600 430 4683 praeter
450 4601 653 4682 Nazaraeos,
678 4596 816 4688 quando
843 4618 977 4664 comam
1001 4601 1068 4663 Deo
1092 4601 1319 4662 consecratam
1340 4593 1493 4681 depone-

182 4699 278 4766 bant.
307 4699 402 4768 Aliae
425 4724 513 4791 quae
531 4705 751 4794 proferuntur
772 4703 1012 4794 explicationes
1039 4700 1261 4792 speciosiores
1285 4704 1364 4765 sunt
1388 4719 1492 4787 quam
