3366 5346
188 321 248 380 lul
423 336 426 345 ·
640 333 873 380 COLLECTAMEUM
896 333 1052 381 sannaus.

187 471 341 560 primum
356 469 509 536 nativum
525 468 597 535 eius
616 469 726 536 tribus
739 490 875 549 nomen,
893 490 981 558 quae
1001 468 1098 536 atzoti
1115 468 1279 548 consedit,
1302 474 1408 558 atque
1426 467 1509 537 inde

187 577 230 644 ad
246 576 398 665 reliquas
418 575 495 641 illas
516 574 625 641 tribus
647 575 832 658 transierit,
851 582 888 642 ut
910 575 979 642 iam
995 575 1048 641 illi
1063 597 1180 642 omnes
1199 575 1339 642 nomine
1361 581 1509 644 Mamzer

187 683 430 770 gloriarentur,
450 681 512 770 qui
530 681 575 748 ab
593 681 754 748 Hebraeis
768 681 912 772 aliisque
930 680 1143 749 vocabantur
1157 680 1373 749 Philisthaei.

231 793 315 855 Cum
339 787 554 855 Philisthaeis
583 793 708 874 Moyses
732 811 804 856 non
828 795 876 855 est
897 810 1110 876 congressus,
1136 809 1191 855 eos
1217 787 1331 856 obiter
1355 811 1507 859 comme-

185 901 298 963 morat
322 899 377 961 Ex.
405 901 522 977 13,17;
542 900 658 977 l5,l'e;
684 918 754 963 non
781 901 866 976 erat,
890 917 952 963 eur
975 895 1091 984 Moysis
1119 899 1275 985 tempore
1300 895 1504 964 Philisthaei

186 1001 348 1069 Hebraeis
370 1005 479 1068 essent
500 1001 592 1068 exosi
611 1002 722 1088 magis
744 1002 849 1069 etiam
871 1022 976 1091 quam
997 1001 1152 1069 Idumaei
1177 1006 1210 1068 et
1231 1003 1404 1091 Aegyptii.
1426 1007 1507 1071 Erat

184 1114 299 1176 autem
322 1108 470 1197 plurima
489 1108 576 1174 ratio
603 1113 754 1175 extremo
777 1107 931 1176 iudicum
957 1130 1058 1188 aevo,
1086 1111 1248 1175 Samsone
1272 1107 1446 1198 imprimis
1469 1116 1504 1177 et

184 1213 340 1285 Samuele
366 1214 551 1299 iudicibus,
569 1214 708 1304 quando
731 1214 929 1282 Philisthaei
956 1215 1125 1282 Hebraeos
1153 1214 1355 1301 gravissime
1385 1217 1503 1306 oppri-

184 1322 340 1403 mebant;
358 1323 470 1388 minor
494 1321 581 1388 ratio
604 1327 754 1388 extremo
780 1320 889 1389 Saulis
913 1343 1037 1409 regno,
1063 1321 1202 1410 quando
1222 1320 1329 1388 David
1352 1321 1503 1412 hospitio

184 1429 471 1495 philisthaeorum
490 1428 671 1495 fruebatur
689 1424 734 1511 et,
755 1428 955 1517 quicunque
974 1449 995 1494 a
1016 1427 1119 1495 Saule
1138 1426 1279 1495 alienati
1303 1435 1412 1495 essent
1436 1433 1502 1496 He·

182 1536 291 1615 braei‚
308 1534 352 1601 ad
367 1534 529 1602 Davidem
548 1538 585 1600 in
600 1534 845 1601 Philisthaeam
865 1556 901 1600 se
921 1535 1146 1624 recipiebant.
1165 1538 1270 1600 Porro
1285 1540 1436 1602 extremo
1450 1536 1503 1602 iu-

182 1643 299 1710 dicum
315 1664 398 1719 aevo
412 1640 530 1708 azotii
547 1641 736 1730 primatum
756 1640 961 1708 obtinebant
975 1641 1199 1730 pentapoleos
1213 1640 1501 1710 Philisthaeorum

184 1750 214 1833 (1
241 1754 323 1836 Reg.
349 1754 423 1830 5,1;
449 1754 545 1829 o,17;
571 1748 614 1815 el.
642 1751 692 1816 CR
718 1770 753 1837 p.
782 1754 821 1814 'tl
851 1747 934 1836 sq.),
951 1753 990 1814 ut
1014 1745 1344 1815 facile'coneesseris
1370 1769 1501 1817 nomen

182 1860 335 1935 Mamzer,
352 1855 381 1920 si
399 1854 487 1921 illud
511 1854 663 1921 solorum
688 1855 840 1943 primum
864 1853 1060 1922 Azotiorum
1082 1853 1263 1944 proprium
1289 1852 1391 1921 luisse
1414 1876 1500 1945 sup-

181 1969 341 2051 ponatur,
366 1961 411 2028 ad
444 1983 561 2028 omnes
579 1966 654 2029 tum
677 1961 903 2028 Philisthaeos
931 1982 1002 2027 esse
1033 1966 1221 2027 extensum.
1243 1959 1389 2028 Aliunde
1414 1984 1448 2027 r.
1479 1969 1500 2029 8

181 2068 277 2135 haud
295 2069 432 2135 videtur
446 2067 516 2164 rim
536 2067 626 2154 legis
645 2067 815 2154 generalis
829 2066 980 2157 potuisse
995 2066 1164 2148 obtinere,
1182 2072 1367 2156 antequam
1386 2073 1402 2134 1
1421 2073 1497 2135 Par.

181 2180 260 2253 2‚3t
281 2197 333 2262 sq.
349 2180 444 2240 loraa
466 2196 584 2241 servus
605 2173 794 2262 Aegyptius
816 2174 926 2240 lactus
948 2178 998 2240 est
1021 2178 1126 2262 eaput
1147 2173 1326 2240 cuiusdam
1347 2173 1498 2241 familiae

181 2279 364 2345 hebraeae.

225 2389 348 2471 Legem
374 2384 505 2471 igitur,
518 2385 628 2475 qualis
658 2407 751 2453 nune
779 2389 846 2465 est,
873 2392 990 2452 natam
1018 2385 1135 2453 tribuo
1162 2392 1313 2453 extremo
1344 2386 1497 2454 iudicum

180 2513 276 2575 aeuo,
297 2490 410 2558 eidem
435 2512 484 2559 sc.
511 2492 675 2582 tempori,
700 2515 769 2583 quo
795 2491 896 2579 regni
918 2491 1120 2560 instituendi
1148 2492 1357 2559 desiderium
1388 2493 1498 2560 homi·

179 2619 263 2664 num
278 2598 411 2665 animos
428 2605 656 2689 occupaverat
674 2599 790 2688 (17,1t
806 2598 911 2690 sqq.).
927 2600 1007 2667 Dico
1023 2622 1030 2668 :
1049 2599 1162 2690 qualis
1175 2621 1267 2667 nune
1282 2604 1344 2667 est.
1364 2600 1495 2667 Etenim

178 2705 419 2772 indecentior.
440 2712 456 2772 1
480 2706 630 2773 eunuchi
651 2705 917 2773 circumcidendi
939 2704 1051 2796 potuit
1070 2705 1125 2773 vel
1144 2705 1219 2795 ipso
1239 2705 1397 2773 Abrabae
1413 2729 1496 2775 aevo

178 2811 307 2880 sentiri.
324 2814 518 2879 anathema
536 2813 571 2878 in
592 2813 804 2880 Ammonitas
825 2817 859 2879 et
872 2811 1035 2880 Moabitas
1053 2813 1126 2879 lere
1145 2812 1295 2879 debebat
1314 2814 1387 2903 ipso
1410 2835 1495 2881 aevo

178 2921 326 2986 mosaico
346 2919 442 3003 ferri,
462 2919 602 3008 quando
622 2941 740 2987 recens
759 2924 834 2986 erat
848 2925 1010 3008 acceptae
1030 2918 1178 2986 iniuriae
1200 2919 1383 3001 memoria;
1397 2919 1496 2986 simi·

178 3025 258 3090 liter
282 3024 450 3092 benevola
474 3025 517 3090 de
549 3023 717 3091 ldumaeis
739 3025 904 3092 iratribus
930 3032 964 3092 et
992 3024 1033 3091 de
1059 3025 1238 3114 Aegyptiis
1263 3026 1494 3093 Hebraeorum

177 3131 282 3197 sacris
296 3131 459 3198 accedere
479 3130 696 3221 cupientibus
713 3131 877 3198 clausula.
897 3131 963 3198 Sed
978 3154 1011 3197 v.
1033 3137 1091 3199 28
1105 3131 1220 3199 tribuo
1239 3132 1391 3200 iudicum
1409 3153 1495 3199 aevo

176 3237 342 3305 adfinem
360 3238 532 3325 vergenti;
549 3259 582 3305 v.
603 3236 727 3319 Sideo,
746 3239 825 3327 quia
846 3242 999 3326 tempore
1019 3242 1113 3304 leraa
1131 3237 1190 3305 ille
1212 3240 1333 3306 tertiae
1350 3260 1495 3326 genera-

177 3344 278 3411 tionis
294 3344 396 3411 limes
409 3343 562 3411 nondum
580 3343 718 3411 videtur
734 3340 895 3431 viguisse.

223 3454 306 3543 Cap.
323 3452 440 3519 XXIII
453 3473 485 3519 v.
505 3451 575 3542 1(2)
602 3480 617 3513 a
643 3454 722 3520 Nara
736 3451 879 3518 intrabit
901 3449 1110 3540 [erinacium
1133 3451 1260 3518 attritis
1284 3452 1350 3541 [ael
1369 3475 1494 3544 ampu-

177 3560 266 3648 tatis}
294 3558 456 3626 testiculis
475 3570 508 3625 et
536 3558 680 3626 abscisse
703 3571 845 3642 ceretro,
868 3557 1047 3626 ecelesiam
1074 3558 1216 3625 Deretini
1240 3586 1271 3624 ».
1297 3561 1400 3625 Hebr.
1426 3558 1494 3626 duo

175 3666 281 3732 habet
308 3669 386 3747 ἅπαξ
409 3672 590 3753 tempera:
619 3681 678 3729 aar
700 3666 754 3733 vel
784 3682 842 3729 aar
873 3664 1011 3754 (Sam),
1041 3665 1135 3753 quod
1164 3686 1289 3732 nomen
1313 3688 1352 3732 ex
1379 3671 1493 3754 etymo

175 3773 347 3860 signifieat
364 3771 590 3856 attritionem,
609 3777 642 3838 et
665 3785 757 3838 nanu
778 3794 799 3838 a
821 3785 904 3862 aare,
929 3770 1121 3862 effeendere,
1143 3772 1238 3861 quod
1259 3778 1401 3840 censent
1421 3793 1493 3839 esse

173 3902 308 3970 penem,
325 3880 383 3947 sed
404 3884 548 3969 possunt
566 3880 648 3945 item
663 3901 733 3944 esse
750 3877 901 3945 testiculi
915 3878 969 3945 vcl
981 3891 1144 3946 seratam.
1162 3883 1251 3965 Ergo
1270 3900 1277 3947 :
1293 3878 1492 3946 vulneratus·

177 3988 359 4056 obtritione
384 3999 416 4052 et
436 3985 615 4076 praecisus
635 3985 811 4052 testiculis.
837 3988 957 4052 LXX:
986 3994 1109 4067 θλαδίας
1135 3991 1201 4054 οὐδὲ
1231 3989 1488 4070 &sarsenatae

175 4098 256 4183 riq„
291 4094 425 4161 inverso
458 4091 578 4159 ordine
612 4111 619 4157 :
649 4102 833 4179 τραυματίας
865 4101 1041 4180 ἑπιτριμμεῦ
1076 4093 1109 4171 (ἱ)
1141 4093 1183 4159 cl.
1215 4090 1341 4181 Ft'eld).
1372 4093 1492 4183 Expri-

176 4205 316 4267 muntur
343 4199 412 4265 duo
435 4198 560 4267 diversi
586 4197 680 4264 modi
708 4198 921 4265 castrationis
949 4198 1151 4266 efficiendae
1182 4198 1300 4287 (Gai).
1327 4221 1360 4264 v.
1393 4205 1414 4265 2
1442 4199 1490 4289 (3)

177 4333 193 4367 «
215 4307 293 4372 Nare
314 4304 525 4394 inpredr'etur
548 4328 712 4387 mamzer,
729 4303 772 4394 [b.
795 4327 824 4374 e.
840 4303 889 4371 de
908 4318 1016 4372 scorto
1037 4305 1148 4393 natus]
1168 4305 1204 4371 in
1226 4304 1403 4372 ecelesiam
1422 4308 1492 4371 Do·

175 4413 275 4497 mini,
298 4434 403 4501 usque
427 4412 475 4478 ad
497 4411 666 4480 decimam
690 4411 948 4502 perterritionem
972 4441 1001 4478 ».
1028 4413 1092 4479 Sed
1117 4414 1218 4479 Hebr.
1247 4413 1297 4478 uti
1327 4435 1360 4479 v.
1382 4417 1492 4479 32ae

175 4521 309 4589 decima
329 4518 467 4610 quidem
488 4518 723 4608 peaeratieae,
740 4542 835 4607 ergo,
854 4519 905 4587 uti
928 4518 1134 4586 adscribitur
1159 4540 1191 4587 ν.
1219 4525 1287 4600 3.6,
1311 4518 1348 4585 in
1365 4518 1492 4610 sempi-

175 4643 320 4698 ternum.
335 4650 370 4698 v.
390 4634 408 4694 3
425 4627 471 4717 (t)
492 4654 507 4688 ι
527 4626 739 4693 Aramom'tes
754 4639 787 4692 et
802 4626 969 4693 Moabitas
987 4625 1091 4693 etiam
1111 4637 1188 4715 post
1203 4625 1374 4692 decimam
1387 4648 1492 4714 qene-

175 4738 344 4809 ratiartem
367 4757 438 4804 non
456 4735 634 4805 intrabant
654 4732 833 4802 ecclesiam
854 4731 1009 4815 Domini,
1032 4732 1071 4800 ia
1093 4745 1269 4810 aetermam
1295 4760 1327 4815 a,
1344 4738 1421 4809 ml
1440 4732 1490 4823 (5)
