3366 5346
691 315 778 360 rosus
801 316 838 360 ar
861 317 990 362 saunas.
1067 307 1071 315 '
1458 308 1495 365 Π

182 452 335 519 intulisse
353 450 473 537 Moysis
494 449 723 538 autographo.
745 454 825 517 Erat
844 450 932 518 illud
952 452 1146 519 necessario
1166 452 1326 542 pluribus
1344 455 1496 543 pellibus

183 565 242 626 aut
262 558 401 649 papyris
422 555 641 645 inscriptum
659 562 811 623 extrema
830 558 1027 647 paraenesis
1045 580 1153 627 unum
1175 560 1336 626 volumen
1357 561 1496 628 claude-

183 667 252 745 bat,
277 687 352 753 cap.
379 669 422 730 28
443 663 481 729 in
503 662 615 752 eapite
640 663 813 751 sequentis
837 664 1023 733 voluminis
1051 664 1266 744 ordiebatur3
1292 666 1384 733 inter
1412 668 1496 734 haec

182 772 249 838 duo
269 770 446 837 volumina
465 790 574 836 novae
592 768 833 837 inserebantur
852 771 1054 860 scripturae.

226 878 392 945 Iudicium
409 877 517 961 regni,
535 876 629 963 quod
644 874 736 941 nihil
752 882 839 943 esset
854 877 921 943 nisi
936 878 1183 947 collectaneum
1201 879 1344 967 aliquod
1365 879 1494 967 legum.

181 984 357 1075 aptissimo
383 983 457 1049 loeo
486 982 631 1049 inseruit
658 982 812 1065 Samuel,
839 991 992 1050 extremo
1023 1006 1070 1051 sc.
1098 984 1287 1074 pentalogo
1319 986 1498 1075 paraenesi

181 1098 297 1171 aucto,
327 1089 587 1179 inscriptionem
621 1088 724 1155 etiam
755 1095 831 1169 ¹2⁹¹
869 1091 1086 1157 conformans
1115 1090 1222 1157 initiis
1256 1091 1497 1181 pericoparum

182 1204 256 1279 5‚1;
284 1204 353 1277 6,1.
378 1201 483 1282 Leges
508 1194 691 1262 subnexuit
712 1194 867 1281 legibus3
893 1196 997 1263 simul
1019 1197 1148 1278 effecit,
1174 1205 1213 1264 ut
1240 1204 1273 1264 et
1303 1198 1498 1287 paraenesis

181 1305 301 1371 thorae
323 1309 410 1369 esset
429 1302 628 1369 collectanei
647 1302 853 1390 paraenesis
869 1308 904 1369 et
922 1303 1175 1371 henedictiones
1192 1310 1226 1371 et
1243 1303 1497 1371 maledictiones

181 1432 256 1499 cap.
274 1416 318 1476 28
334 1408 502 1476 scirentur
517 1407 555 1473 in
569 1404 770 1473 collectanei
786 1408 890 1475 etiam
906 1407 1141 1476 observatores
1156 1415 1191 1476 et
1204 1410 1497 1498 praevaricatores

182 1538 254 1583 esse
282 1516 383 1582 latae.
412 1513 521 1581 Verba
548 1518 661 1593 losuc,
687 1535 777 1602 quae
805 1513 918 1601 magis
946 1515 1065 1581 affinia
1091 1522 1171 1582 sunt
1198 1516 1493 1597 maledictionum,

181 1643 259 1688 cum
280 1622 333 1688 his
352 1619 531 1687 individue
549 1620 737 1687 cohaerent
759 1643 766 1688 :
792 1620 893 1710 plura
914 1643 948 1686 v.
964 1622 1001 1687 in
1023 1622 1282 1689 commentario.

226 1728 361 1795 Samuel
384 1727 631 1793 collectaneum
651 1726 807 1793 inserens
824 1726 944 1794 thorae
968 1728 1057 1795 illud
1079 1727 1293 1809 intendebat,
1313 1734 1351 1795 ut
1369 1750 1496 1818 oeperu-

182 1835 247 1901 lem
267 1833 472 1901 collectaneo
493 1855 571 1899 cum
588 1833 699 1919 thorn,
723 1832 771 1899 ad
790 1846 923 1922 tempus
941 1834 1076 1917 saltem,
1098 1833 1289 1901 vindicaret
1308 1835 1496 1901 actuorita-

182 1954 260 2007 tem.
277 1940 327 2007 hd
341 1946 490 2028 tempus,
505 1939 648 2027 inquam
659 1962 667 2019 ;
680 1940 820 2017 etenim,
833 1940 928 2027 quod
941 1941 986 2007 ab
999 1962 1068 2007 uno
1083 1941 1253 2029 propheta
1268 1940 1494 2019 inserebatur,

181 2070 251 2114 non
273 2052 323 2114 est
344 2067 405 2112 cur
423 2068 493 2111 non
514 2045 559 2111 ab
581 2044 649 2111 alio
671 2044 889 2134 postmodum
912 2047 1084 2135 propheta
1104 2053 1277 2113 annuente
1296 2052 1362 2113 Deo
1383 2053 1498 2136 posset

180 2153 349 2233 revocari;
366 2158 470 2241 atque
484 2152 725 2238 indulgentiae
739 2174 761 2217 a
777 2150 932 2218 Samuele
949 2152 987 2218 in
1000 2152 1135 2219 statutis
1149 2152 1303 2219 mosaicis
1320 2175 1496 2220 concessae

181 2281 299 2349 reapse
317 2258 415 2325 brevi
429 2264 506 2347 post
524 2258 641 2346 plures
655 2257 916 2324 revocabantur.
933 2262 1057 2324 Verum
1072 2258 1118 2323 ad
1130 2264 1266 2348 tempus
1279 2258 1347 2325 suis
1362 2259 1498 2345 legibus

179 2365 317 2433 Samuel
331 2363 515 2453 aequalem
535 2384 614 2429 cum
634 2363 734 2429 thora
753 2363 993 2430 auctoritatem
1012 2363 1221 2447 vindicabat,
1238 2364 1310 2431 imo
1330 2364 1495 2432 maiorem

180 2472 382 2539 auctoritate
408 2491 528 2537 earum
559 2469 679 2556 legum
710 2469 956 2551 mosaicarum,
988 2492 1077 2559 quae
1107 2493 1221 2559 neque
1254 2471 1354 2537 thora
1384 2494 1495 2560 neque

180 2578 262 2645 libri
285 2577 433 2645 foederis
455 2575 604 2642 sinaitici
624 2598 703 2665 pars
727 2582 850 2642 essent.
876 2576 1008 2643 Etenim
1030 2577 1279 2643 collectaneum
1302 2577 1494 2665 explicituri

181 2684 503 2762 demonstrabimus
519 2704 589 2749 non
602 2702 723 2747 omnes
741 2682 863 2769 Moysis
877 2682 972 2767 leges
993 2682 1127 2749 habitas
1146 2704 1217 2750 esse
1236 2683 1391 2771 aequalis
1405 2683 1495 2749 inter

129 2810 132 2814 ·
181 2812 215 2857 se
235 2789 457 2858 auctoritatis.

225 2903 378 2964 luserens
391 2920 496 2987 porro
511 2896 760 2962 collectaneum
775 2894 895 2961 thorae
910 2893 1043 2960 addidit
1062 2893 1200 2962 Samuel
1218 2894 1491 2984 inseript'zonem,

181 3026 269 3094 quac
293 3003 411 3090 legum
431 3024 550 3069 earum
575 3000 848 3068 observationem
870 3001 1072 3085 inculcaret,
1095 3022 1314 3090 nequaquam
1334 3000 1495 3089 proderet

180 3110 258 3199 quis
279 3132 335 3176 eas
356 3108 563 3175 inseruisset.
587 3112 639 3174 Sc.
664 3106 837 3174 novellam
863 3113 917 3185 ta,
934 3113 1017 3175 8-19
1040 3105 1245 3195 explicaturi
1265 3108 1492 3189 ostendemus,

180 3216 373 3284 Samuelem
394 3216 430 3281 in
451 3214 660 3282 collectaneo
681 3212 875 3295 inserendo,
898 3214 993 3300 leges
1012 3234 1089 3280 suas
1110 3212 1251 3280 nomine
1274 3215 1392 3301 Moysis
1411 3220 1445 3280 et
1459 3213 1495 3279 in

181 3344 328 3414 persona
346 3323 465 3408 Moysis
480 3323 680 3411 loquentem
700 3320 916 3408 prolocutum
936 3341 1019 3402 esse,
1039 3342 1107 3408 quo
1127 3319 1175 3386 eis
1194 3320 1374 3408 aequalem
1392 3327 1495 3409 atque

182 3429 317 3516 legibus
340 3428 384 3494 ab
411 3430 484 3517 ipso
505 3431 614 3514 lloyse
633 3426 734 3493 editis
756 3427 993 3493 auctoritatem
1014 3425 1225 3492 conciliaret.
1247 3425 1400 3492 Vicissim
1421 3433 1495 3492 acta

181 3536 346 3602 Samuelis
369 3533 578 3615 referebant,
603 3532 745 3622 aliquod
771 3531 937 3600 iudicium
960 3533 1057 3617 regni
1079 3531 1274 3598 Samuelem
1296 3533 1416 3598 thorae
1436 3531 1495 3597 ad·

181 3642 365 3730 scripsisse,
385 3641 451 3707 hoe
470 3639 636 3706 iudicium
657 3660 730 3705 esse
752 3639 866 3728 ipsum
886 3638 1134 3705 collectaneum
1155 3638 1352 3705 reticebant.
1370 3638 1494 3706 Collec-

181 3747 275 3815 tanei
294 3754 470 3836 praeterea
489 3747 583 3833 leges
600 3745 739 3834 aliquae
760 3746 810 3812 ita
824 3750 922 3812 eraut
938 3745 1175 3826 concinnatae,
1196 3750 1271 3813 ute
1294 3747 1413 3832 Moysis
1434 3769 1493 3813 ore

182 3854 353 3944 protectae
384 3876 456 3921 esse
488 3853 697 3920 viderentur.
729 3858 808 3919 Erat
839 3875 880 3919 ea
912 3852 1044 3919 occasio
1075 3852 1148 3919 eius
1177 3853 1254 3919 aevi
1283 3852 1357 3918 viro
1389 3853 1494 3921 alicui

181 3961 316 4028 critices
335 3960 459 4050 perito,
476 3967 514 4026 ut
530 3959 658 4049 scripta
677 3957 798 4025 notula
816 3958 1026 4047 explanaret,
1042 3958 1287 4027 collectaneum
1307 3959 1398 4025 istud
1415 3960 1493 4027 aliis

180 4068 452 4149 characteribus,
486 4066 553 4133 alio
585 4071 777 4132 atramento
808 4065 974 4155 scriptum
1005 4088 1077 4133 esse
1105 4088 1210 4156 quam
1240 4065 1394 4149 theram,
1425 4067 1493 4135 alio

180 4174 270 4253 stilo,
287 4173 417 4241 habere
432 4172 602 4261 quaedam
620 4193 711 4261 quae
730 4193 751 4238 a
768 4176 878 4260 Moyse
892 4172 1044 4262 profecta
1061 4195 1132 4239 esse
1152 4194 1223 4239 non
1243 4181 1389 4262 possent,
1403 4174 1493 4241 desi-

180 4280 295 4348 derari
319 4282 357 4347 in
383 4280 594 4370 apographis
619 4279 776 4346 Samuele
800 4279 1067 4369 antiquioribus
1096 4302 1166 4346 esse
1190 4281 1304 4369 ipsum
1327 4280 1492 4347 iudicium

180 4387 281 4474 regni
304 4411 325 4454 a
352 4387 507 4454 Samuele
534 4386 724 4453 eonditum.
751 4386 826 4471 Sed,
851 4386 955 4452 eheu!
980 4386 1120 4453 carebat
1147 4408 1270 4453 aevum
1296 4386 1388 4454 istud
1413 4388 1494 4452 viris

180 4493 318 4562 criticae
346 4493 479 4583 peritis,
504 4493 744 4582 comparandis
774 4492 1026 4559 characteribus
1057 4499 1090 4559 et
1120 4492 1207 4559 stilis
1237 4515 1306 4559 non
1333 4492 1489 4559 vacabat.

182 4604 230 4667 lta
247 4600 345 4667 brevi
366 4601 493 4667 lactum
516 4622 589 4667 csse
607 4599 754 4681 videtur,
773 4599 865 4689 quod
884 4604 1010 4665 natura
1031 4599 1107 4666 fieri
1128 4598 1258 4679 debuit,
1282 4610 1319 4664 ut
1338 4597 1491 4663 laomines

180 4705 461 4775 obliviscere-utut·
482 4706 728 4775 collectaneum
751 4729 818 4773 esse
841 4705 1028 4787 Samuelis,
1050 4729 1119 4772 non
1143 4727 1212 4772 esse
1234 4703 1372 4790 Moysis.
1396 4706 1491 4769 Certe
