3366 5346
562 1205 696 1264 Inscriptio
712 1203 808 1252 Therae
821 1204 894 1253 Dent.
910 1207 1014 1266 4,44-t9.

177 1555 262 1642 Arg).
282 1589 326 1602 —
345 1550 543 1617 affirmatur
563 1550 651 1616 tradi
665 1540 766 1616 tllora
782 1550 900 1638 lloysis
913 1573 984 1631 seu,
1002 1550 1076 1618 aliis
1095 1551 1220 1633 verbis,
1235 1551 1442 1634 testimonia,

132 1664 257 1727 statuta
273 1665 306 1725 et
326 1656 467 1738 indicia,
485 1678 572 1745 quae
590 1658 769 1746 proposuit
786 1656 929 1746 populo.
947 1661 1094 1735 Quorum
1110 1659 1362 1748 propositorum
1382 1658 1446 1725 de·

131 1766 250 1832 finitur
266 1768 400 1852 tempus
431 1792 445 1823 r
460 1768 536 1852 post
550 1762 696 1829 exodum
714 1792 730 1825 ιι
750 1763 969 1852 completam,
985 1771 1019 1829 et
1038 1765 1139 1843 locuS,
1156 1764 1255 1830 vallis
1274 1765 1445 1854 quaedam

131 1879 225 1938 trans
240 1870 429 1937 Iordanem.
448 1868 511 1935 Ubi
524 1869 729 1957 compendio
745 1870 922 1959 repetitur,
938 1871 1111 1958 quomodo
1128 1871 1285 1952 Hebraei,
1303 1872 1445 1938 devictis

132 1979 245 2044 Sehon
261 1987 294 2044 et
312 1980 363 2063 Og
377 1975 517 2062 regibus
531 1976 831 2057 amorrhaeorum,
850 1975 1157 2043 transiordanicam
1175 1998 1271 2043 suam
1286 1977 1442 2045 fecerint.

176 2084 426 2163 Quaestionem,
445 2081 556 2147 sintne
572 2081 609 2146 hi
625 2104 740 2147 versus
754 2081 931 2171 inscriptio
949 2083 1164 2171 sequentium
1180 2105 1224 2148 an
1240 2082 1444 2174 subscriptio
1539 2088 1542 2097 '

132 2189 422 2279 praecedentium,
438 2188 510 2254 sere
524 2189 728 2274 ignoravere
743 2189 945 2277 interpretes
961 2188 1132 2255 catholici.
1150 2189 1444 2279 subscriptionem

130 2298 239 2363 secere
258 2297 383 2362 brosor.
403 2299 585 2382 nosterque
609 2299 722 2360 textus
747 2296 856 2377 Sana,
877 2293 960 2360 item
984 2294 1148 2361 editiones
1166 2298 1257 2361 LXX
1277 2303 1311 2362 et
1341 2297 1442 2386 l'ulJ.

130 2401 387 2491 Inscriptionem
402 2401 670 2490 pronuntiavere
692 2403 794 2478 Tost,
811 2404 870 2483 So,
891 2400 1015 2489 quibus
1032 2400 1254 2467 assentimur.

175 2510 316 2575 Nomine
334 2508 450 2573 tlrorue
464 2529 497 2573 v.
520 2513 560 2573 tt
578 2528 646 2572 non
667 2506 801 2572 videtur
816 2506 992 2592 designari
1011 2508 1085 2573 sola
1100 2509 1208 2574 oratio
1221 2513 1316 2575 Deut.
1334 2515 1442 2593 1,o-t,

131 2623 185 2696 tt),
200 2637 277 2682 oum
296 2615 415 2681 eadem
437 2620 491 2695 1,5
508 2613 632 2679 diserte
645 2612 838 2701 appelletur
852 2612 1100 2680 commendatio
1118 2614 1233 2679 thorae
1247 2635 1260 2678 .·
1275 2614 1369 2680 aliud
1384 2639 1444 2681 au·

132 2730 199 2788 tem
231 2721 364 2787 videtur
390 2743 461 2786 esse
492 2719 754 2797 documentum,
778 2719 872 2807 quod
898 2719 1170 2801 commendatur,
1195 2727 1229 2786 et
1252 2720 1356 2803 illud,
1374 2744 1442 2810 quo

41 2894 44 2899 ,
129 2827 400 2895 commendatur.
419 2825 520 2893 Aliud
537 2832 586 2891 est
611 2839 664 2888 nu·
682 2830 760 2902 init
787 2832 819 2891 et
834 2839 897 2888 'rna
917 2833 984 2908 1,5.
1008 2825 1103 2891 Illius
1126 2825 1365 2908 orationist,t
1389 2849 1439 2917 sq.

129 2933 388 3001 adscribebatur
403 2940 538 3022 tempus
550 2938 583 2998 et
597 2932 693 2998 locus
711 2954 718 3000 :
735 2953 803 2998 non
822 2937 906 3011 erat,
925 2955 986 3000 cur
998 2932 1118 3000 eadem
1135 2937 1213 3012 t,l5
1229 2954 1304 3021 sqq.
1325 2956 1442 3001 rursus

128 3040 415 3123 adscriberentur,
435 3039 463 3105 si
482 3039 627 3105 eandem
642 3038 737 3104 illam
755 3030 944 3106 orationem
962 3038 999 3104 hi
1017 3061 1133 3106 versus
1147 3039 1343 3130 respiciant.

134 3143 138 3149 “
170 3151 284 3236 Neque
308 3149 446 3213 nomine
467 3146 584 3212 thorae
602 3169 635 3211 v.
659 3150 700 3211 tt
720 3143 857 3211 videtur
875 3145 1049 3232 designari
1072 3151 1128 3213 Ex.
1155 3152 1384 3229 1,1-Dent.
1408 3156 1438 3230 t,

128 3259 182 3335 ιθ,
199 3262 237 3320 ut
255 3254 380 3343 aliquis
395 3251 582 3342 aliquando
598 3251 710 3318 scriba
726 3237 839 3318 verbis
853 3275 886 3318 v.
905 3258 945 3318 'si
965 3254 1177 3342 expresserit,
1194 3276 1293 3319 strom
1304 3255 1439 3321 theram

127 3360 170 3426 ab
190 3361 287 3427 initio
307 3359 412 3426 Exodi
429 3360 606 3450 pertigisse
626 3358 669 3425 nd
689 3382 722 3424 v.
743 3364 783 3424 i0
805 3358 860 3423 vel
880 3381 912 3424 v.
937 3363 977 3423 43
1001 3381 1119 3447 usque,
1138 3365 1172 3424 et
1191 3381 1260 3424 non
1283 3360 1385 3440 ultra,
1403 3367 1440 3425 ut

127 3489 252 3532 nomen
271 3467 367 3532 thoro
385 3465 544 3556 primitus
562 3464 668 3531 solius
684 3464 787 3530 luerit
803 3464 1009 3530 narrationis
1027 3471 1081 3531 Ex.
1106 3471 1327 3546 1,1-beat.
1347 3471 1436 3548 ynit),

126 3593 166 3637 ae
188 3579 305 3660 postea
328 3572 467 3639 tandem
491 3579 664 3638 extensum
687 3570 730 3636 sit
755 3570 799 3637 ad
828 3578 937 3636 totum
963 3570 1227 3659 pentateuchum
1255 3570 1439 3657 designau-

126 3677 221 3745 dum.
239 3679 375 3744 Nullum
389 3685 495 3745 exstat
508 3679 701 3765 vestigium,
722 3699 848 3743 nomen
863 3676 960 3743 thoro
975 3676 1134 3766 primitus
1145 3677 1322 3768 proprium
1336 3678 1438 3746 fuisse

126 3785 331 3851 narrationis
349 3789 402 3851 Ex.
430 3792 482 3865 1,1
505 3823 548 3835 -
566 3791 663 3853 Dent.
691 3790 780 3865 bib,
803 3784 853 3850 ita
870 3790 907 3849 ut
929 3783 973 3849 ab
995 3785 1059 3850 hoc
1075 3785 1215 3851 nomine
1241 3785 1439 3851 excludere-

124 3896 180 3957 tur
195 3891 366 3981 reliquum
387 3897 501 3972 Deut.;
521 3891 558 3958 in
576 3891 883 3980 subscriptionibus
905 3896 981 3959 Lev.
1003 3897 1241 3973 samanar:
1262 3896 1360 3958 Num.
1380 3898 1434 3976 36,

126 4003 165 4063 13
182 4004 276 4065 certe
291 3998 505 4065 desideratur
519 4021 582 4064 vox
602 3998 712 4064 iluna.

168 4109 291 4171 Sensus
305 4105 425 4171 obvius
438 4111 497 4186 est,
512 4127 545 4173 v.
562 4109 603 4172 it
616 4127 692 4193 sqq.
706 4127 776 4170 esse
789 4105 1048 4193 inscriptionem
1062 4105 1289 4194 sequentium,
1306 4104 1436 4172 thorum

123 4209 274 4300 incipere
295 4216 390 4279 Dent.
410 4219 442 4294 5,
460 4211 520 4278 ubi
540 4234 580 4278 ea
599 4211 749 4300 praecise
772 4210 930 4279 tradatur
943 4212 1055 4294 thora,
1080 4211 1174 4278 euius
1196 4219 1250 4292 1,5
1270 4212 1435 4279 inscribe-

126 4317 227 4383 batur
250 4318 503 4385 commendatio
525 4319 641 4407 aliqua
658 4340 717 4383 seu
735 4319 944 4406 paraenesis,
964 4318 1084 4384 eadem
1100 4319 1216 4402 thora,
1236 4342 1340 4408 quam
1357 4327 1435 4400 31,9

123 4431 284 4490 narretur
303 4431 428 4513 Moyses
447 4426 618 4515 scripsisse
637 4430 671 4490 et
691 4424 924 4492 sacerdotibus
941 4425 1124 4492 tradidisse
1140 4426 1380 4492 asservandam
1403 4431 1436 4489 et

123 4551 215 4594 anno
235 4553 371 4621 quoque
393 4534 539 4621 septimo
559 4530 835 4622 praelegendam.
855 4537 944 4609 Quae
967 4532 1058 4598 vocis
1079 4531 1176 4598 thore
1199 4529 1435 4621 interpretatio
1539 4618 1542 4625 .

123 4659 204 4703 vera
226 4638 364 4706 tandem
384 4663 455 4707 esse
476 4640 729 4707 demonstratur
743 4638 796 4720 iis,
814 4639 953 4728 quaein
971 4639 1226 4706 Introductione
1243 4637 1435 4725 explicaba-

757 4750 800 4795 ru
