3366 5346
255 278 274 334 2
803 288 1012 333 iaruooccnc.

249 423 346 490 libris
363 431 540 511 tamquam
559 449 575 483 a
597 420 729 510 primae
746 421 866 488 thorae
884 426 924 488 »ἲ
939 425 1070 488 Norunt
1086 420 1124 487 hi
1143 419 1222 486 inde
1242 420 1287 485 ab
1306 418 1410 485 Esdra
1424 417 1562 484 unicam

250 530 402 620 quinque
423 528 592 594 librorum
611 527 760 594 theram.
781 529 812 594 Si
831 528 1018 595 secundam
1040 527 1153 614 legem
1174 525 1363 616 exprimere
1379 524 1564 591 voluissent

250 638 355 716 LXX,
377 633 587 725 scripsissent
603 641 740 722 δεύτερος
757 640 860 718 νόμος,
876 656 947 700 non
964 637 1209 722 Δευτερονὲμιον.

294 742 358 808 Sed
374 765 394 808 a
418 740 667 828 significatione
688 740 864 830 repetendi
878 739 1053 807 derivatur
1072 740 1210 807 tandem
1233 739 1436 825 significatio
1452 740 1563 828 capli-

250 850 349 917 catio,
366 849 414 915 cf.
429 851 468 914 P.
490 846 531 913 cle
546 845 704 935 Laparde
720 867 727 912 :
751 846 1009 933 iiittheilungcn
1023 851 1074 912 lv.
1096 853 1158 912 190
1170 868 1234 934 sq.,
1248 845 1450 932 Goettingen
1465 852 1561 914 1891.

249 959 315 1035 Sc,
337 955 397 1044 qui
416 954 514 1020 docet
526 953 580 1018 vel
595 953 749 1041 explicat,
773 952 894 1042 repetit
911 952 1116 1034 doctrinam,
1133 951 1343 1039 eandemque
1358 952 1481 1040 repetit
1494 952 1563 1018 dis·

249 1061 393 1151 cipulus,
412 1059 525 1149 quoad
545 1081 585 1124 ea
600 1058 665 1124 fixa
681 1061 822 1125 haereat
837 1058 873 1125 in
889 1066 1014 1126 mente.
1035 1059 1216 1147 Refertque
1231 1057 1326 1124 llicr.
1348 1058 1421 1147 (Ep.
1443 1066 1502 1124 121
1519 1060 1564 1124 ad

248 1169 437 1254 algasiam
460 1169 506 1232 Μ.
532 1172 587 1246 22,
611 1172 695 1232 1033
715 1165 801 1254 sq),
821 1165 960 1232 vocibus
978 1165 1060 1231 item
1081 1173 1236 1253 δευτεροΰν
1253 1172 1286 1230 ct
1302 1169 1490 1254 δευτερώσεις
1511 1171 1564 1233 lu-

247 1273 352 1341 daeos
376 1273 555 1359 designare
582 1293 659 1338 suas
677 1272 794 1338 thorae
820 1271 1067 1360 replicationes
1092 1294 1151 1338 seu
1173 1270 1392 1354 traditiones,
1416 1294 1562 1360 quarum
1596 1300 1601 1311 ·

248 1401 411 1467 magnam
433 1379 504 1468 ipsc
525 1383 658 1466 partem
676 1407 690 1437 «
711 1378 817 1444 aniles
832 1377 968 1444 tabutas
991 1405 1007 1438 »
1024 1400 1094 1443 esse
1114 1377 1254 1444 iudicat.
1274 1377 1482 1444 Crediderim
1500 1379 1563 1464 igi-

248 1493 315 1568 tur,
340 1486 461 1552 eodem
477 1506 579 1550 sensu
601 1483 770 1551 Hebraeos
790 1483 988 1551 hellenistas
1003 1483 1214 1573 antiquiores
1233 1489 1421 1549 extremum
1444 1490 1562 1573 penta-

248 1592 362 1658 teuchi
386 1591 515 1657 librum
535 1613 673 1656 vocasse
700 1593 945 1678 heorepcrtpcv,
968 1589 1086 1656 tliorae
1105 1589 1387 1679 explicationem,
1413 1593 1464 1656 uti
1487 1613 1564 1658 suas

247 1698 448 1765 traditiones
462 1696 632 1763 vocabant
652 1698 858 1784 δευτερώσεις;
877 1703 980 1786 atque
996 1696 1119 1762 eodem
1130 1695 1385 1762 sensuludaeos
1399 1696 1563 1784 palaesti-

246 1826 368 1872 nenses
386 1803 543 1892 quintam
558 1803 778 1893 pentateuchi
795 1809 928 1892 partem
949 1825 1083 1868 vocasse
1100 1800 1265 1882 acisclme,
1285 1824 1352 1890 quo
1367 1805 1495 1890 posteri
1510 1826 1564 1868 eo-

247 1933 326 1977 rum
348 1931 511 1996 magnam
533 1931 629 1975 suam
651 1909 768 1995 legum
793 1908 1032 1975 collectionem
1056 1914 1088 1974 et
1108 1907 1371 1997 explicationem
1399 1930 1563 1974 vocavere

246 2016 412 2083 misclcaa.
444 2014 609 2081 Dillerunt
637 2015 702 2080 hae
725 2014 813 2081 duae
842 2038 941 2081 voces
967 2014 1189 2105 punctatione
1223 2037 1231 2084 :
1255 2022 1309 2095 at,
1335 2037 1449 2079 nonne
1477 2015 1563 2081 illud

244 2124 371 2212 ipsum,
391 2127 485 2205 Dent.
501 2144 571 2187 esse
583 2122 708 2187 librum
725 2121 893 2204 divinum,
911 2121 1094 2188 Misehuam
1109 2126 1178 2186 n'on
1194 2143 1276 2201 esse,
1294 2119 1460 2188 Rahbinis
1475 2121 1562 2187 ratio

245 2250 316 2294 esse
335 2228 448 2317 potuit
466 2226 620 2292 diversae
641 2212 872 2314 punctationis
887 2227 1122 2306 adhibendae,
1147 2231 1183 2292 ut
1202 2249 1299 2293 suam
1321 2227 1562 2293 collectionem

247 2339 407 2400 vocarent
429 2331 596 2418 niisclma,
620 2355 689 2398 non
713 2332 889 2399 misellae?
912 2336 1120 2422 Frequentes
1141 2334 1236 2400 suere
1262 2332 1408 2398 Rabbini
1429 2334 1465 2398 in
1488 2335 1563 2418 lege

247 2462 308 2507 sua
322 2438 489 2507 eiusmodi
501 2438 659 2529 apicibus
674 2439 874 2506 munienda.

294 2551 381 2633 Ergo
407 2568 534 2613 nomen
557 2560 654 2608 nunu
670 2559 774 2617 nich,
797 2546 984 2636 replicatio
1009 2544 1126 2611 iborae
1146 2545 1295 2635 idipsum
1321 2544 1437 2623 adicit,
1461 2553 1562 2634 atque

248 2651 421 2742 expressio
447 2658 502 2731 1,5
530 2667 630 2716 rt'tinn
646 2667 720 2725 aaz,
750 2651 922 2742 capillacea
945 2674 1022 2734 seu,
1051 2652 1163 2719 verius
1191 2651 1378 2719 seeundum
1406 2657 1560 2739 etymon,

247 2759 422 2826 inculcare
442 2758 586 2824 tlroram.
613 2758 702 2825 lllud
725 2759 830 2824 totius
855 2759 937 2825 libri
959 2781 1085 2825 nomen
1105 2764 1154 2823 est
1174 2759 1286 2847 ipsum
1311 2757 1396 2823 illud
1421 2780 1560 2840 nomen,

248 2866 342 2954 quod
354 2865 534 2952 inscriptio
554 2870 608 2944 1,5
629 2866 760 2952 primae
783 2866 928 2930 orationi
951 2863 1298 2946 1,a-t‚t0attribuit;
1323 2865 1563 2931 tantummodo

250 2973 323 3037 loco
346 2969 496 3036 nominis
517 2983 602 3032 nia:
622 2991 642 3035 a
663 2968 778 3036 radice
797 2985 860 3032 ia:
884 2969 1076 3050 derivandi,
1104 2969 1196 3059 quod
1217 2971 1380 3037 Hebraeis
1401 2973 1562 3038 usitatum

249 3099 319 3143 non
352 3082 441 3154 erat,
470 3074 632 3142 scribitur
662 3097 889 3163 synonymum
919 3090 1024 3140 nich.
1060 3076 1172 3143 ludaei
1203 3075 1284 3142 libri
1313 3100 1436 3143 nomen
1462 3101 1563 3167 saepe

250 3205 319 3250 non
341 3182 481 3248 atotius
503 3181 585 3249 libri
602 3181 756 3262 materia,
779 3181 837 3248 sed
857 3182 901 3247 ab
919 3182 1035 3272 aliqua
1057 3182 1129 3248 eius
1146 3189 1242 3272 parte
1263 3184 1465 3274 repetebant
1488 3204 1496 3250 t
1517 3186 1564 3252 ita

251 3317 267 3349 a
298 3288 388 3354 liber
415 3309 605 3377 poenarum
631 3315 647 3349 »
673 3287 720 3376 (v.
749 3287 792 3377 s.)
812 3289 970 3376 apoenis
992 3294 1087 3355 Deut.
1114 3296 1157 3356 28
1187 3290 1449 3378 praenuntiatis3
1485 3307 1561 3354 111111

251 3411 344 3459 min:
366 3417 424 3462 seu
444 3394 625 3476 LeviticuS,
651 3394 827 3481 alegihus
847 3395 1039 3461 sacerdotes
1059 3396 1307 3484 spectantibus3
1330 3411 1479 3464 abeona
1502 3420 1564 3463 seu

250 3501 403 3584 Numeri,
425 3524 446 3568 a
469 3501 601 3567 duabus
624 3501 930 3569 numerationibua
949 3501 1223 3568 Similitcrniinn
1239 3516 1343 3575 nima,
1366 3503 1563 3592 paraenesis

250 3608 384 3689 thorae,
405 3631 426 3674 a
444 3607 621 3696 paraenesi
636 3611 730 3675 Dent.
750 3613 918 3690 1,u-t‚t0.

287 3771 369 3821 Desit.
388 3771 428 3829 17,
449 3770 478 3819 18
494 3773 522 3820 et
536 3770 590 3821 Ios.
609 3771 634 3831 8,
650 3770 693 3831 32,
711 3773 764 3821 rati
778 3784 847 3821 voce
860 3776 952 3826 niam
961 3770 1104 3833 designari
1117 3772 1244 3834 quintum
1255 3774 1434 3835 pentateuchi
1449 3774 1561 3832 librom,

249 3862 362 3910 vertunt
379 3860 442 3908 tri
454 3855 641 3926 δευτερονόμιον
660 3871 666 3907 :
683 3872 751 3922 ergo
766 3861 810 3911 vel
826 3866 903 3919 aare,
921 3873 1001 3922 quom
1020 3859 1069 3909 ilia
1087 3860 1179 3910 versio
1193 3863 1416 3920 concinnaretur,
1432 3862 1479 3910 ilie
1494 3862 1565 3909 liber

250 3948 324 4011 apud
346 3948 515 3998 ilcllenistas
536 3944 722 4015 δευτερονόμιον
741 3949 880 3999 audiebat.
900 3949 955 3999 Sed
975 3945 1162 4016 δευτερονόμιον
1184 3950 1405 4012 suggerebamus
1421 3962 1482 3998 csse
1498 3962 1564 3997 ver-

222 4069 224 4074 .
249 4037 359 4086 sionem
382 4038 457 4085 vocis
480 4037 619 4087 hebraeae
638 4041 738 4092 mim.
764 4037 837 4100 Itrgo
865 4038 908 4087 vel
932 4045 1008 4098 onte,
1029 4052 1109 4101 qinom
1132 4039 1225 4088 versio
1248 4039 1312 4098 ΠΧ
1337 4039 1560 4097 concinnaretur,

250 4125 400 4175 vocabatur
415 4125 462 4174 ille
476 4125 547 4176 liber
561 4125 693 4176 hebraico
707 4127 822 4175 nomine
837 4131 932 4183 rt'ttnn
949 4131 1049 4182 iiiiiin.

296 4251 327 4311 2.
346 4245 562 4312 litonebamus
581 4249 631 4310 CN
645 4267 679 4334 p.
698 4252 717 4312 8
733 4268 784 4335 sq.
807 4267 933 4334 paucos
950 4245 1139 4314 admodum
1154 4247 1244 4313 inter
1259 4247 1447 4314 catholicos
1462 4247 1563 4314 exsti-

249 4353 329 4418 tisse
347 4349 428 4416 libri
450 4354 549 4417 Num.
575 4356 886 4418 commentatores:
909 4351 1061 4442 idipsum
1080 4350 1124 4419 de
1149 4359 1243 4420 Deut.
1266 4354 1365 4420 nobis
1387 4355 1563 4421 affirman-

250 4457 335 4525 dum
352 4461 413 4525 est.
434 4462 626 4525 Reourrunt
640 4457 762 4524 eadem
780 4465 882 4547 atque
895 4459 944 4525 ib.
961 4461 1103 4526 nomina
1119 4483 1306 4549 paucorum
1320 4461 1559 4551 interpretum,

250 4563 309 4655 qui
324 4563 366 4631 ad
387 4564 491 4630 finem
511 4585 651 4630 suorum
671 4563 709 4630 in
729 4566 997 4654 pentateuchum
1016 4567 1342 4636 commentariorum
1363 4575 1560 4658 properant,

250 4693 351 4762 saepe
383 4693 447 4761 pro
483 4669 645 4738 continua
676 4670 885 4760 expositione
912 4695 1038 4762 paucas
1069 4680 1208 4743 movent
1239 4675 1471 4765 quaestiones,
1506 4695 1562 4742 eas
