3366 5346
636 314 722 357 [vaur.
748 297 819 366 3:3,8
835 314 877 364 so.
1087 311 1088 314 ’
1354 301 1412 358 547

97 446 226 512 tatione
249 459 280 512 ct
306 444 468 512 iudicasti
492 445 540 511 nd
563 450 680 535 Aquas
701 444 990 513 Connndictionis
1016 473 1046 510 n.
1073 445 1168 512 Falso
1198 450 1289 512 LXX
1314 447 1413 515 initio

95 552 283 619 sententiae
305 551 499 640 praefigunt
527 555 616 633 Δὲτε,
642 559 674 619 et
699 553 814 619 oninia
835 551 956 617 suffixa
977 557 1192 641 pervertunt.
1211 565 1312 639 'tren
1331 543 1413 617 aruh

96 665 146 725 est
169 659 241 724 tv'ro
267 657 377 724 s'cncti
404 658 467 738 tui,
490 681 574 744 crgo
604 682 683 726 sane
712 659 861 746 Moysis:
888 659 1094 725 constructio
1123 657 1226 739 dura,
1255 659 1410 740 obscura,

95 771 221 852 lloyscs
244 786 311 830 non
332 766 506 831 consuevit
526 787 561 832 se
585 766 698 855 ipsum
722 764 890 832 eiusmodi
916 762 1077 852 epithetis
1102 763 1304 831 laudatoriis
1325 766 1413 833 ccle-

96 871 210 937 hrare.
236 875 384 937 Fortasse
404 870 590 957 legendum
612 887 697 960 quon
716 886 791 942 vrrs,
810 870 882 936 ciro
895 870 1031 959 favoris
1049 870 1112 952 tui,
1133 870 1205 936 viro
1222 894 1324 960 quem
1347 874 1412 940 elc-

96 977 175 1065 gisti
193 997 200 1042 :
219 976 310 1043 Urim
327 982 361 1044 et
375 977 570 1043 Thummim
591 978 701 1044 libera
721 979 778 1044 Dei
793 977 958 1044 electione
978 976 1103 1043 collata
1118 982 1196 1043 sunt
1211 977 1300 1045 Levi.
1319 979 1410 1058 Leni,

97 1083 146 1150 uti
162 1088 266 1172 patet,
285 1081 462 1149 collective
480 1083 699 1170 intelligitur,
719 1088 768 1151 est
786 1085 861 1173 ipsa
878 1082 1000 1164 tribus,
1017 1105 1105 1172 quae
1122 1084 1157 1149 in
1180 1105 1326 1172 persona
1348 1090 1412 1151 Aa·

96 1213 158 1256 rou
178 1194 289 1275 gestat
303 1189 396 1255 Urim
412 1195 446 1255 et
464 1190 658 1257 Thummim
680 1213 785 1281 seque
807 1190 907 1277 lloysi
926 1188 1062 1256 fidelem
1082 1189 1237 1256 exhihuit
1261 1190 1412 1279 primum

96 1297 267 1378 inMassc,
281 1295 375 1385 quod
387 1301 442 1362 Ex.
464 1303 540 1378 17,7
557 1299 600 1384 (v.
618 1321 644 1364 s.
658 1297 702 1364 ad
719 1303 813 1364 Dent.
830 1296 922 1385 6,16)
936 1302 1123 1362 estnomen
1136 1296 1314 1386 proprium
1333 1297 1411 1378 loci,

96 1403 158 1469 ubi
172 1404 321 1491 primum
335 1424 425 1490 aqua
441 1425 459 1468 e
477 1425 563 1493 rupe
577 1404 791 1480 eliciebatur,
810 1408 905 1471 Deut.
922 1408 1002 1483 9:22
1018 1403 1197 1492 copulatur
1216 1404 1414 1472 nominibus

97 1508 245 1598 propriis
259 1509 388 1575 Taberu
407 1513 441 1575 et
462 1509 605 1586 Qibroth
624 1510 809 1577 ha-Tauvva
831 1510 942 1598 (Num.
967 1510 1119 1596 teano)
1139 1529 1146 1574 :
1164 1530 1248 1596 ergo
1266 1510 1301 1577 h.
1319 1509 1342 1577 l.
1361 1533 1415 1578 co·

97 1615 253 1704 pulatum
275 1614 408 1682 nomini
432 1618 572 1705 proprio
593 1621 639 1683 ltle
658 1617 810 1683 Meribah
830 1648 871 1673 =
892 1621 1008 1705 Aquae
1029 1615 1314 1682 Contradictionis
1333 1617 1412 1683 item

97 1721 335 1811 accipiendum
358 1728 407 1789 est
433 1723 658 1811 pronomine
681 1723 834 1813 proprio.
854 1721 972 1789 Dices:
991 1721 1165 1800 Quomodo
1189 1726 1311 1806 llassae
1339 1745 1415 1812 spe-

97 1828 220 1894 cialem
240 1850 322 1917 prae
338 1827 459 1893 ceteris
474 1829 611 1896 laudem
629 1829 754 1896 meruit
769 1829 867 1896 Levi‘l
880 1827 1078 1917 Respondeo
1092 1827 1140 1908 id,
1157 1828 1331 1916 quomodo
1346 1830 1415 1895 lac-

96 1939 170 2000 tum
195 1935 250 2015 sit,
272 1933 584 2000 En17noshaud
607 1934 760 2012 edoceri3
777 1933 962 2002 certissime
985 1933 1113 1999 fuctum
1134 1955 1207 2000 csse
1230 1935 1266 2000 h.
1286 1933 1310 2001 l.
1336 1934 1415 2001 edo-

97 2061 226 2106 cemur.
246 2044 298 2105 Se.
315 2060 385 2105 non
408 2039 535 2121 omnia,
551 2063 639 2129 quae
662 2041 751 2107 lacta
765 2047 856 2122 suut,
873 2042 911 2106 in
931 2040 1171 2129 pentateuch0,
1188 2039 1302 2129 qualis
1323 2061 1414 2108 nunc

98 2150 158 2226 est,
177 2145 333 2212 distincte
357 2151 543 2212 narrantur
569 2146 625 2234 (cs.
642 2146 731 2234 Dm).
752 2150 834 2212 Cum
856 2168 958 2235 porro
988 2145 1133 2213 verbum
1154 2161 1267 2211 marth
1295 2146 1414 2235 utique

100 2252 157 2339 (ef.
179 2275 211 2319 v.
232 2255 262 2338 9)
290 2250 428 2318 laudem
451 2251 577 2318 habeat
599 2254 688 2333 Levi,
711 2252 783 2318 noli
805 2257 937 2318 vertere
964 2263 1082 2340 contra
1109 2274 1210 2340 quern
1228 2252 1411 2341 puqnasti,

97 2358 156 2425 sed
174 2381 239 2447 pro
264 2380 331 2446 qno
354 2358 520 2446 pnpnnsti
537 2358 713 2447 (Wcllli.);
733 2381 820 2446 quae
842 2357 1027 2447 expressio,
1045 2358 1185 2448 quando
1206 2379 1320 2424 veram
1344 2381 1414 2425 res-

98 2464 181 2553 picit
194 2485 349 2552 pugnam
366 2464 422 2551 (cl.
440 2485 472 2530 v.
490 2468 537 2551 7),
555 2464 660 2530 hehet
674 2454 701 2538 h,
717 2464 857 2552 quando
877 2465 1013 2554 respicit
1028 2464 1281 2530 contentionem
1300 2486 1415 2531 coram

98 2569 225 2652 iudice,
240 2569 344 2635 habet
367 2570 597 2636 accusativum
620 2570 675 2658 (ls.
704 2577 795 2652 1‚17;
818 2571 932 2658 5122)
953 2591 960 2638 :
980 2590 1064 2655 ergo
1085 2575 1175 2637 recte
1203 2571 1299 2658 Vulq.
1326 2569 1416 2636 iudi-

100 2675 185 2742 casti
204 2675 260 2763 (ci.
284 2680 363 2763 Syr.
387 2673 535 2759 Chald).
551 2675 712 2741 Probavit
729 2681 845 2743 autem
868 2677 981 2757 lahve
994 2675 1107 2741 Levim
1133 2676 1177 2741 ad
1198 2679 1312 2765 Aquas
1332 2679 1416 2742 Con·

99 2781 311 2869 tradictionis¹
332 2786 365 2846 et
381 2803 445 2870 pro
468 2803 506 2847 eo
529 2783 733 2849 sententiam
748 2782 838 2860 tulit,
858 2781 995 2870 quaudo
1011 2804 1169 2848 concesso
1182 2782 1320 2849 tandem
1337 2804 1417 2871 por-

99 2893 193 2956 tento
217 2909 327 2976 aquae
350 2909 368 2952 e
390 2910 476 2977 rupe
496 2886 631 2954 elicitae
653 2888 891 2979 comprobavit
912 2910 1050 2956 causam
1072 2888 1194 2976 Moysis
1212 2893 1245 2955 ct
1259 2889 1412 2969 heronis,

99 3017 119 3060 a
136 3016 284 3085 quorum
299 2994 457 3083 partibus
469 2993 580 3061 stabat
594 2994 705 3062 tribus
719 2997 806 3062 Levi.

143 3101 208 3168 Sed
222 3101 414 3167 accuratius
437 3100 643 3168 describitur
662 3103 747 3169 haec
769 3102 854 3169 fides
875 3102 954 3169 Levi
976 3124 1008 3167 v.
1027 3107 1070 3168 9:
1089 3129 1104 3162 «
1133 3102 1202 3182 Qui
1217 3101 1306 3168 dicit
1322 3101 1417 3191 putri

99 3230 159 3275 suo
179 3218 212 3274 ct
230 3207 338 3274 matri
356 3230 439 3274 succ
452 3229 465 3272 .·
485 3207 608 3274 Nescio
631 3232 699 3292 vos,
726 3221 758 3275 ct
773 3209 943 3294 fratribus
959 3207 1030 3273 suis
1048 3229 1059 3274 .·
1078 3211 1203 3295 lquoro
1219 3230 1287 3289 cos,
1311 3219 1342 3273 ct
1357 3231 1416 3273 na·

100 3315 249 3380 scierant
269 3313 362 3400 flios
381 3336 459 3379 srvos
485 3343 516 3380 ».
535 3316 645 3380 Lectio
661 3314 812 3400 genuina
837 3320 886 3379 est
907 3329 997 3376 qum
1015 3314 1152 3399 (Sana),
1175 3312 1285 3391 criden,
1305 3312 1416 3377 consi-

100 3420 191 3498 dero,
212 3440 316 3506 quam
333 3418 539 3506 explicantes
554 3420 648 3485 varia
665 3419 873 3506 adscripsere
885 3419 1004 3484 suffixa
1022 3439 1029 3483 :
1050 3420 1140 3482 LXX
1158 3430 1203 3497 te,
1225 3417 1321 3505 l'ulp.
1344 3439 1413 3484 coc.

100 3524 325 3613 Reduplicato
347 3525 519 3611 sequentis
534 3526 623 3590 vocis
638 3542 648 3588 ·.
671 3525 795 3591 initiali
812 3530 886 3590 orta
901 3529 951 3590 est
965 3522 1066 3590 lectio
1083 3525 1183 3589 chr.
1201 3525 1279 3610 Syr.
1296 3537 1413 3585 tinini.

103 3633 245 3720 Reliqua
260 3630 329 3695 duo
345 3629 451 3695 verba
466 3651 536 3695 non
560 3636 638 3696 sunt
657 3632 819 3697 orationis
834 3631 997 3712 directae,
1015 3634 1093 3696 sunt
1110 3629 1241 3713 tertiae,
1255 3649 1324 3695 non
1346 3628 1416 3718 pri-

102 3760 178 3805 mae
188 3759 353 3827 personae
367 3755 373 3801 :
387 3757 455 3802 non
468 3737 626 3826 rcsparit,
640 3737 792 3803 nescirit.
812 3736 909 3825 Apud
923 3740 1037 3817 Massa,
1051 3742 1085 3802 et
1096 3734 1308 3825 potissimum
1324 3735 1417 3823 apud

101 3850 147 3911 lle
169 3843 335 3924 llerihch‚
360 3842 546 3931 postposita
577 3845 670 3908 omni
700 3843 1027 3930 consanguineitatis
1056 3843 1202 3922 ratione,
1230 3840 1417 3929 repudiatis

102 3949 209 4018 veliis
223 3949 368 4015 aliarum
386 3948 540 4016 tribuum
551 3949 760 4030 hominihus,
771 3952 829 4038 qui
843 3948 966 4015 Levitis
975 3955 1087 4015 essent
1100 3947 1207 4014 instar
1219 3952 1414 4035 parentum,

103 4057 266 4138 filiorum,
282 4057 441 4138 fratrum,
460 4055 570 4122 tribus
589 4057 667 4122 Levi
686 4056 786 4143 lloysi
803 4055 970 4122 adhaesit.
986 4054 1060 4121 Fuit
1080 4076 1163 4139 ergo
1183 4053 1276 4142 apud
1292 4058 1339 4119 lle
1358 4058 1419 4119 tle·

103 4164 205 4231 ribah
236 4161 414 4230 dissidium
444 4162 610 4242 tribuum,
627 4162 663 4229 iu
687 4185 756 4251 quo
780 4161 890 4228 tribus
919 4163 994 4229 Levi
1019 4184 1037 4227 e
1065 4159 1225 4227 tribubus
1251 4158 1335 4241 sola,
1359 4165 1418 4225 aut

104 4278 194 4335 certe
215 4271 284 4336 scre
302 4269 375 4334 sola
397 4273 430 4334 et
452 4269 573 4335 ceteris
593 4268 784 4357 quibusque
810 4267 955 4348 fidelius,
974 4268 1074 4354 Moysi
1094 4263 1297 4333 adhaeserit.
1317 4270 1418 4332 Secus

105 4375 196 4439 enim
213 4399 282 4441 non
298 4382 383 4441 esset
407 4373 577 4441 sufficiens
597 4374 683 4441 ratio
698 4374 802 4441 solius
819 4374 928 4441 tribus
953 4373 1030 4441 Levi
1052 4374 1097 4439 oh
1117 4394 1193 4440 eam
1217 4371 1416 4438 fidelitatem

105 4481 409 4548 commendandae.
428 4485 467 4547 Et
483 4502 601 4570 reapse
617 4483 664 4547 itu
679 4480 980 4570 reprehenduntur
997 4486 1048 4548 Ps.
1066 4486 1108 4547 91»
1122 4481 1225 4566 (95}.8
1243 4500 1293 4565 sq.
1310 4475 1418 4542 trihus

104 4585 258 4674 reliquae
278 4588 322 4653 oh
346 4594 422 4654 acta
445 4611 506 4655 sua
532 4589 623 4676 apud
647 4587 808 4661 lleribah
824 4588 873 4653 uti
902 4589 936 4654 h.
966 4586 988 4652 l.
1020 4591 1160 4676 propter
1185 4606 1245 4650 sua
1268 4582 1316 4648 ih.
1344 4583 1417 4647 acta

106 4692 368 4760 commendatur
388 4694 465 4762 Levi
488 4713 495 4760 τ
518 4694 625 4761 Nolite
641 4693 811 4760 obdurare
831 4693 934 4760 corda
954 4699 1065 4760 vestra
1087 4691 1174 4757 sicut
1192 4691 1229 4755 in
1250 4686 1415 4769 llleribnlt,
