<?xml version="1.0" encoding="UTF-8"?>
<!DOCTYPE html PUBLIC "-//W3C//DTD XHTML 1.0 Transitional//EN"
    "http://www.w3.org/TR/xhtml1/DTD/xhtml1-transitional.dtd">
<html xmlns="http://www.w3.org/1999/xhtml" xml:lang="en" lang="en">
 <head>
  <title>
</title>
<meta http-equiv="Content-Type" content="text/html;charset=utf-8" />
  <meta name='ocr-system' content='tesseract 3.04.00' />
  <meta name='ocr-capabilities' content='ocr_page ocr_carea ocr_par ocr_line ocrx_word'/>
</head>
<body>
  <div class='ocr_page' id='page_1' title='image "./commentariusind00hummgoog/commentariusind00hummgoog_0284.png"; bbox 0 0 3366 5346; ppageno 0'>
   <div class='ocr_carea' id='block_1_1' title="bbox 705 267 1494 339">
    <p class='ocr_par' dir='ltr' id='par_1_1' title="bbox 705 267 1494 339">
     <span class='ocr_line' id='line_1_1' title="bbox 705 267 1494 339; baseline -0.004 -14"><span class='ocrx_word' id='word_1_1' title='bbox 705 283 791 326; x_wconf 83' lang='lat' dir='ltr'><strong>near.</strong></span> <span class='ocrx_word' id='word_1_2' title='bbox 815 267 885 339; x_wconf 76' lang='lat' dir='ltr'><strong>aar</strong></span> <span class='ocrx_word' id='word_1_3' title='bbox 910 283 972 335; x_wconf 84' lang='lat' dir='ltr'><strong>soe.</strong></span> <span class='ocrx_word' id='word_1_4' title='bbox 1437 268 1494 325; x_wconf 78' lang='grc'><strong>263</strong></span> 
     </span>
    </p>
   </div>
   <div class='ocr_carea' id='block_1_2' title="bbox 180 415 1501 1570">
    <p class='ocr_par' dir='ltr' id='par_1_2' title="bbox 182 415 1493 613">
     <span class='ocr_line' id='line_1_2' title="bbox 182 415 1492 505; baseline -0.003 -21"><span class='ocrx_word' id='word_1_5' title='bbox 182 420 492 505; x_wconf 76' lang='lat' dir='ltr'><strong>nenr‚q11alteum</strong></span> <span class='ocrx_word' id='word_1_6' title='bbox 518 416 642 480; x_wconf 89' lang='lat' dir='ltr'><strong>iratum</strong></span> <span class='ocrx_word' id='word_1_7' title='bbox 663 415 812 505; x_wconf 88' lang='lat' dir='ltr'><strong>placavit</strong></span> <span class='ocrx_word' id='word_1_8' title='bbox 836 422 977 504; x_wconf 73' lang='lat' dir='ltr'><strong>Moyses,</strong></span> <span class='ocrx_word' id='word_1_9' title='bbox 1003 417 1082 482; x_wconf 90' lang='lat' dir='ltr'><strong>dein</strong></span> <span class='ocrx_word' id='word_1_10' title='bbox 1107 439 1138 484; x_wconf 81' lang='lat' dir='ltr'><strong>v,</strong></span> <span class='ocrx_word' id='word_1_11' title='bbox 1166 423 1207 482; x_wconf 87' lang='grc'><strong>21</strong></span> <span class='ocrx_word' id='word_1_12' title='bbox 1233 416 1370 505; x_wconf 82' lang='lat' dir='ltr'><strong>supplet</strong></span> <span class='ocrx_word' id='word_1_13' title='bbox 1390 415 1492 494; x_wconf 85' lang='lat' dir='ltr'><strong>illud,</strong></span> 
     </span>
     <span class='ocr_line' id='line_1_3' title="bbox 182 520 1493 613; baseline -0.002 -23"><span class='ocrx_word' id='word_1_14' title='bbox 182 524 276 613; x_wconf 88' lang='lat' dir='ltr'><strong>quod</strong></span> <span class='ocrx_word' id='word_1_15' title='bbox 297 528 421 610; x_wconf 70' lang='lat' dir='ltr'><strong>lloyses</strong></span> <span class='ocrx_word' id='word_1_16' title='bbox 435 526 515 588; x_wconf 87' lang='lat' dir='ltr'><strong>ante</strong></span> <span class='ocrx_word' id='word_1_17' title='bbox 538 520 635 587; x_wconf 93' lang='lat' dir='ltr'><strong>illam</strong></span> <span class='ocrx_word' id='word_1_18' title='bbox 652 521 935 590; x_wconf 77' lang='lat' dir='ltr'><strong>intercessionem</strong></span> <span class='ocrx_word' id='word_1_19' title='bbox 952 528 1079 610; x_wconf 79' lang='lat' dir='ltr'><strong>egerat,</strong></span> <span class='ocrx_word' id='word_1_20' title='bbox 1097 523 1198 590; x_wconf 82' lang='lat' dir='ltr'><strong>vituli</strong></span> <span class='ocrx_word' id='word_1_21' title='bbox 1214 521 1493 589; x_wconf 74' lang='lat' dir='ltr'><strong>destructionem.</strong></span> 
     </span>
    </p>

    <p class='ocr_par' dir='ltr' id='par_1_3' title="bbox 180 627 1501 1570">
     <span class='ocr_line' id='line_1_4' title="bbox 228 627 1497 719; baseline -0.003 -23"><span class='ocrx_word' id='word_1_22' title='bbox 228 634 345 696; x_wconf 79' lang='lat' dir='ltr'><strong>Orator</strong></span> <span class='ocrx_word' id='word_1_23' title='bbox 365 652 398 695; x_wconf 86' lang='lat' dir='ltr'><strong>v.</strong></span> <span class='ocrx_word' id='word_1_24' title='bbox 424 635 443 693; x_wconf 83' lang='lat'><strong>7</strong></span> <span class='ocrx_word' id='word_1_25' title='bbox 465 627 582 694; x_wconf 90' lang='lat' dir='ltr'><strong>thesin</strong></span> <span class='ocrx_word' id='word_1_26' title='bbox 612 634 789 712; x_wconf 88' lang='lat' dir='ltr'><strong>statuerat,</strong></span> <span class='ocrx_word' id='word_1_27' title='bbox 812 653 832 696; x_wconf 95' lang='lat' dir='ltr'><strong>a</strong></span> <span class='ocrx_word' id='word_1_28' title='bbox 868 630 922 695; x_wconf 91' lang='lat' dir='ltr'><strong>die</strong></span> <span class='ocrx_word' id='word_1_29' title='bbox 947 630 1047 696; x_wconf 84' lang='lat' dir='ltr'><strong>exodi</strong></span> <span class='ocrx_word' id='word_1_30' title='bbox 1073 630 1295 719; x_wconf 82' lang='lat' dir='ltr'><strong>aegyptiacae</strong></span> <span class='ocrx_word' id='word_1_31' title='bbox 1328 628 1497 696; x_wconf 89' lang='lat' dir='ltr'><strong>llebracos</strong></span> 
     </span>
     <span class='ocr_line' id='line_1_5' title="bbox 182 735 1497 825; baseline -0.003 -23"><span class='ocrx_word' id='word_1_32' title='bbox 182 758 315 825; x_wconf 86' lang='lat' dir='ltr'><strong>semper</strong></span> <span class='ocrx_word' id='word_1_33' title='bbox 339 740 457 801; x_wconf 89' lang='lat' dir='ltr'><strong>contra</strong></span> <span class='ocrx_word' id='word_1_34' title='bbox 476 735 603 800; x_wconf 88' lang='lat' dir='ltr'><strong>lahven</strong></span> <span class='ocrx_word' id='word_1_35' title='bbox 626 735 821 802; x_wconf 84' lang='lat' dir='ltr'><strong>rebellasse.</strong></span> <span class='ocrx_word' id='word_1_36' title='bbox 838 739 919 801; x_wconf 84' lang='lat' dir='ltr'><strong>Eam</strong></span> <span class='ocrx_word' id='word_1_37' title='bbox 945 736 1100 803; x_wconf 88' lang='lat' dir='ltr'><strong>stabilire</strong></span> <span class='ocrx_word' id='word_1_38' title='bbox 1123 757 1219 802; x_wconf 92' lang='lat' dir='ltr'><strong>orsus</strong></span> <span class='ocrx_word' id='word_1_39' title='bbox 1243 741 1292 802; x_wconf 90' lang='lat' dir='ltr'><strong>est</strong></span> <span class='ocrx_word' id='word_1_40' title='bbox 1316 758 1382 800; x_wconf 93' lang='lat' dir='ltr'><strong>uno</strong></span> <span class='ocrx_word' id='word_1_41' title='bbox 1408 735 1497 800; x_wconf 86' lang='lat' dir='ltr'><strong>lacto</strong></span> 
     </span>
     <span class='ocr_line' id='line_1_6' title="bbox 183 841 1499 932; baseline -0.003 -23"><span class='ocrx_word' id='word_1_42' title='bbox 183 841 380 909; x_wconf 85' lang='lat' dir='ltr'><strong>rebellionis</strong></span> <span class='ocrx_word' id='word_1_43' title='bbox 400 842 436 907; x_wconf 90' lang='lat' dir='ltr'><strong>in</strong></span> <span class='ocrx_word' id='word_1_44' title='bbox 450 847 562 907; x_wconf 90' lang='lat' dir='ltr'><strong>monte</strong></span> <span class='ocrx_word' id='word_1_45' title='bbox 579 842 691 908; x_wconf 90' lang='lat' dir='ltr'><strong>Horeb</strong></span> <span class='ocrx_word' id='word_1_46' title='bbox 709 842 816 909; x_wconf 87' lang='lat' dir='ltr'><strong>factae</strong></span> <span class='ocrx_word' id='word_1_47' title='bbox 830 843 902 932; x_wconf 81' lang='lat' dir='ltr'><strong>fuse</strong></span> <span class='ocrx_word' id='word_1_48' title='bbox 917 847 1084 910; x_wconf 89' lang='lat' dir='ltr'><strong>enarrate.</strong></span> <span class='ocrx_word' id='word_1_49' title='bbox 1103 847 1144 908; x_wconf 81' lang='lat' dir='ltr'><strong>at</strong></span> <span class='ocrx_word' id='word_1_50' title='bbox 1158 864 1267 909; x_wconf 88' lang='lat' dir='ltr'><strong>unum</strong></span> <span class='ocrx_word' id='word_1_51' title='bbox 1283 842 1409 907; x_wconf 90' lang='lat' dir='ltr'><strong>lactum</strong></span> <span class='ocrx_word' id='word_1_52' title='bbox 1426 842 1499 906; x_wconf 91' lang='lat' dir='ltr'><strong>the-</strong></span> 
     </span>
     <span class='ocr_line' id='line_1_7' title="bbox 181 946 1499 1037; baseline -0.003 -22"><span class='ocrx_word' id='word_1_53' title='bbox 181 950 231 1015; x_wconf 92' lang='lat' dir='ltr'><strong>sin</strong></span> <span class='ocrx_word' id='word_1_54' title='bbox 251 948 450 1035; x_wconf 80' lang='lat' dir='ltr'><strong>generalem</strong></span> <span class='ocrx_word' id='word_1_55' title='bbox 463 970 532 1014; x_wconf 90' lang='lat' dir='ltr'><strong>non</strong></span> <span class='ocrx_word' id='word_1_56' title='bbox 545 947 668 1036; x_wconf 90' lang='lat' dir='ltr'><strong>probat</strong></span> <span class='ocrx_word' id='word_1_57' title='bbox 685 970 693 1014; x_wconf 79' lang='lat' dir='ltr'><strong><em>z</em></strong></span> <span class='ocrx_word' id='word_1_58' title='bbox 711 970 795 1036; x_wconf 91' lang='lat' dir='ltr'><strong>ergo</strong></span> <span class='ocrx_word' id='word_1_59' title='bbox 810 948 879 1016; x_wconf 87' lang='lat' dir='ltr'><strong>alia</strong></span> <span class='ocrx_word' id='word_1_60' title='bbox 899 949 1070 1037; x_wconf 88' lang='lat' dir='ltr'><strong>quaedam</strong></span> <span class='ocrx_word' id='word_1_61' title='bbox 1086 949 1176 1015; x_wconf 83' lang='lat' dir='ltr'><strong>facta</strong></span> <span class='ocrx_word' id='word_1_62' title='bbox 1191 946 1410 1036; x_wconf 79' lang='lat' dir='ltr'><strong>compendio,</strong></span> <span class='ocrx_word' id='word_1_63' title='bbox 1429 969 1499 1011; x_wconf 92' lang='lat' dir='ltr'><strong>non</strong></span> 
     </span>
     <span class='ocr_line' id='line_1_8' title="bbox 180 1052 1499 1144; baseline -0.002 -24"><span class='ocrx_word' id='word_1_64' title='bbox 180 1057 252 1122; x_wconf 88' lang='lat' dir='ltr'><strong>fuse</strong></span> <span class='ocrx_word' id='word_1_65' title='bbox 268 1056 521 1123; x_wconf 89' lang='lat' dir='ltr'><strong>adscribuntur.</strong></span> <span class='ocrx_word' id='word_1_66' title='bbox 538 1078 571 1120; x_wconf 87' lang='lat' dir='ltr'><strong>v.</strong></span> <span class='ocrx_word' id='word_1_67' title='bbox 591 1061 634 1120; x_wconf 90' lang='grc'><strong>22</strong></span> <span class='ocrx_word' id='word_1_68' title='bbox 651 1082 667 1115; x_wconf 93' lang='lat'>«</span> <span class='ocrx_word' id='word_1_69' title='bbox 689 1057 728 1121; x_wconf 84' lang='lat' dir='ltr'><strong>ln</strong></span> <span class='ocrx_word' id='word_1_70' title='bbox 748 1054 909 1121; x_wconf 82' lang='lat' dir='ltr'><strong>lucendio</strong></span> <span class='ocrx_word' id='word_1_71' title='bbox 929 1068 1115 1144; x_wconf 77' lang='lat' dir='ltr'><strong>quoquere</strong></span> <span class='ocrx_word' id='word_1_72' title='bbox 1137 1055 1173 1121; x_wconf 85' lang='lat' dir='ltr'><strong>in</strong></span> <span class='ocrx_word' id='word_1_73' title='bbox 1202 1058 1227 1121; x_wconf 89' lang='lat' dir='ltr'><em>T</em></span> <span class='ocrx_word' id='word_1_74' title='bbox 1227 1054 1400 1121; x_wconf 84' lang='lat' dir='ltr'><strong>eutatioae</strong></span> <span class='ocrx_word' id='word_1_75' title='bbox 1415 1066 1446 1117; x_wconf 84' lang='lat' dir='ltr'><strong>rt</strong></span> <span class='ocrx_word' id='word_1_76' title='bbox 1462 1052 1499 1117; x_wconf 85' lang='lat' dir='ltr'><strong>in</strong></span> 
     </span>
     <span class='ocr_line' id='line_1_9' title="bbox 182 1161 1499 1252; baseline -0.005 -22"><span class='ocrx_word' id='word_1_77' title='bbox 182 1162 356 1252; x_wconf 83' lang='lat' dir='ltr'><strong>Sepulcris</strong></span> <span class='ocrx_word' id='word_1_78' title='bbox 371 1161 672 1250; x_wconf 81' lang='lat' dir='ltr'><strong>Concupiscentiae</strong></span> <span class='ocrx_word' id='word_1_79' title='bbox 684 1162 895 1252; x_wconf 80' lang='lat' dir='ltr'><strong>provocastis</strong></span> <span class='ocrx_word' id='word_1_80' title='bbox 910 1161 1096 1228; x_wconf 83' lang='lat' dir='ltr'><strong>Dominam</strong></span> <span class='ocrx_word' id='word_1_81' title='bbox 1114 1185 1148 1244; x_wconf 77' lang='lat'><strong>»;</strong></span> <span class='ocrx_word' id='word_1_82' title='bbox 1165 1201 1208 1211; x_wconf 94' lang='lat'><em>-</em></span> <span class='ocrx_word' id='word_1_83' title='bbox 1222 1167 1317 1228; x_wconf 90' lang='lat' dir='ltr'><strong>verte</strong></span> <span class='ocrx_word' id='word_1_84' title='bbox 1332 1185 1339 1229; x_wconf 90' lang='lat'>:</span> <span class='ocrx_word' id='word_1_85' title='bbox 1356 1163 1499 1225; x_wconf 78' lang='lat' dir='ltr'><strong>laterae</strong></span> 
     </span>
     <span class='ocr_line' id='line_1_10' title="bbox 183 1267 1499 1359; baseline -0.002 -25"><span class='ocrx_word' id='word_1_86' title='bbox 183 1291 317 1359; x_wconf 76' lang='lat' dir='ltr'><strong>qitoqae</strong></span> <span class='ocrx_word' id='word_1_87' title='bbox 343 1270 456 1356; x_wconf 89' lang='lat' dir='ltr'><strong>(Num.</strong></span> <span class='ocrx_word' id='word_1_88' title='bbox 481 1270 572 1355; x_wconf 86' lang='lat' dir='ltr'><strong>11‚a)</strong></span> <span class='ocrx_word' id='word_1_89' title='bbox 599 1279 631 1333; x_wconf 87' lang='lat' dir='ltr'><strong>et</strong></span> <span class='ocrx_word' id='word_1_90' title='bbox 654 1271 787 1335; x_wconf 76' lang='lat' dir='ltr'><strong>Marsae</strong></span> <span class='ocrx_word' id='word_1_91' title='bbox 812 1268 881 1357; x_wconf 79' lang='lat' dir='ltr'><strong>(Ex.</strong></span> <span class='ocrx_word' id='word_1_92' title='bbox 905 1269 1078 1349; x_wconf 73' lang='lat' dir='ltr'><strong>1&#39;1‚7;sed</strong></span> <span class='ocrx_word' id='word_1_93' title='bbox 1103 1269 1145 1336; x_wconf 90' lang='lat' dir='ltr'><strong>cl.</strong></span> <span class='ocrx_word' id='word_1_94' title='bbox 1172 1268 1215 1334; x_wconf 90' lang='lat' dir='ltr'><strong>ad</strong></span> <span class='ocrx_word' id='word_1_95' title='bbox 1239 1273 1333 1333; x_wconf 85' lang='lat' dir='ltr'><strong>Deut.</strong></span> <span class='ocrx_word' id='word_1_96' title='bbox 1360 1267 1450 1354; x_wconf 76' lang='lat'><strong><em>33‚8&#39;)</em></strong></span> <span class='ocrx_word' id='word_1_97' title='bbox 1468 1276 1499 1331; x_wconf 89' lang='lat' dir='ltr'><strong>et</strong></span> 
     </span>
     <span class='ocr_line' id='line_1_11' title="bbox 183 1373 1501 1466; baseline -0.004 -24"><span class='ocrx_word' id='word_1_98' title='bbox 183 1375 278 1466; x_wconf 71' lang='lat' dir='ltr'><strong>ayreed</strong></span> <span class='ocrx_word' id='word_1_99' title='bbox 299 1375 436 1456; x_wconf 81' lang='lat' dir='ltr'><strong>Qibrotlt</strong></span> <span class='ocrx_word' id='word_1_100' title='bbox 453 1374 544 1440; x_wconf 79' lang='lat' dir='ltr'><strong>lta-T</strong></span> <span class='ocrx_word' id='word_1_101' title='bbox 543 1397 643 1441; x_wconf 77' lang='lat' dir='ltr'><strong>aaron</strong></span> <span class='ocrx_word' id='word_1_102' title='bbox 659 1375 770 1463; x_wconf 87' lang='lat' dir='ltr'><strong>(Num.</strong></span> <span class='ocrx_word' id='word_1_103' title='bbox 790 1375 905 1464; x_wconf 70' lang='lat' dir='ltr'><strong>ssat)</strong></span> <span class='ocrx_word' id='word_1_104' title='bbox 920 1374 969 1441; x_wconf 92' lang='lat' dir='ltr'><strong>ad</strong></span> <span class='ocrx_word' id='word_1_105' title='bbox 986 1374 1075 1442; x_wconf 85' lang='lat' dir='ltr'><strong>iram</strong></span> <span class='ocrx_word' id='word_1_106' title='bbox 1087 1374 1300 1465; x_wconf 79' lang='lat' dir='ltr'><strong>provocastis</strong></span> <span class='ocrx_word' id='word_1_107' title='bbox 1316 1373 1442 1440; x_wconf 77' lang='lat' dir='ltr'><strong>latuere</strong></span> <span class='ocrx_word' id='word_1_108' title='bbox 1457 1411 1501 1420; x_wconf 95' lang='lat'><em>-</em></span> 
     </span>
     <span class='ocr_line' id='line_1_12' title="bbox 185 1480 1500 1570; baseline -0.002 -23"><span class='ocrx_word' id='word_1_109' title='bbox 185 1505 217 1549; x_wconf 92' lang='lat' dir='ltr'><strong>v.</strong></span> <span class='ocrx_word' id='word_1_110' title='bbox 241 1489 282 1548; x_wconf 91' lang='grc'><strong>23</strong></span> <span class='ocrx_word' id='word_1_111' title='bbox 305 1509 320 1542; x_wconf 82' lang='lat' dir='ltr'><strong>a</strong></span> <span class='ocrx_word' id='word_1_112' title='bbox 338 1495 369 1547; x_wconf 89' lang='lat' dir='ltr'><strong>et</strong></span> <span class='ocrx_word' id='word_1_113' title='bbox 385 1480 524 1570; x_wconf 82' lang='lat' dir='ltr'><strong>qetando</strong></span> <span class='ocrx_word' id='word_1_114' title='bbox 544 1481 638 1547; x_wconf 88' lang='lat' dir='ltr'><strong>misit</strong></span> <span class='ocrx_word' id='word_1_115' title='bbox 660 1503 716 1548; x_wconf 85' lang='lat' dir='ltr'><strong>eos</strong></span> <span class='ocrx_word' id='word_1_116' title='bbox 733 1481 774 1548; x_wconf 91' lang='lat' dir='ltr'><strong>de</strong></span> <span class='ocrx_word' id='word_1_117' title='bbox 797 1480 1007 1550; x_wconf 82' lang='lat' dir='ltr'><strong>Cadcsbarae</strong></span> <span class='ocrx_word' id='word_1_118' title='bbox 1023 1481 1139 1548; x_wconf 86' lang='lat' dir='ltr'><strong>diceus</strong></span> <span class='ocrx_word' id='word_1_119' title='bbox 1154 1503 1166 1548; x_wconf 91' lang='lat'><em>:</em></span> <span class='ocrx_word' id='word_1_120' title='bbox 1180 1480 1361 1548; x_wconf 84' lang='lat' dir='ltr'><strong>Ascendite</strong></span> <span class='ocrx_word' id='word_1_121' title='bbox 1373 1492 1405 1545; x_wconf 85' lang='lat' dir='ltr'><strong>et</strong></span> <span class='ocrx_word' id='word_1_122' title='bbox 1418 1501 1500 1568; x_wconf 83' lang='lat' dir='ltr'><strong>pos-</strong></span> 
     </span>
    </p>
   </div>
   <div class='ocr_carea' id='block_1_3' title="bbox 184 1582 1680 1678">
    <p class='ocr_par' dir='ltr' id='par_1_4' title="bbox 184 1582 1680 1678">
     <span class='ocr_line' id='line_1_13' title="bbox 184 1582 1680 1678; baseline -0.005 -23"><span class='ocrx_word' id='word_1_123' title='bbox 184 1587 291 1655; x_wconf 78' lang='lat' dir='ltr'><strong>sidte</strong></span> <span class='ocrx_word' id='word_1_124' title='bbox 314 1599 450 1671; x_wconf 82' lang='lat' dir='ltr'><strong>terram,</strong></span> <span class='ocrx_word' id='word_1_125' title='bbox 474 1609 579 1676; x_wconf 80' lang='lat' dir='ltr'><strong>qaam</strong></span> <span class='ocrx_word' id='word_1_126' title='bbox 599 1586 680 1654; x_wconf 87' lang='lat' dir='ltr'><strong>dedi</strong></span> <span class='ocrx_word' id='word_1_127' title='bbox 703 1588 807 1671; x_wconf 83' lang='lat' dir='ltr'><strong>cobis,</strong></span> <span class='ocrx_word' id='word_1_128' title='bbox 830 1601 862 1656; x_wconf 89' lang='lat' dir='ltr'><strong>et</strong></span> <span class='ocrx_word' id='word_1_129' title='bbox 886 1588 1135 1678; x_wconf 83' lang='lat' dir='ltr'><strong>conterrtpsistis</strong></span> <span class='ocrx_word' id='word_1_130' title='bbox 1155 1588 1339 1678; x_wconf 83' lang='lat' dir='ltr'><strong>imperium</strong></span> <span class='ocrx_word' id='word_1_131' title='bbox 1366 1584 1505 1651; x_wconf 80' lang='lat' dir='ltr'><strong>Domini</strong></span> <span class='ocrx_word' id='word_1_132' title='bbox 1576 1582 1579 1588; x_wconf 80' lang='grc'><strong>’</strong></span> <span class='ocrx_word' id='word_1_133' title='bbox 1676 1602 1680 1609; x_wconf 90' lang='grc'>’</span> 
     </span>
    </p>
   </div>
   <div class='ocr_carea' id='block_1_4' title="bbox 184 1692 1517 4764">
    <p class='ocr_par' dir='ltr' id='par_1_5' title="bbox 184 1692 1503 2207">
     <span class='ocr_line' id='line_1_14' title="bbox 184 1692 1499 1785; baseline -0.005 -25"><span class='ocrx_word' id='word_1_134' title='bbox 184 1695 247 1760; x_wconf 86' lang='lat' dir='ltr'><strong>Dei</strong></span> <span class='ocrx_word' id='word_1_135' title='bbox 268 1694 381 1775; x_wconf 80' lang='lat' dir='ltr'><strong>castri,</strong></span> <span class='ocrx_word' id='word_1_136' title='bbox 395 1707 429 1760; x_wconf 90' lang='lat' dir='ltr'><strong>et</strong></span> <span class='ocrx_word' id='word_1_137' title='bbox 447 1717 516 1760; x_wconf 84' lang='lat' dir='ltr'><strong>uon</strong></span> <span class='ocrx_word' id='word_1_138' title='bbox 536 1693 729 1761; x_wconf 74' lang='lat' dir='ltr'><strong>credidistis</strong></span> <span class='ocrx_word' id='word_1_139' title='bbox 748 1696 792 1781; x_wconf 88' lang='lat' dir='ltr'><strong>ei,</strong></span> <span class='ocrx_word' id='word_1_140' title='bbox 812 1718 921 1785; x_wconf 80' lang='lat' dir='ltr'><strong>aeqzte</strong></span> <span class='ocrx_word' id='word_1_141' title='bbox 939 1718 1051 1762; x_wconf 81' lang='lat' dir='ltr'><strong>rocem</strong></span> <span class='ocrx_word' id='word_1_142' title='bbox 1068 1696 1140 1762; x_wconf 88' lang='lat' dir='ltr'><strong>eias</strong></span> <span class='ocrx_word' id='word_1_143' title='bbox 1154 1695 1276 1763; x_wconf 82' lang='lat' dir='ltr'><strong>attdire</strong></span> <span class='ocrx_word' id='word_1_144' title='bbox 1295 1692 1447 1760; x_wconf 77' lang='lat' dir='ltr'><strong>voletistis</strong></span> <span class='ocrx_word' id='word_1_145' title='bbox 1465 1710 1499 1767; x_wconf 74' lang='grc' dir='ltr'><strong>»ς</strong></span> 
     </span>
     <span class='ocr_line' id='line_1_15' title="bbox 184 1799 1499 1891; baseline -0.001 -25"><span class='ocrx_word' id='word_1_146' title='bbox 184 1824 216 1868; x_wconf 85' lang='grc' dir='ltr'><strong>ν.</strong></span> <span class='ocrx_word' id='word_1_147' title='bbox 244 1807 285 1867; x_wconf 62' lang='lat' dir='ltr'><strong>it</strong></span> <span class='ocrx_word' id='word_1_148' title='bbox 313 1827 329 1863; x_wconf 85' lang='lat' dir='ltr'><strong>a</strong></span> <span class='ocrx_word' id='word_1_149' title='bbox 354 1799 415 1867; x_wconf 90' lang='lat' dir='ltr'><strong>sed</strong></span> <span class='ocrx_word' id='word_1_150' title='bbox 440 1804 572 1891; x_wconf 81' lang='lat' dir='ltr'><strong>semper</strong></span> <span class='ocrx_word' id='word_1_151' title='bbox 597 1801 715 1889; x_wconf 74' lang='lat' dir='ltr'><strong>fuistis</strong></span> <span class='ocrx_word' id='word_1_152' title='bbox 737 1802 875 1868; x_wconf 79' lang='lat' dir='ltr'><strong>rebelles</strong></span> <span class='ocrx_word' id='word_1_153' title='bbox 904 1826 926 1869; x_wconf 93' lang='lat' dir='ltr'><strong>a</strong></span> <span class='ocrx_word' id='word_1_154' title='bbox 948 1803 1019 1887; x_wconf 84' lang='lat' dir='ltr'><strong>die,</strong></span> <span class='ocrx_word' id='word_1_155' title='bbox 1044 1825 1114 1891; x_wconf 77' lang='lat' dir='ltr'><strong>qua</strong></span> <span class='ocrx_word' id='word_1_156' title='bbox 1143 1824 1246 1868; x_wconf 83' lang='lat' dir='ltr'><strong>aesse-</strong></span> <span class='ocrx_word' id='word_1_157' title='bbox 1268 1824 1325 1867; x_wconf 83' lang='lat' dir='ltr'><strong>eos</strong></span> <span class='ocrx_word' id='word_1_158' title='bbox 1351 1799 1446 1889; x_wconf 75' lang='lat' dir='ltr'><strong>coepi</strong></span> <span class='ocrx_word' id='word_1_159' title='bbox 1470 1823 1499 1865; x_wconf 85' lang='lat'><strong>».</strong></span> 
     </span>
     <span class='ocr_line' id='line_1_16' title="bbox 185 1900 1500 1998; baseline -0.004 -24"><span class='ocrx_word' id='word_1_160' title='bbox 185 1908 279 1974; x_wconf 89' lang='lat' dir='ltr'><strong>Sam.</strong></span> <span class='ocrx_word' id='word_1_161' title='bbox 304 1910 395 1973; x_wconf 80' lang='lat' dir='ltr'><strong>LXX</strong></span> <span class='ocrx_word' id='word_1_162' title='bbox 411 1921 487 1975; x_wconf 67' lang='lat' dir='ltr'><strong>&#39;nst</strong></span> <span class='ocrx_word' id='word_1_163' title='bbox 511 1900 573 1997; x_wconf 90' lang='lat' dir='ltr'><strong>pro</strong></span> <span class='ocrx_word' id='word_1_164' title='bbox 594 1920 682 1982; x_wconf 56' lang='lat' dir='ltr'><strong>inat,</strong></span> <span class='ocrx_word' id='word_1_165' title='bbox 704 1930 787 1995; x_wconf 87' lang='lat' dir='ltr'><strong>ergo</strong></span> <span class='ocrx_word' id='word_1_166' title='bbox 807 1909 1009 1976; x_wconf 89' lang='lat' dir='ltr'><strong>vertendum</strong></span> <span class='ocrx_word' id='word_1_167' title='bbox 1030 1910 1155 1998; x_wconf 85' lang='lat' dir='ltr'><strong>coepit,</strong></span> <span class='ocrx_word' id='word_1_168' title='bbox 1172 1931 1218 1977; x_wconf 90' lang='lat' dir='ltr'><strong>sc.</strong></span> <span class='ocrx_word' id='word_1_169' title='bbox 1242 1907 1344 1974; x_wconf 86' lang='lat' dir='ltr'><strong>lahve</strong></span> <span class='ocrx_word' id='word_1_170' title='bbox 1365 1929 1411 1973; x_wconf 92' lang='lat' dir='ltr'><strong>:a</strong></span> <span class='ocrx_word' id='word_1_171' title='bbox 1432 1906 1500 1986; x_wconf 82' lang='lat' dir='ltr'><strong>die,</strong></span> 
     </span>
     <span class='ocr_line' id='line_1_17' title="bbox 186 2011 1503 2103; baseline -0.003 -25"><span class='ocrx_word' id='word_1_172' title='bbox 186 2035 253 2102; x_wconf 94' lang='lat' dir='ltr'><strong>quo</strong></span> <span class='ocrx_word' id='word_1_173' title='bbox 277 2013 385 2079; x_wconf 87' lang='lat' dir='ltr'><strong>voluit</strong></span> <span class='ocrx_word' id='word_1_174' title='bbox 408 2013 506 2080; x_wconf 89' lang='lat' dir='ltr'><strong>vobis</strong></span> <span class='ocrx_word' id='word_1_175' title='bbox 537 2036 608 2080; x_wconf 89' lang='lat' dir='ltr'><strong>esse</strong></span> <span class='ocrx_word' id='word_1_176' title='bbox 639 2015 754 2094; x_wconf 85' lang='lat' dir='ltr'><strong>lahve,</strong></span> <span class='ocrx_word' id='word_1_177' title='bbox 775 2037 901 2103; x_wconf 90' lang='lat' dir='ltr'><strong>vosque</strong></span> <span class='ocrx_word' id='word_1_178' title='bbox 930 2015 967 2080; x_wconf 91' lang='lat' dir='ltr'><strong>in</strong></span> <span class='ocrx_word' id='word_1_179' title='bbox 995 2035 1097 2080; x_wconf 91' lang='lat' dir='ltr'><strong>sunm</strong></span> <span class='ocrx_word' id='word_1_180' title='bbox 1126 2014 1309 2102; x_wconf 88' lang='lat' dir='ltr'><strong>assumpsit</strong></span> <span class='ocrx_word' id='word_1_181' title='bbox 1337 2011 1503 2102; x_wconf 91' lang='lat' dir='ltr'><strong>populum</strong></span> 
     </span>
     <span class='ocr_line' id='line_1_18' title="bbox 186 2120 677 2207; baseline 0.016 -23"><span class='ocrx_word' id='word_1_182' title='bbox 186 2120 254 2207; x_wconf 79' lang='lat' dir='ltr'><strong>(Er.</strong></span> <span class='ocrx_word' id='word_1_183' title='bbox 276 2120 323 2207; x_wconf 81' lang='lat'><strong>3).</strong></span> <span class='ocrx_word' id='word_1_184' title='bbox 675 2188 677 2192; x_wconf 77' lang='grc'><strong>,</strong></span> 
     </span>
    </p>

    <p class='ocr_par' dir='ltr' id='par_1_6' title="bbox 184 2223 1517 3484">
     <span class='ocr_line' id='line_1_19' title="bbox 229 2223 1503 2315; baseline -0.004 -23"><span class='ocrx_word' id='word_1_185' title='bbox 229 2225 443 2293; x_wconf 84' lang='lat' dir='ltr'><strong>Rebelliones</strong></span> <span class='ocrx_word' id='word_1_186' title='bbox 458 2249 491 2292; x_wconf 92' lang='lat' dir='ltr'><strong>v.</strong></span> <span class='ocrx_word' id='word_1_187' title='bbox 510 2231 552 2293; x_wconf 88' lang='grc'><strong>22</strong></span> <span class='ocrx_word' id='word_1_188' title='bbox 571 2249 640 2293; x_wconf 92' lang='lat' dir='ltr'><strong>non</strong></span> <span class='ocrx_word' id='word_1_189' title='bbox 660 2231 881 2294; x_wconf 85' lang='lat' dir='ltr'><strong>recensentur</strong></span> <span class='ocrx_word' id='word_1_190' title='bbox 898 2227 1019 2293; x_wconf 91' lang='lat' dir='ltr'><strong>ordine</strong></span> <span class='ocrx_word' id='word_1_191' title='bbox 1040 2224 1296 2315; x_wconf 84' lang='lat' dir='ltr'><strong>chronologico,</strong></span> <span class='ocrx_word' id='word_1_192' title='bbox 1315 2223 1503 2291; x_wconf 91' lang='lat' dir='ltr'><strong>secundum</strong></span> 
     </span>
     <span class='ocr_line' id='line_1_20' title="bbox 184 2332 1504 2423; baseline -0.003 -25"><span class='ocrx_word' id='word_1_193' title='bbox 184 2353 287 2422; x_wconf 88' lang='lat' dir='ltr'><strong>quem</strong></span> <span class='ocrx_word' id='word_1_194' title='bbox 314 2338 414 2399; x_wconf 82' lang='lat' dir='ltr'><strong>Massa</strong></span> <span class='ocrx_word' id='word_1_195' title='bbox 435 2332 555 2423; x_wconf 88' lang='lat' dir='ltr'><strong>utique</strong></span> <span class='ocrx_word' id='word_1_196' title='bbox 575 2355 646 2399; x_wconf 90' lang='lat' dir='ltr'><strong>non</strong></span> <span class='ocrx_word' id='word_1_197' title='bbox 670 2332 821 2400; x_wconf 91' lang='lat' dir='ltr'><strong>secundo</strong></span> <span class='ocrx_word' id='word_1_198' title='bbox 840 2333 916 2400; x_wconf 92' lang='lat' dir='ltr'><strong>loco</strong></span> <span class='ocrx_word' id='word_1_199' title='bbox 941 2333 1125 2401; x_wconf 89' lang='lat' dir='ltr'><strong>scribenda</strong></span> <span class='ocrx_word' id='word_1_200' title='bbox 1147 2339 1235 2413; x_wconf 89' lang='lat' dir='ltr'><strong>erat;</strong></span> <span class='ocrx_word' id='word_1_201' title='bbox 1251 2354 1364 2420; x_wconf 91' lang='lat' dir='ltr'><strong>neque</strong></span> <span class='ocrx_word' id='word_1_202' title='bbox 1388 2352 1428 2396; x_wconf 91' lang='lat' dir='ltr'><strong>eo</strong></span> <span class='ocrx_word' id='word_1_203' title='bbox 1449 2351 1504 2395; x_wconf 92' lang='lat' dir='ltr'><strong>or-</strong></span> 
     </span>
     <span class='ocr_line' id='line_1_21' title="bbox 185 2437 1500 2507; baseline -0.002 -3"><span class='ocrx_word' id='word_1_204' title='bbox 185 2439 265 2504; x_wconf 91' lang='lat' dir='ltr'><strong>dine</strong></span> <span class='ocrx_word' id='word_1_205' title='bbox 287 2439 478 2506; x_wconf 89' lang='lat' dir='ltr'><strong>necessario</strong></span> <span class='ocrx_word' id='word_1_206' title='bbox 499 2438 727 2507; x_wconf 83' lang='lat' dir='ltr'><strong>recensendae</strong></span> <span class='ocrx_word' id='word_1_207' title='bbox 750 2446 849 2507; x_wconf 88' lang='lat' dir='ltr'><strong>erant</strong></span> <span class='ocrx_word' id='word_1_208' title='bbox 872 2439 909 2505; x_wconf 92' lang='lat' dir='ltr'><strong>in</strong></span> <span class='ocrx_word' id='word_1_209' title='bbox 930 2445 1000 2506; x_wconf 92' lang='lat' dir='ltr'><strong>tam</strong></span> <span class='ocrx_word' id='word_1_210' title='bbox 1025 2439 1212 2507; x_wconf 90' lang='lat' dir='ltr'><strong>summaria</strong></span> <span class='ocrx_word' id='word_1_211' title='bbox 1232 2437 1500 2505; x_wconf 89' lang='lat' dir='ltr'><strong>enumeratione.</strong></span> 
     </span>
     <span class='ocr_line' id='line_1_22' title="bbox 185 2542 1505 2633; baseline -0.002 -23"><span class='ocrx_word' id='word_1_212' title='bbox 185 2549 345 2626; x_wconf 69' lang='lat' dir='ltr'><strong>Quaeres</strong></span> <span class='ocrx_word' id='word_1_213' title='bbox 364 2567 425 2610; x_wconf 92' lang='lat' dir='ltr'><strong>cur</strong></span> <span class='ocrx_word' id='word_1_214' title='bbox 453 2567 521 2610; x_wconf 91' lang='lat' dir='ltr'><strong>non</strong></span> <span class='ocrx_word' id='word_1_215' title='bbox 553 2545 701 2631; x_wconf 84' lang='lat' dir='ltr'><strong>attingat</strong></span> <span class='ocrx_word' id='word_1_216' title='bbox 729 2550 845 2611; x_wconf 90' lang='lat' dir='ltr'><strong>orator</strong></span> <span class='ocrx_word' id='word_1_217' title='bbox 874 2567 1038 2630; x_wconf 88' lang='lat' dir='ltr'><strong>magnam</strong></span> <span class='ocrx_word' id='word_1_218' title='bbox 1061 2545 1158 2611; x_wconf 89' lang='lat' dir='ltr'><strong>illam</strong></span> <span class='ocrx_word' id='word_1_219' title='bbox 1185 2544 1278 2633; x_wconf 94' lang='lat' dir='ltr'><strong>apud</strong></span> <span class='ocrx_word' id='word_1_220' title='bbox 1305 2549 1351 2610; x_wconf 89' lang='lat' dir='ltr'><strong>lle</strong></span> <span class='ocrx_word' id='word_1_221' title='bbox 1379 2542 1505 2609; x_wconf 88' lang='lat' dir='ltr'><strong>ltleriba</strong></span> 
     </span>
     <span class='ocr_line' id='line_1_23' title="bbox 185 2648 1503 2737; baseline -0.003 -21"><span class='ocrx_word' id='word_1_222' title='bbox 185 2650 420 2717; x_wconf 88' lang='lat' dir='ltr'><strong>rebellionem.</strong></span> <span class='ocrx_word' id='word_1_223' title='bbox 443 2651 600 2733; x_wconf 65' lang='lat' dir='ltr'><strong>adverto,</strong></span> <span class='ocrx_word' id='word_1_224' title='bbox 620 2672 699 2716; x_wconf 93' lang='lat' dir='ltr'><strong>eum</strong></span> <span class='ocrx_word' id='word_1_225' title='bbox 714 2650 779 2716; x_wconf 90' lang='lat' dir='ltr'><strong>hac</strong></span> <span class='ocrx_word' id='word_1_226' title='bbox 799 2650 953 2716; x_wconf 89' lang='lat' dir='ltr'><strong>oratione</strong></span> <span class='ocrx_word' id='word_1_227' title='bbox 968 2655 1063 2716; x_wconf 85' lang='lat' dir='ltr'><strong>Dent.</strong></span> <span class='ocrx_word' id='word_1_228' title='bbox 1087 2657 1162 2718; x_wconf 82' lang='lat'>5-11</span> <span class='ocrx_word' id='word_1_229' title='bbox 1186 2651 1258 2715; x_wconf 90' lang='lat' dir='ltr'><strong>luse</strong></span> <span class='ocrx_word' id='word_1_230' title='bbox 1276 2648 1430 2737; x_wconf 60' lang='lat' dir='ltr'><strong>[tractare</strong></span> <span class='ocrx_word' id='word_1_231' title='bbox 1451 2670 1503 2712; x_wconf 90' lang='lat' dir='ltr'><strong>re-</strong></span> 
     </span>
     <span class='ocr_line' id='line_1_24' title="bbox 185 2753 1504 2844; baseline -0.005 -21"><span class='ocrx_word' id='word_1_232' title='bbox 185 2757 370 2823; x_wconf 88' lang='lat' dir='ltr'><strong>bellionem</strong></span> <span class='ocrx_word' id='word_1_233' title='bbox 397 2761 454 2823; x_wconf 36' lang='lat' dir='ltr'><strong>Exi</strong></span> <span class='ocrx_word' id='word_1_234' title='bbox 487 2763 545 2835; x_wconf 89' lang='grc'><strong>32,</strong></span> <span class='ocrx_word' id='word_1_235' title='bbox 571 2762 604 2822; x_wconf 88' lang='lat' dir='ltr'><strong>et</strong></span> <span class='ocrx_word' id='word_1_236' title='bbox 637 2756 750 2823; x_wconf 88' lang='lat' dir='ltr'><strong>obiter</strong></span> <span class='ocrx_word' id='word_1_237' title='bbox 778 2756 947 2844; x_wconf 82' lang='lat' dir='ltr'><strong>attingere</strong></span> <span class='ocrx_word' id='word_1_238' title='bbox 976 2762 1133 2837; x_wconf 85' lang='lat' dir='ltr'><strong>Massam,</strong></span> <span class='ocrx_word' id='word_1_239' title='bbox 1159 2756 1341 2835; x_wconf 79' lang='lat' dir='ltr'><strong>Taberam-‚</strong></span> <span class='ocrx_word' id='word_1_240' title='bbox 1364 2753 1504 2830; x_wconf 83' lang='lat' dir='ltr'><strong>Qibroth</strong></span> 
     </span>
     <span class='ocr_line' id='line_1_25' title="bbox 186 2861 1505 2951; baseline -0.002 -24"><span class='ocrx_word' id='word_1_241' title='bbox 186 2863 373 2929; x_wconf 81' lang='lat' dir='ltr'><strong>ha-Taawa</strong></span> <span class='ocrx_word' id='word_1_242' title='bbox 386 2869 419 2930; x_wconf 90' lang='lat' dir='ltr'><strong>et</strong></span> <span class='ocrx_word' id='word_1_243' title='bbox 438 2867 536 2930; x_wconf 86' lang='lat' dir='ltr'><strong>Num.</strong></span> <span class='ocrx_word' id='word_1_244' title='bbox 562 2869 601 2930; x_wconf 85' lang='lat'><strong>13</strong></span> <span class='ocrx_word' id='word_1_245' title='bbox 619 2884 690 2951; x_wconf 86' lang='lat' dir='ltr'><strong>sq.;</strong></span> <span class='ocrx_word' id='word_1_246' title='bbox 708 2861 920 2929; x_wconf 87' lang='lat' dir='ltr'><strong>inoratione</strong></span> <span class='ocrx_word' id='word_1_247' title='bbox 937 2884 1017 2929; x_wconf 90' lang='lat' dir='ltr'><strong>vero</strong></span> <span class='ocrx_word' id='word_1_248' title='bbox 1040 2867 1191 2946; x_wconf 81' lang='lat' dir='ltr'><strong>1‚c-t‚ao</strong></span> <span class='ocrx_word' id='word_1_249' title='bbox 1205 2861 1276 2928; x_wconf 86' lang='lat' dir='ltr'><strong>fuse</strong></span> <span class='ocrx_word' id='word_1_250' title='bbox 1290 2866 1437 2927; x_wconf 90' lang='lat' dir='ltr'><strong>tractare</strong></span> <span class='ocrx_word' id='word_1_251' title='bbox 1451 2881 1505 2924; x_wconf 91' lang='lat' dir='ltr'><strong>re-</strong></span> 
     </span>
     <span class='ocr_line' id='line_1_26' title="bbox 185 2965 1517 3059; baseline -0.003 -24"><span class='ocrx_word' id='word_1_252' title='bbox 185 2968 370 3036; x_wconf 88' lang='lat' dir='ltr'><strong>bellionem</strong></span> <span class='ocrx_word' id='word_1_253' title='bbox 393 2974 492 3036; x_wconf 81' lang='lat' dir='ltr'><strong>Num.</strong></span> <span class='ocrx_word' id='word_1_254' title='bbox 517 2976 557 3036; x_wconf 86' lang='lat'><strong>13</strong></span> <span class='ocrx_word' id='word_1_255' title='bbox 577 2991 628 3059; x_wconf 90' lang='lat' dir='ltr'><strong>sq.</strong></span> <span class='ocrx_word' id='word_1_256' title='bbox 648 2976 693 3051; x_wconf 88' lang='lat' dir='ltr'><strong>et,</strong></span> <span class='ocrx_word' id='word_1_257' title='bbox 714 2968 852 3058; x_wconf 88' lang='lat' dir='ltr'><strong>quando</strong></span> <span class='ocrx_word' id='word_1_258' title='bbox 872 2969 1008 3055; x_wconf 85' lang='lat' dir='ltr'><strong>integer</strong></span> <span class='ocrx_word' id='word_1_259' title='bbox 1025 2968 1072 3034; x_wconf 90' lang='lat' dir='ltr'><strong>ib.</strong></span> <span class='ocrx_word' id='word_1_260' title='bbox 1096 2974 1169 3036; x_wconf 90' lang='lat' dir='ltr'><strong>erat</strong></span> <span class='ocrx_word' id='word_1_261' title='bbox 1191 2973 1312 3046; x_wconf 82' lang='lat' dir='ltr'><strong>textus,</strong></span> <span class='ocrx_word' id='word_1_262' title='bbox 1332 2967 1404 3033; x_wconf 84' lang='lat' dir='ltr'><strong>tuse</strong></span> <span class='ocrx_word' id='word_1_263' title='bbox 1423 2965 1517 3032; x_wconf 88' lang='lat' dir='ltr'><strong>item&#39;</strong></span> 
     </span>
     <span class='ocr_line' id='line_1_27' title="bbox 185 3072 1504 3165; baseline -0.002 -24"><span class='ocrx_word' id='word_1_264' title='bbox 185 3075 258 3142; x_wconf 94' lang='lat' dir='ltr'><strong>sine</strong></span> <span class='ocrx_word' id='word_1_265' title='bbox 277 3076 383 3142; x_wconf 91' lang='lat' dir='ltr'><strong>dubio</strong></span> <span class='ocrx_word' id='word_1_266' title='bbox 396 3081 555 3143; x_wconf 85' lang='lat' dir='ltr'><strong>tractasse</strong></span> <span class='ocrx_word' id='word_1_267' title='bbox 571 3076 619 3165; x_wconf 90' lang='lat' dir='ltr'><strong>(v.</strong></span> <span class='ocrx_word' id='word_1_268' title='bbox 634 3098 660 3142; x_wconf 91' lang='lat' dir='ltr'><strong>s.</strong></span> <span class='ocrx_word' id='word_1_269' title='bbox 678 3099 712 3165; x_wconf 91' lang='lat' dir='ltr'><strong>p.</strong></span> <span class='ocrx_word' id='word_1_270' title='bbox 733 3083 793 3142; x_wconf 87' lang='grc'><strong>191</strong></span> <span class='ocrx_word' id='word_1_271' title='bbox 812 3074 879 3164; x_wconf 86' lang='lat' dir='ltr'><strong>sq.)</strong></span> <span class='ocrx_word' id='word_1_272' title='bbox 895 3074 1118 3142; x_wconf 90' lang='lat' dir='ltr'><strong>rebellionem</strong></span> <span class='ocrx_word' id='word_1_273' title='bbox 1143 3074 1180 3140; x_wconf 93' lang='lat' dir='ltr'><strong>in</strong></span> <span class='ocrx_word' id='word_1_274' title='bbox 1201 3078 1248 3141; x_wconf 82' lang='lat' dir='ltr'><strong>Me</strong></span> <span class='ocrx_word' id='word_1_275' title='bbox 1269 3072 1407 3140; x_wconf 88' lang='lat' dir='ltr'><strong>lleriba.</strong></span> <span class='ocrx_word' id='word_1_276' title='bbox 1426 3075 1504 3138; x_wconf 83' lang='lat' dir='ltr'><strong>(lm-</strong></span> 
     </span>
     <span class='ocr_line' id='line_1_28' title="bbox 187 3179 1505 3272; baseline -0.002 -25"><span class='ocrx_word' id='word_1_277' title='bbox 187 3203 245 3247; x_wconf 91' lang='lat' dir='ltr'><strong>nes</strong></span> <span class='ocrx_word' id='word_1_278' title='bbox 267 3182 368 3249; x_wconf 92' lang='lat' dir='ltr'><strong>totius</strong></span> <span class='ocrx_word' id='word_1_279' title='bbox 387 3183 506 3272; x_wconf 90' lang='lat' dir='ltr'><strong>populi</strong></span> <span class='ocrx_word' id='word_1_280' title='bbox 520 3182 725 3249; x_wconf 86' lang='lat' dir='ltr'><strong>rebelliones</strong></span> <span class='ocrx_word' id='word_1_281' title='bbox 743 3182 882 3268; x_wconf 89' lang='lat' dir='ltr'><strong>attingit</strong></span> <span class='ocrx_word' id='word_1_282' title='bbox 901 3204 940 3247; x_wconf 85' lang='lat' dir='ltr'><strong>ex</strong></span> <span class='ocrx_word' id='word_1_283' title='bbox 955 3181 1087 3264; x_wconf 89' lang='lat' dir='ltr'><strong>ordine,</strong></span> <span class='ocrx_word' id='word_1_284' title='bbox 1103 3179 1291 3247; x_wconf 91' lang='lat' dir='ltr'><strong>dummodo</strong></span> <span class='ocrx_word' id='word_1_285' title='bbox 1312 3179 1505 3247; x_wconf 90' lang='lat' dir='ltr'><strong>orationum</strong></span> 
     </span>
     <span class='ocr_line' id='line_1_29' title="bbox 188 3287 1505 3373; baseline -0.001 -20"><span class='ocrx_word' id='word_1_286' title='bbox 188 3294 342 3373; x_wconf 55' lang='lat' dir='ltr'><strong>lui-lide</strong></span> <span class='ocrx_word' id='word_1_287' title='bbox 360 3296 392 3356; x_wconf 90' lang='lat' dir='ltr'><strong>et</strong></span> <span class='ocrx_word' id='word_1_288' title='bbox 414 3296 490 3357; x_wconf 84' lang='lat'>5-11</span> <span class='ocrx_word' id='word_1_289' title='bbox 514 3288 598 3355; x_wconf 93' lang='lat' dir='ltr'><strong>ordo</strong></span> <span class='ocrx_word' id='word_1_290' title='bbox 621 3289 822 3356; x_wconf 89' lang='lat' dir='ltr'><strong>invertatur.</strong></span> <span class='ocrx_word' id='word_1_291' title='bbox 842 3293 997 3355; x_wconf 90' lang='lat' dir='ltr'><strong>Ceterum</strong></span> <span class='ocrx_word' id='word_1_292' title='bbox 1021 3288 1065 3354; x_wconf 92' lang='lat' dir='ltr'><strong>ad</strong></span> <span class='ocrx_word' id='word_1_293' title='bbox 1086 3293 1174 3370; x_wconf 71' lang='lat' dir='ltr'><strong>aas</strong></span> <span class='ocrx_word' id='word_1_294' title='bbox 1190 3287 1421 3369; x_wconf 87' lang='lat' dir='ltr'><strong>discutiemus,</strong></span> <span class='ocrx_word' id='word_1_295' title='bbox 1446 3307 1505 3353; x_wconf 90' lang='lat' dir='ltr'><strong>an·</strong></span> 
     </span>
     <span class='ocr_line' id='line_1_30' title="bbox 187 3393 1288 3484; baseline -0.002 -24"><span class='ocrx_word' id='word_1_296' title='bbox 187 3416 255 3460; x_wconf 90' lang='lat' dir='ltr'><strong>non</strong></span> <span class='ocrx_word' id='word_1_297' title='bbox 273 3397 413 3462; x_wconf 92' lang='lat' dir='ltr'><strong>nomine</strong></span> <span class='ocrx_word' id='word_1_298' title='bbox 431 3401 532 3462; x_wconf 85' lang='lat' dir='ltr'><strong>llassa</strong></span> <span class='ocrx_word' id='word_1_299' title='bbox 546 3395 620 3484; x_wconf 90' lang='lat' dir='ltr'><strong>ipsa</strong></span> <span class='ocrx_word' id='word_1_300' title='bbox 638 3396 777 3462; x_wconf 84' lang='lat' dir='ltr'><strong>fortasse</strong></span> <span class='ocrx_word' id='word_1_301' title='bbox 793 3393 899 3461; x_wconf 84' lang='lat' dir='ltr'><strong>Gades</strong></span> <span class='ocrx_word' id='word_1_302' title='bbox 918 3399 1050 3460; x_wconf 87' lang='lat' dir='ltr'><strong>Barnea</strong></span> <span class='ocrx_word' id='word_1_303' title='bbox 1066 3393 1288 3483; x_wconf 87' lang='lat' dir='ltr'><strong>exprimatur.</strong></span> 
     </span>
    </p>

    <p class='ocr_par' dir='ltr' id='par_1_7' title="bbox 186 3498 1506 4764">
     <span class='ocr_line' id='line_1_31' title="bbox 231 3498 1505 3587; baseline -0.001 -22"><span class='ocrx_word' id='word_1_304' title='bbox 231 3506 303 3565; x_wconf 93' lang='lat' dir='ltr'><strong>Non</strong></span> <span class='ocrx_word' id='word_1_305' title='bbox 324 3500 410 3566; x_wconf 91' lang='lat' dir='ltr'><strong>illud</strong></span> <span class='ocrx_word' id='word_1_306' title='bbox 432 3502 553 3586; x_wconf 84' lang='lat' dir='ltr'><strong>solnm,</strong></span> <span class='ocrx_word' id='word_1_307' title='bbox 573 3523 616 3567; x_wconf 91' lang='lat' dir='ltr'><strong>ne</strong></span> <span class='ocrx_word' id='word_1_308' title='bbox 638 3502 811 3568; x_wconf 89' lang='lat' dir='ltr'><strong>deleretur</strong></span> <span class='ocrx_word' id='word_1_309' title='bbox 829 3500 943 3577; x_wconf 88' lang='lat' dir='ltr'><strong>lsrael,</strong></span> <span class='ocrx_word' id='word_1_310' title='bbox 959 3505 1084 3587; x_wconf 82' lang='lat' dir='ltr'><strong>Moyses</strong></span> <span class='ocrx_word' id='word_1_311' title='bbox 1103 3498 1344 3565; x_wconf 90' lang='lat' dir='ltr'><strong>intercessione</strong></span> <span class='ocrx_word' id='word_1_312' title='bbox 1364 3521 1384 3564; x_wconf 86' lang='lat' dir='ltr'><strong>a</strong></span> <span class='ocrx_word' id='word_1_313' title='bbox 1404 3498 1505 3564; x_wconf 87' lang='lat' dir='ltr'><strong>lahve</strong></span> 
     </span>
     <span class='ocr_line' id='line_1_32' title="bbox 187 3604 1506 3696; baseline 0.002 -27"><span class='ocrx_word' id='word_1_314' title='bbox 187 3605 399 3695; x_wconf 86' lang='lat' dir='ltr'><strong>impetravit,</strong></span> <span class='ocrx_word' id='word_1_315' title='bbox 418 3607 476 3672; x_wconf 90' lang='lat' dir='ltr'><strong>sed</strong></span> <span class='ocrx_word' id='word_1_316' title='bbox 496 3607 660 3696; x_wconf 86' lang='lat' dir='ltr'><strong>pristinae</strong></span> <span class='ocrx_word' id='word_1_317' title='bbox 676 3607 808 3694; x_wconf 89' lang='lat' dir='ltr'><strong>gratiae</strong></span> <span class='ocrx_word' id='word_1_318' title='bbox 823 3606 1085 3688; x_wconf 86' lang='lat' dir='ltr'><strong>restitutionem,</strong></span> <span class='ocrx_word' id='word_1_319' title='bbox 1101 3605 1266 3672; x_wconf 86' lang='lat' dir='ltr'><strong>concessis</strong></span> <span class='ocrx_word' id='word_1_320' title='bbox 1286 3604 1442 3672; x_wconf 88' lang='lat' dir='ltr'><strong>secundis</strong></span> <span class='ocrx_word' id='word_1_321' title='bbox 1456 3609 1506 3672; x_wconf 90' lang='lat' dir='ltr'><strong>ta-</strong></span> 
     </span>
     <span class='ocr_line' id='line_1_33' title="bbox 187 3710 1505 3802; baseline 0.002 -27"><span class='ocrx_word' id='word_1_322' title='bbox 187 3710 281 3776; x_wconf 90' lang='lat' dir='ltr'><strong>bulis</strong></span> <span class='ocrx_word' id='word_1_323' title='bbox 296 3711 335 3776; x_wconf 93' lang='lat' dir='ltr'><strong>in</strong></span> <span class='ocrx_word' id='word_1_324' title='bbox 350 3734 428 3777; x_wconf 89' lang='lat' dir='ltr'><strong>arca</strong></span> <span class='ocrx_word' id='word_1_325' title='bbox 442 3712 625 3791; x_wconf 78' lang='lat' dir='ltr'><strong>levitarum</strong></span> <span class='ocrx_word' id='word_1_326' title='bbox 640 3736 742 3780; x_wconf 88' lang='lat' dir='ltr'><strong>curae</strong></span> <span class='ocrx_word' id='word_1_327' title='bbox 753 3717 996 3802; x_wconf 89' lang='lat' dir='ltr'><strong>permanenter</strong></span> <span class='ocrx_word' id='word_1_328' title='bbox 1008 3711 1195 3778; x_wconf 89' lang='lat' dir='ltr'><strong>commissis</strong></span> <span class='ocrx_word' id='word_1_329' title='bbox 1207 3717 1397 3792; x_wconf 83' lang='grc'>9,25-10,9.</span> <span class='ocrx_word' id='word_1_330' title='bbox 1414 3735 1445 3777; x_wconf 90' lang='grc' dir='ltr'><strong>ν.</strong></span> <span class='ocrx_word' id='word_1_331' title='bbox 1462 3718 1505 3778; x_wconf 77' lang='grc'><strong>25</strong></span> 
     </span>
     <span class='ocr_line' id='line_1_34' title="bbox 189 3816 1505 3909; baseline 0 -27"><span class='ocrx_word' id='word_1_332' title='bbox 189 3845 204 3877; x_wconf 89' lang='lat'>«</span> <span class='ocrx_word' id='word_1_333' title='bbox 224 3820 266 3882; x_wconf 85' lang='lat' dir='ltr'><strong>Et</strong></span> <span class='ocrx_word' id='word_1_334' title='bbox 286 3817 380 3883; x_wconf 89' lang='lat' dir='ltr'><strong>iacui</strong></span> <span class='ocrx_word' id='word_1_335' title='bbox 399 3840 513 3884; x_wconf 88' lang='lat' dir='ltr'><strong>coram</strong></span> <span class='ocrx_word' id='word_1_336' title='bbox 535 3819 680 3885; x_wconf 82' lang='lat' dir='ltr'><strong>Domino</strong></span> <span class='ocrx_word' id='word_1_337' title='bbox 696 3819 932 3909; x_wconf 68' lang='lat' dir='ltr'><strong>quaitraqtnia</strong></span> <span class='ocrx_word' id='word_1_338' title='bbox 952 3816 1068 3884; x_wconf 83' lang='lat' dir='ltr'><strong>dicbus</strong></span> <span class='ocrx_word' id='word_1_339' title='bbox 1083 3840 1124 3884; x_wconf 89' lang='lat' dir='ltr'><strong>ac</strong></span> <span class='ocrx_word' id='word_1_340' title='bbox 1140 3816 1294 3884; x_wconf 84' lang='lat' dir='ltr'><strong>noctibas</strong></span> <span class='ocrx_word' id='word_1_341' title='bbox 1316 3846 1344 3900; x_wconf 75' lang='lat' dir='ltr'><strong>u,</strong></span> <span class='ocrx_word' id='word_1_342' title='bbox 1366 3818 1444 3883; x_wconf 89' lang='lat' dir='ltr'><strong>totis</strong></span> <span class='ocrx_word' id='word_1_343' title='bbox 1463 3818 1505 3881; x_wconf 92' lang='lat' dir='ltr'><strong>il-</strong></span> 
     </span>
     <span class='ocr_line' id='line_1_35' title="bbox 187 3922 1505 4014; baseline 0.001 -26"><span class='ocrx_word' id='word_1_344' title='bbox 187 3924 228 3989; x_wconf 91' lang='lat' dir='ltr'><strong>lis</strong></span> <span class='ocrx_word' id='word_1_345' title='bbox 242 3923 414 3990; x_wconf 90' lang='lat' dir='ltr'><strong>continuis</strong></span> <span class='ocrx_word' id='word_1_346' title='bbox 434 3925 500 4013; x_wconf 82' lang='lat' dir='ltr'><strong>(bis</strong></span> <span class='ocrx_word' id='word_1_347' title='bbox 515 3940 572 4009; x_wconf 78' lang='lat' dir='ltr'><strong>ns)</strong></span> <span class='ocrx_word' id='word_1_348' title='bbox 589 3924 712 3990; x_wconf 92' lang='lat' dir='ltr'><strong>diebus</strong></span> <span class='ocrx_word' id='word_1_349' title='bbox 727 3933 760 3992; x_wconf 89' lang='lat' dir='ltr'><strong>et</strong></span> <span class='ocrx_word' id='word_1_350' title='bbox 774 3925 944 4008; x_wconf 81' lang='lat' dir='ltr'><strong>noctibus,</strong></span> <span class='ocrx_word' id='word_1_351' title='bbox 964 3952 979 3985; x_wconf 92' lang='lat'>«</span> <span class='ocrx_word' id='word_1_352' title='bbox 996 3925 1119 4013; x_wconf 74' lang='lat' dir='ltr'><strong>petibus</strong></span> <span class='ocrx_word' id='word_1_353' title='bbox 1134 3947 1213 3991; x_wconf 83' lang='lat' dir='ltr'><strong>earn</strong></span> <span class='ocrx_word' id='word_1_354' title='bbox 1225 3922 1434 4014; x_wconf 84' lang='lat' dir='ltr'><strong>suppliciter</strong></span> <span class='ocrx_word' id='word_1_355' title='bbox 1447 3922 1505 3989; x_wconf 90' lang='lat' dir='ltr'><strong>de-</strong></span> 
     </span>
     <span class='ocr_line' id='line_1_36' title="bbox 186 4029 1503 4121; baseline 0.001 -25"><span class='ocrx_word' id='word_1_356' title='bbox 186 4030 353 4121; x_wconf 78' lang='lat' dir='ltr'><strong>precabar</strong></span> <span class='ocrx_word' id='word_1_357' title='bbox 369 4060 397 4112; x_wconf 71' lang='lat' dir='ltr'><strong>o,</strong></span> <span class='ocrx_word' id='word_1_358' title='bbox 419 4033 517 4097; x_wconf 86' lang='lat' dir='ltr'><strong>Hebr.</strong></span> <span class='ocrx_word' id='word_1_359' title='bbox 537 4030 659 4121; x_wconf 83' lang='lat' dir='ltr'><strong>quibus</strong></span> <span class='ocrx_word' id='word_1_360' title='bbox 672 4031 776 4115; x_wconf 83' lang='lat' dir='ltr'><strong>iacui,</strong></span> <span class='ocrx_word' id='word_1_361' title='bbox 795 4053 866 4097; x_wconf 92' lang='lat' dir='ltr'><strong>non</strong></span> <span class='ocrx_word' id='word_1_362' title='bbox 882 4032 926 4098; x_wconf 93' lang='lat' dir='ltr'><strong>ob</strong></span> <span class='ocrx_word' id='word_1_363' title='bbox 942 4031 1048 4097; x_wconf 91' lang='lat' dir='ltr'><strong>alium</strong></span> <span class='ocrx_word' id='word_1_364' title='bbox 1061 4030 1165 4097; x_wconf 88' lang='lat' dir='ltr'><strong>linem</strong></span> <span class='ocrx_word' id='word_1_365' title='bbox 1181 4029 1244 4107; x_wconf 84' lang='lat' dir='ltr'><strong>nisi</strong></span> <span class='ocrx_word' id='word_1_366' title='bbox 1260 4037 1297 4096; x_wconf 89' lang='lat' dir='ltr'><strong>nt</strong></span> <span class='ocrx_word' id='word_1_367' title='bbox 1320 4029 1503 4112; x_wconf 81' lang='lat' dir='ltr'><strong>efficerem,</strong></span> 
     </span>
     <span class='ocr_line' id='line_1_37' title="bbox 189 4136 1506 4225; baseline 0.001 -22"><span class='ocrx_word' id='word_1_368' title='bbox 189 4165 204 4198; x_wconf 76' lang='grc' dir='ltr'>κ</span> <span class='ocrx_word' id='word_1_369' title='bbox 239 4160 281 4203; x_wconf 86' lang='lat' dir='ltr'><strong>ae</strong></span> <span class='ocrx_word' id='word_1_370' title='bbox 301 4136 426 4203; x_wconf 84' lang='lat' dir='ltr'><strong>deleret</strong></span> <span class='ocrx_word' id='word_1_371' title='bbox 454 4160 524 4219; x_wconf 86' lang='lat' dir='ltr'><strong>eos,</strong></span> <span class='ocrx_word' id='word_1_372' title='bbox 547 4149 586 4203; x_wconf 85' lang='lat' dir='ltr'><strong>at</strong></span> <span class='ocrx_word' id='word_1_373' title='bbox 611 4138 729 4225; x_wconf 77' lang='lat' dir='ltr'><strong>sacrat</strong></span> <span class='ocrx_word' id='word_1_374' title='bbox 751 4137 979 4206; x_wconf 82' lang='lat' dir='ltr'><strong>comminatas</strong></span> <span class='ocrx_word' id='word_1_375' title='bbox 1000 4159 1037 4221; x_wconf 78' lang='lat'><strong>»;</strong></span> <span class='ocrx_word' id='word_1_376' title='bbox 1058 4159 1088 4204; x_wconf 84' lang='lat' dir='ltr'><strong>u.</strong></span> <span class='ocrx_word' id='word_1_377' title='bbox 1121 4145 1162 4204; x_wconf 86' lang='grc'><strong>26</strong></span> <span class='ocrx_word' id='word_1_378' title='bbox 1192 4165 1207 4198; x_wconf 90' lang='lat'>«</span> <span class='ocrx_word' id='word_1_379' title='bbox 1233 4150 1265 4203; x_wconf 89' lang='lat' dir='ltr'><strong>et</strong></span> <span class='ocrx_word' id='word_1_380' title='bbox 1290 4159 1390 4204; x_wconf 81' lang='lat' dir='ltr'><strong>orans</strong></span> <span class='ocrx_word' id='word_1_381' title='bbox 1420 4167 1436 4199; x_wconf 81' lang='lat' dir='ltr'><strong>u</strong></span> <span class='ocrx_word' id='word_1_382' title='bbox 1462 4176 1506 4188; x_wconf 93' lang='lat'>-</span> 
     </span>
     <span class='ocr_line' id='line_1_38' title="bbox 190 4243 1506 4335; baseline 0.002 -27"><span class='ocrx_word' id='word_1_383' title='bbox 190 4246 289 4309; x_wconf 84' lang='lat' dir='ltr'><strong>Hebr.</strong></span> <span class='ocrx_word' id='word_1_384' title='bbox 312 4244 522 4312; x_wconf 83' lang='lat' dir='ltr'><strong>intercedens</strong></span> <span class='ocrx_word' id='word_1_385' title='bbox 541 4283 585 4295; x_wconf 91' lang='lat'><em>-</em></span> <span class='ocrx_word' id='word_1_386' title='bbox 613 4274 628 4305; x_wconf 72' lang='grc' dir='ltr'>α</span> <span class='ocrx_word' id='word_1_387' title='bbox 654 4244 729 4312; x_wconf 78' lang='lat' dir='ltr'><strong>dici</strong></span> <span class='ocrx_word' id='word_1_388' title='bbox 752 4267 765 4311; x_wconf 90' lang='grc'><strong>.·</strong></span> <span class='ocrx_word' id='word_1_389' title='bbox 786 4244 929 4312; x_wconf 84' lang='lat' dir='ltr'><strong>Domine</strong></span> <span class='ocrx_word' id='word_1_390' title='bbox 953 4248 1054 4326; x_wconf 85' lang='lat' dir='ltr'><strong>Deus,</strong></span> <span class='ocrx_word' id='word_1_391' title='bbox 1077 4267 1119 4311; x_wconf 86' lang='lat' dir='ltr'><strong>ae</strong></span> <span class='ocrx_word' id='word_1_392' title='bbox 1142 4243 1321 4334; x_wconf 75' lang='lat' dir='ltr'><strong>disperdas</strong></span> <span class='ocrx_word' id='word_1_393' title='bbox 1335 4243 1506 4335; x_wconf 76' lang='lat' dir='ltr'><strong>papatiam</strong></span> 
     </span>
     <span class='ocr_line' id='line_1_39' title="bbox 189 4350 1506 4443; baseline 0.003 -30"><span class='ocrx_word' id='word_1_394' title='bbox 189 4361 285 4415; x_wconf 75' lang='lat' dir='ltr'><strong>taciem</strong></span> <span class='ocrx_word' id='word_1_395' title='bbox 299 4363 330 4416; x_wconf 89' lang='lat' dir='ltr'><strong>ct</strong></span> <span class='ocrx_word' id='word_1_396' title='bbox 342 4350 589 4419; x_wconf 77' lang='lat' dir='ltr'><strong>haereditatem</strong></span> <span class='ocrx_word' id='word_1_397' title='bbox 601 4364 708 4437; x_wconf 86' lang='lat' dir='ltr'><strong>taam,</strong></span> <span class='ocrx_word' id='word_1_398' title='bbox 729 4375 833 4443; x_wconf 74' lang='lat' dir='ltr'><strong>quarm</strong></span> <span class='ocrx_word' id='word_1_399' title='bbox 850 4351 1025 4419; x_wconf 83' lang='lat' dir='ltr'><strong>redemisti</strong></span> <span class='ocrx_word' id='word_1_400' title='bbox 1035 4350 1073 4418; x_wconf 85' lang='lat' dir='ltr'><strong>in</strong></span> <span class='ocrx_word' id='word_1_401' title='bbox 1088 4351 1328 4441; x_wconf 70' lang='lat' dir='ltr'><strong>maqm&#39;tuettne</strong></span> <span class='ocrx_word' id='word_1_402' title='bbox 1340 4365 1411 4432; x_wconf 86' lang='lat' dir='ltr'><strong>tua,</strong></span> <span class='ocrx_word' id='word_1_403' title='bbox 1423 4374 1506 4442; x_wconf 80' lang='lat' dir='ltr'><strong>qaas</strong></span> 
     </span>
     <span class='ocr_line' id='line_1_40' title="bbox 190 4454 1505 4549; baseline 0.003 -30"><span class='ocrx_word' id='word_1_404' title='bbox 190 4454 337 4522; x_wconf 65' lang='lat' dir='ltr'><strong>retraxisti</strong></span> <span class='ocrx_word' id='word_1_405' title='bbox 356 4458 396 4524; x_wconf 86' lang='lat' dir='ltr'><strong>de</strong></span> <span class='ocrx_word' id='word_1_406' title='bbox 422 4461 578 4549; x_wconf 53' lang='lat' dir='ltr'><strong>⁴lquupto</strong></span> <span class='ocrx_word' id='word_1_407' title='bbox 608 4459 645 4526; x_wconf 85' lang='lat' dir='ltr'><strong>in</strong></span> <span class='ocrx_word' id='word_1_408' title='bbox 667 4459 880 4547; x_wconf 76' lang='lat' dir='ltr'><strong>monteforti</strong></span> <span class='ocrx_word' id='word_1_409' title='bbox 904 4489 934 4527; x_wconf 85' lang='lat'><strong>».</strong></span> <span class='ocrx_word' id='word_1_410' title='bbox 954 4482 985 4526; x_wconf 89' lang='lat' dir='ltr'><strong>v.</strong></span> <span class='ocrx_word' id='word_1_411' title='bbox 1007 4465 1048 4526; x_wconf 83' lang='grc'><strong>27</strong></span> <span class='ocrx_word' id='word_1_412' title='bbox 1076 4485 1092 4521; x_wconf 86' lang='lat' dir='ltr'><strong>u</strong></span> <span class='ocrx_word' id='word_1_413' title='bbox 1121 4459 1307 4527; x_wconf 81' lang='lat' dir='ltr'><strong>Recordare</strong></span> <span class='ocrx_word' id='word_1_414' title='bbox 1331 4480 1505 4527; x_wconf 73' lang='lat' dir='ltr'><strong>sere-oram</strong></span> 
     </span>
     <span class='ocr_line' id='line_1_41' title="bbox 191 4566 1506 4659; baseline 0.006 -34"><span class='ocrx_word' id='word_1_415' title='bbox 191 4572 327 4628; x_wconf 83' lang='lat' dir='ltr'><strong>tuorum</strong></span> <span class='ocrx_word' id='word_1_416' title='bbox 347 4566 530 4654; x_wconf 77' lang='lat' dir='ltr'><strong>Abrabam,</strong></span> <span class='ocrx_word' id='word_1_417' title='bbox 549 4569 647 4634; x_wconf 74' lang='lat' dir='ltr'><strong>isaac</strong></span> <span class='ocrx_word' id='word_1_418' title='bbox 667 4580 700 4634; x_wconf 87' lang='lat' dir='ltr'><strong>et</strong></span> <span class='ocrx_word' id='word_1_419' title='bbox 719 4570 819 4635; x_wconf 87' lang='lat' dir='ltr'><strong>laceb</strong></span> <span class='ocrx_word' id='word_1_420' title='bbox 836 4590 847 4634; x_wconf 90' lang='lat'><em>:</em></span> <span class='ocrx_word' id='word_1_421' title='bbox 864 4591 906 4636; x_wconf 86' lang='lat' dir='ltr'><strong>ae</strong></span> <span class='ocrx_word' id='word_1_422' title='bbox 925 4566 1073 4659; x_wconf 67' lang='lat' dir='ltr'><strong>castistas</strong></span> <span class='ocrx_word' id='word_1_423' title='bbox 1093 4567 1257 4635; x_wconf 74' lang='lat' dir='ltr'><strong>duritiem</strong></span> <span class='ocrx_word' id='word_1_424' title='bbox 1266 4569 1392 4658; x_wconf 64' lang='lat' dir='ltr'><strong>pepedi</strong></span> <span class='ocrx_word' id='word_1_425' title='bbox 1404 4567 1506 4633; x_wconf 76' lang='lat' dir='ltr'><strong>tercius</strong></span> 
     </span>
     <span class='ocr_line' id='line_1_42' title="bbox 191 4668 1504 4764; baseline 0.005 -30"><span class='ocrx_word' id='word_1_426' title='bbox 191 4680 224 4734; x_wconf 88' lang='lat' dir='ltr'><strong>et</strong></span> <span class='ocrx_word' id='word_1_427' title='bbox 243 4668 454 4759; x_wconf 78' lang='lat' dir='ltr'><strong>impietatem</strong></span> <span class='ocrx_word' id='word_1_428' title='bbox 469 4686 573 4764; x_wconf 82' lang='lat' dir='ltr'><strong>atque</strong></span> <span class='ocrx_word' id='word_1_429' title='bbox 583 4688 765 4764; x_wconf 79' lang='lat' dir='ltr'><strong>peccatam</strong></span> <span class='ocrx_word' id='word_1_430' title='bbox 788 4703 819 4758; x_wconf 78' lang='lat' dir='ltr'><strong>s,</strong></span> <span class='ocrx_word' id='word_1_431' title='bbox 837 4698 868 4744; x_wconf 91' lang='lat' dir='ltr'><strong>v.</strong></span> <span class='ocrx_word' id='word_1_432' title='bbox 891 4682 933 4741; x_wconf 91' lang='grc'><strong>28</strong></span> <span class='ocrx_word' id='word_1_433' title='bbox 951 4703 966 4736; x_wconf 83' lang='lat' dir='ltr'><strong>u</strong></span> <span class='ocrx_word' id='word_1_434' title='bbox 985 4678 1129 4764; x_wconf 81' lang='lat' dir='ltr'><strong>aeserta</strong></span> <span class='ocrx_word' id='word_1_435' title='bbox 1146 4674 1262 4741; x_wconf 83' lang='lat' dir='ltr'><strong>dicant</strong></span> <span class='ocrx_word' id='word_1_436' title='bbox 1277 4674 1504 4764; x_wconf 68' lang='lat' dir='ltr'><strong>[barbitatores]</strong></span> 
     </span>
    </p>
   </div>
   <div class='ocr_carea' id='block_1_5' title="bbox 0 0 1697 5346">
    <p class='ocr_par' dir='ltr' id='par_1_8' title="bbox 0 0 1697 5346">
     <span class='ocr_line' id='line_1_43' title="bbox 0 0 1697 5346; baseline 0 0"><span class='ocrx_word' id='word_1_437' title='bbox 0 0 1697 5346; x_wconf 95' lang='lat' dir='ltr'><strong> </strong></span> 
     </span>
    </p>
   </div>
  </div>
 </body>
</html>
