3366 5346
254 294 313 352 loo
704 307 813 351 66666
835 305 941 352 uersu
963 304 1107 350 sacuam.

253 442 343 510 belle
369 440 541 531 quadrant
565 462 648 509 aevo
672 440 885 527 Assyriorum
911 445 945 507 et
970 437 1251 527 Babyloniorum.
1278 442 1406 527 Reapse
1435 436 1571 525 Assyrii

255 552 319 635 (Os.
336 549 408 633 8,1)
424 552 458 614 et
476 546 656 634 Babylonii
679 545 756 636 (ler.
784 552 903 629 ta‚lo;
930 549 1044 629 1936
1066 544 1150 612 Hab.
1183 544 1252 634 1,8)
1278 543 1423 635 aquilae
1447 544 1495 633 (6.
1515 547 1570 628 ta)

255 660 517 746 comparantur;
541 655 610 720 imo
633 652 758 741 Assyrii
780 675 910 721 numen
928 673 1127 742 supremum
1155 650 1310 739 symbolo
1337 651 1476 740 aquilae
1510 673 1574 717 vo-

255 762 355 828 lantis
373 761 690 851 repraesentabant.
710 759 815 827 Iidem
839 759 880 826 dc
906 748 1150 849 lonqinquo'et
1171 756 1406 825 adventabant
1422 763 1455 825 ct
1480 757 1576 824 affu-

255 870 323 936 turi
343 874 383 935 ls.
414 873 492 950 5,Ξὸ
512 867 801 935 demonstrantur.
823 867 1041 955 Assyriorum
1059 864 1219 954 linquam
1236 863 1289 951 (ls.
1311 870 1429 946 28,1l;
1449 870 1570 948 33,19;

256 983 274 1043 t
291 981 370 1061 Reg.
393 980 492 1056 18,Ξὸ
508 973 591 1063 sq.)‚
606 995 694 1062 quac
710 973 829 1040 eadem
845 973 1112 1060 Babyloniorum
1130 976 1215 1053 erat,
1234 993 1307 1050 non
1322 970 1574 1058 intelligebant

254 1080 410 1163 Hebraei,
434 1079 518 1147 dum
543 1080 673 1148 nullius
694 1102 849 1169 unquam
874 1079 1088 1147 difficultatis
1110 1077 1147 1144 in
1174 1077 1409 1164 intelligendis
1432 1078 1572 1145 Chana-

254 1188 359 1270 naeis,
376 1186 593 1254 Philisthaeis
616 1186 758 1275 aliisque
775 1186 970 1254 meminerit
986 1187 1163 1277 scriptura.
1177 1183 1444 1272 Babyloniorum
1470 1208 1503 1252 v.
1524 1192 1570 1251 50

254 1295 291 1361 in
304 1317 399 1361 senes
410 1300 442 1361 et
450 1293 616 1384 pervides
630 1294 868 1361 crudelitatem
884 1293 1089 1361 confirmant
1104 1296 1146 1359 ls.
1162 1296 1253 1376 11,6;
1273 1292 1396 1359 Thren.
1417 1297 1496 1374 5,12
1512 1313 1568 1380 sq.

254 1401 404 1468 Tandem
430 1405 493 1467 lcr.
521 1407 601 1484 5,15
625 1405 781 1468 nostrum
803 1422 836 1468 v.
864 1405 904 1467 19
925 1399 1103 1490 applicans
1127 1397 1326 1486 Babyloniis
1351 1396 1467 1487 prodit
1488 1420 1572 1464 ora·

254 1507 381 1574 tionem
402 1530 434 1574 v.
453 1513 553 1575 troo
569 1506 722 1594 legitime
744 1506 852 1597 accipi
873 1506 917 1573 de
936 1505 1146 1594 Babyloniis,
1176 1505 1258 1571 dum
1280 1509 1487 1591 argumenta
1507 1526 1572 1570 nos

254 1635 393 1703 prorsus
410 1613 583 1695 deficiant,
601 1613 727 1702 quibus
741 1612 1027 1693 demonstremus
1044 1612 1141 1678 illam
1157 1611 1312 1698 legitime
1328 1611 1407 1678 item
1430 1610 1472 1677 de
1488 1611 1572 1677 Phi-

254 1718 407 1786 listlraeis
427 1724 491 1785 etc.
518 1720 643 1809 exponi
662 1741 771 1808 posse.
800 1725 911 1806 Reges
928 1718 1098 1786 Hebraeos
1117 1726 1237 1786 contra
1250 1722 1350 1805 Syros
1365 1716 1517 1807 primum
1537 1723 1574 1784 et

256 1825 409 1914 Assyrios
424 1825 644 1915 postmodum
669 1825 786 1917 plures
811 1825 1010 1892 exstruxisse
1025 1825 1127 1893 urbes
1143 1820 1399 1906 munitissimas,
1417 1824 1576 1910 Assyrios

257 1936 291 1998 et
316 1930 524 2020 Babylonios
552 1933 588 1999 in
609 1932 754 2000 urbibus
774 1932 914 2000 munitis
939 1931 1139 1999 obsidendis
1158 1931 1259 1999 fuisse
1284 1951 1452 2021 perquam
1465 1929 1577 2019 perti·

255 2061 373 2122 66666,
393 2038 542 2106 devictas
556 2043 675 2126 gentes
686 2038 724 2105 in
741 2039 854 2106 varias
866 2039 1026 2126 regiones
1038 2038 1246 2128 deportasse,
1262 2038 1339 2127 quis
1358 2037 1520 2123 ignorat?

300 2146 405 2228 lliccs,
424 2147 477 2212 his
501 2146 619 2235 utiquc
641 2145 732 2212 effici
757 2145 1022 2235 descriptionem
1045 2169 1078 2212 v.
1101 2149 1206 2212 t7·t8
1229 2145 1397 2233 respicere
1417 2150 1577 2232 tempora

257 2251 363 2318 exsilii
380 2252 494 2340 potius
509 2273 612 2341 quam
629 2251 756 2339 Moysis,
770 2275 839 2318 666
856 2274 936 2318 6666
950 2251 1038 2318 effici
1052 2253 1158 2318 scrius
1173 2250 1280 2318 textui
1295 2273 1366 2318 esse
1383 2249 1573 2330 adiectam,

257 2379 336 2424 cum
368 2356 411 2423 sit
439 2357 622 2447 prophetia
650 2359 844 2426 futurorum
871 2369 950 2424 ante
977 2362 1118 2425 eventus
1150 2362 1440 2447 praemonstratos
1465 2355 1571 2423 edita.

257 2469 380 2530 Verum
401 2463 490 2530 illud
513 2464 724 2554 perpendas,
747 2487 890 2554 quaeso,
914 2465 1123 2533 consuevisse
1142 2464 1282 2554 quidem
1304 2463 1493 2553 prophetas
1511 2461 1576 2529 de-

257 2569 405 2637 scribere
436 2578 574 2637 eventus
605 2571 664 2638 diu
689 2572 939 2660 postfuturos,
964 2571 1024 2638 sed
1051 2593 1123 2637 non
1153 2570 1340 2660 depingere
1373 2571 1576 2636 futurorum

257 2683 453 2766 temporum
481 2699 606 2761 mores,
634 2679 824 2767 exprimere
857 2677 935 2745 illos
968 2683 1108 2745 eventus
1139 2677 1274 2743 futuros
1308 2676 1350 2743 iis
1380 2675 1573 2759 coloribus,

257 2784 383 2850 vestire
406 2783 448 2849 iis
474 2783 753 2876 circumstantiis,
773 2807 861 2874 quae
886 2785 1027 2874 propria
1050 2785 1117 2851 sint
1140 2783 1217 2850 aevi
1241 2785 1467 2873 ipsorummet
1489 2805 1575 2872 pro-

257 2891 452 2978 phetarum.
476 2890 626 2957 Messiam
651 2890 860 2980 descripsere
880 2912 998 2977 regem
1023 2889 1159 2958 Davidis
1181 2911 1422 2969 successorem,
1444 2890 1575 2957 throno

257 2996 481 3078 insidentem,
509 2996 621 3063 hostes
652 2996 898 3078 debellantem,
925 2997 1093 3064 tributum
1126 2996 1366 3086 accipientem,
1391 3017 1462 3062 666
1489 3018 1575 3062 vero

257 3101 394 3167 fabrum
420 3100 511 3167 fabri
539 3103 661 3184 filium,
684 3103 899 3170 solummodo
925 3105 1029 3169 armis
1054 3103 1289 3192 spiritualibus
1320 3104 1573 3186 decertantem,

257 3205 448 3273 docentem.
464 3212 611 3275 Eventus
623 3209 851 3298 apocalyptici
865 3209 1011 3275 formam
1025 3209 1174 3276 induunt
1185 3211 1261 3282 aevi
1276 3211 1572 3297 gracco-romani.

258 3318 300 3378 At
320 3335 351 3379 v.
375 3317 478 3381 tar-68
498 3313 589 3403 ipsos
611 3337 720 3381 rnores
738 3337 910 3405 expressos
924 3314 1030 3382 habes
1051 3315 1128 3382 6661
1148 3314 1252 3403 longe
1271 3315 1472 3382 recentioris
1487 3338 1576 3384 aevo

259 3419 416 3504 mosaico,
434 3420 595 3489 mulieres
609 3421 784 3501 delicatas,
802 3422 905 3489 urbes
920 3421 1176 3504 munitissimas,
1195 3422 1387 3490 obsidiones
1405 3422 1573 3489 exitiales.

259 3531 365 3605 Quare
394 3527 555 3616 equidem
586 3552 718 3613 censeo,
742 3529 836 3595 salvo
871 3529 1012 3596 meliore
1037 3528 1175 3609 iudicio,
1202 3553 1233 3596 v.
1266 3536 1367 3597 t7-68
1399 3528 1576 3620 adscripta

260 3655 329 3699 csse
354 3657 373 3697 a
398 3636 568 3723 propheta
592 3635 709 3725 aliquo
736 3637 964 3726 posteriorum
989 3657 1112 3721 regum
1136 3635 1220 3703 luda
1247 3636 1394 3724 aequali,
1413 3635 1473 3724 qui
1500 3658 1575 3703 ser-

259 3759 396 3804 monem
420 3741 719 3808 comminatorium
743 3747 837 3809 Beut.
855 3748 897 3809 28
919 3764 980 3808 suo
1002 3763 1085 3808 aevo
1104 3741 1333 3831 adaptaverit,
1347 3743 1400 3809 sui
1418 3741 1495 3808 aevi
1515 3765 1577 3809 co-

259 3844 390 3911 loribus
406 3844 598 3936 depinxerit
622 3847 843 3938 moribusque
866 3847 1133 3916 conformaverit
1157 3854 1260 3938 atque
1281 3849 1395 3928 simul,
1411 3849 1576 3917 vaticinio

259 3952 357 4017 nixus
381 3954 586 4043 antiquiore,
604 3976 725 4021 verum
753 3956 825 4043 ipse
848 3954 994 4021 ediderit
1022 3954 1233 4035 vaticinium,
1251 3954 1467 4044 implendum
1492 3977 1577 4022 vere

260 4057 296 4122 in
315 4057 428 4145 priore
445 4059 622 4126 obsidione
634 4061 944 4148 Hierosolymorum
960 4083 1021 4150 per
1037 4061 1226 4128 Chaldaeos
1242 4062 1343 4144 iacta,
1356 4059 1577 4151 implendum

259 4161 364 4247 longe
389 4165 524 4252 plenius
546 4164 583 4232 16
606 4167 792 4256 posteriore
815 4171 1046 4235 Romanorum
1066 4166 1256 4234 obsidione.
1284 4173 1341 4234 Est
1360 4168 1419 4234 ille
1439 4169 1476 4234 in
1499 4189 1578 4234 am-

260 4266 446 4355 plificando
469 4272 637 4338 axiomata
659 4273 876 4363 perantiquo,
902 4274 1039 4362 abipso
1064 4279 1173 4360 Moyse
1198 4279 1338 4363 accepto
1358 4281 1390 4340 et
1414 4298 1446 4341 6.
1472 4281 1577 4344 15-t6

261 4372 440 4462 explicato,
458 4378 564 4444 nullis
584 4400 652 4444 non
675 4380 787 4469 plagis
803 4381 928 4447 lahven
949 4382 1101 4447 ulturum
1117 4402 1188 4446 esse
1205 4380 1336 4447 israelis
1350 4380 1574 4470 apostasiam.

259 4479 318 4546 Vel
331 4480 438 4571 ipsius
453 4483 561 4549 exsilii
577 4487 780 4551 meminerat
801 4492 926 4573 lloyses
942 4510 973 4553 v.
992 4494 1033 4553 36
1048 4509 1114 4575 sq.,
1131 4509 1217 4576 quos
1239 4487 1320 4554 licet
1339 4488 1388 4553 ibi
1404 4487 1473 4574 legi
1498 4490 1576 4556 loco

218 4590 223 4595 '
259 4611 330 4655 666
351 4612 411 4656 suo
432 4589 675 4671 monuerimus,
696 4596 808 4658 tamen
830 4614 900 4658 666
924 4616 1100 4660 censemus
1119 4594 1259 4660 omnino
1282 4617 1352 4661 esse
1372 4617 1577 4684 expungen-

261 4695 333 4780 dOS,
349 4697 407 4764 scd
428 4698 465 4764 in
484 4698 629 4766 alterum
651 4702 730 4765 ante
746 4721 777 4765 v.
798 4703 837 4763 to
857 4699 971 4764 locum
996 4699 1256 4767 transferendos
1275 4700 1339 4768 Sed
1361 4701 1470 4768 exsilii
1495 4703 1576 4792 pla-
