3366 5346
561 292 647 336 usur.
671 276 709 334 ii
733 292 997 338 :assumimus
1019 292 1144 338 rexrus.
1453 281 1512 339 131

193 431 285 494 tetur
305 426 427 514 Moysis
446 426 607 506 orationi,
624 431 730 492 totam
751 425 1019 517 disputationem
1039 448 1240 494 revocamus
1261 427 1305 493 ad
1321 426 1412 496 hanc
1432 428 1512 497 bra·

193 554 271 600 vem
295 533 477 600 formulam
503 555 511 601 :
539 535 699 599 Potestne
727 531 812 600 haec
835 533 999 624 pericope
1030 532 1203 599 comruode
1239 534 1385 602 attribui
1413 538 1511 603 Iosuc

192 638 461 706 auctoritssstne
483 661 524 706 ea
547 639 621 707 eius
647 640 814 707 insertum
838 645 899 708 los.
930 645 1044 723 Mi,
1068 643 1129 707 aut
1157 645 1268 708 totum
1300 646 1360 708 aut
1393 641 1510 733 aliqua

191 744 311 812 inserti
328 747 431 835 pars?

236 838 523 928 Quaestione'hao
542 851 653 920 torma
670 852 858 944 proposita,
878 853 971 920 illico
991 856 1215 921 attenuantur
1232 853 1408 920 tenebrae.
1427 858 1507 946 Cap.

190 957 353 1026 estradis
374 958 468 1045 leges
487 981 508 1025 a
527 963 637 1048 Moyse
660 958 748 1027 latas
768 982 833 1051 pro
855 959 972 1050 aliqua
992 958 1143 1026 foederis
1165 959 1389 1027 renovatione
1410 960 1510 1028 brevi

188 1069 266 1154 post
283 1065 481 1152 ingressum
500 1069 612 1133 terrae
634 1072 771 1134 sanctae
793 1065 1281 1156 celebranda,quama10sue
1299 1065 1508 1134 celebratam

189 1193 260 1239 esse
277 1173 413 1239 scimus.
432 1172 677 1242 Peroommode
696 1179 763 1242 tota
783 1174 943 1264 pericope
961 1171 1129 1241 tribuitur
1148 1176 1242 1240 losue
1256 1173 1400 1241 auctori.
1419 1172 1509 1240 iilud

188 1276 290 1345 laodic
309 1284 473 1363 nais-19
491 1279 652 1370 exprimit
666 1279 759 1348 diem
777 1279 1008 1348 renovationis
1025 1284 1088 1346 los.
1107 1278 1507 1370 8,3o-35,inqua10sue

188 1385 319 1475 populo
339 1385 497 1454 recitavit
514 1387 607 1474 leges
621 1376 683 1477 pro
700 1409 740 1454 ea
756 1387 829 1478 ipsa
843 1386 1057 1455 solemnitate
1072 1409 1092 1453 a
1108 1391 1214 1474 Moyse
1228 1386 1327 1469 latas,
1343 1385 1399 1453 vel
1414 1385 1507 1453 diem

189 1490 331 1559 alterius
345 1492 577 1561 renovationis
595 1499 659 1560 los.
679 1500 735 1577 it,
759 1493 898 1584 quando
914 1493 1033 1561 eadem
1055 1497 1153 1561 losue
1169 1492 1283 1560 denuo
1296 1492 1504 1560 recitaverit.

186 1596 297 1664 llabes
316 1605 540 1683 nam-smne
563 1600 701 1667 initium
726 1623 845 1667 eorum
869 1599 1071 1686 Verborum,
1088 1621 1177 1689 quae
1200 1603 1296 1667 losue
1314 1599 1436 1665 thorae
1453 1599 1506 1665 in·

185 1703 305 1772 seruit.
323 1705 474 1787 initium,
492 1705 621 1775 etenim
632 1706 727 1790 inde,
741 1706 835 1797 quod
851 1712 954 1788 aare
970 1706 1025 1772 vix
1039 1727 1111 1773 non
1124 1706 1331 1773 verbotenus
1346 1710 1508 1773 consonet

187 1818 385 1894 cum11,32
402 1812 564 1880 inleroin
586 1814 788 1904 apographo
807 1818 903 1882 losue
925 1812 1011 1880 haec
1031 1811 1208 1880 individue
1227 1811 1332 1880 fuisse
1354 1833 1506 1879 connexa

184 1917 275 1984 inter
298 1940 345 1985 se.
368 1918 509 1985 Initium
533 1924 681 2001 tantum,
702 1920 880 1987 evidenter
904 1919 1034 2009 quippe
1057 1914 1119 1986 illa
1143 1918 1252 1984 Verba
1280 1923 1376 1984 losue
1398 1917 1506 1984 habe-

186 2021 362 2091 bantalia.

222 2214 302 2265 Prior
324 2216 470 2266 renovatio
490 2215 646 2266 habebatur
673 2228 761 2280 prope
784 2215 931 2278 Galgalam
957 2211 1177 2282 (1¹,30)‚altera
1198 2225 1286 2278 prope
1313 2212 1427 2265 Siehom
1452 2226 1504 2266 seu

185 2304 288 2368 varius,
305 2304 380 2367 quod
395 2306 424 2354 in
443 2303 653 2356 Commentario
669 2305 698 2354 in
713 2305 815 2354 librum
831 2304 913 2355 iosue
932 2303 1197 2367 demonstrabimus,
1212 2304 1242 2352 in
1256 2302 1317 2353 Silo
1331 2300 1399 2368 (Ios.
1417 2301 1501 2365 24‚¹)·

186 2391 366 2453 Crediderim,
379 2394 452 2444 hanc
467 2394 584 2445 aiteram
596 2395 818 2454 renovationem,
833 2400 861 2444 et
872 2392 993 2444 tortasse
1008 2392 1079 2443 alias
1089 2394 1156 2442 item
1171 2391 1308 2456 quasdam
1323 2391 1388 2455 post
1400 2390 1503 2444 losucn

184 2478 282 2540 iactas,
299 2481 410 2531 habitas
428 2494 491 2532 esse
517 2483 605 2532 eodem
626 2484 683 2532 ritu
702 2492 786 2546 atque
805 2483 946 2545 primam:
963 2495 1012 2531 cur
1033 2493 1137 2532 novum
1160 2481 1244 2531 iiium
1267 2479 1427 2531 effinxerint
1450 2480 1504 2532 He·

185 2567 272 2628 bruel,
291 2569 340 2631 qui
358 2568 528 2632 descriptum
547 2570 683 2620 haberent
712 2572 796 2619 ritum
821 2570 855 2619 ab
884 2571 946 2632 ipso
964 2568 1076 2631 Moyse?
1089 2568 1203 2632 Utique,
1218 2571 1330 2631 quotics
1355 2571 1502 2620 renovatio

185 2656 373 2706 celebraretur
391 2657 448 2707 alio
462 2670 547 2720 quam
562 2657 689 2721 Gaigaiis
703 2658 775 2719 loeo,
792 2670 849 2707 non
863 2657 981 2707 aderant
996 2656 1105 2719 lapides
1119 2657 1166 2706 isti
1181 2658 1277 2719 magni
1297 2657 1406 2720 pridem
1421 2670 1501 2708 areo-

185 2745 219 2801 ti;
239 2743 288 2795 sed
303 2743 421 2795 tortasse
439 2745 488 2795 aiii
508 2749 567 2796 tum
587 2745 726 2797 eiusmodi
743 2745 851 2809 lapides
871 2745 1059 2808 erigebantur.
1077 2745 1141 2794 Non
1156 2744 1273 2795 aderant
1287 2749 1398 2796 montes
1416 2745 1502 2797 iidem

185 2832 268 2882 Deut.
295 2833 371 2894 trau
391 2847 434 2898 sq.
452 2833 572 2885 Gerizim
587 2838 616 2884 et
638 2834 726 2884 Hebai
741 2847 830 2898 prope
845 2833 965 2898 Galgaia
981 2834 1125 2898 appellati.
1140 2832 1197 2885 Sed
1211 2832 1310 2885 eadem
1329 2836 1445 2884 nomina
1459 2833 1502 2884 ia-

184 2921 237 2972 0118
251 2921 315 2972 allis
329 2922 396 2975 alibi
408 2923 530 2974 collibus
544 2923 769 2987 imponebantur.

228 3086 406 3164 Quomodo
426 3109 530 3177 porro
553 3088 682 3155 lactum
702 3046 767 3170 su,
783 3093 821 3154 ut
844 3087 957 3154 solum
981 3086 1119 3154 initium
1138 3086 1325 3154 Verborum
1347 3087 1500 3155 losuead

182 3213 244 3260 nos
258 3192 446 3277 devenerit,
463 3193 555 3261 infra
570 3193 811 3279 examinaturi,
832 3194 985 3284 primum
998 3193 1112 3284 ipsum
1132 3197 1262 3260 textum
1275 3193 1498 3283 explicamus.
1606 3212 1609 3217 ’

183 3298 296 3367 (tritici
318 3301 498 3369 unanimes
517 3301 703 3385 affirmant,
727 3301 845 3372 stilum
867 3322 942 3390 cap.
965 3306 1007 3364 iv
1028 3322 1099 3366 esso
1119 3299 1309 3388 plurimum
1325 3322 1496 3368 recusum.

182 3409 270 3472 Sane
291 3405 427 3472 facilius
453 3428 474 3472 a
496 3406 617 3472 scribis
642 3405 906 3492 defigurabatur
929 3405 988 3470 ille
1008 3409 1134 3485 textus,
1159 3404 1255 3470 cuius
1276 3426 1413 3471 sensum
1432 3406 1498 3494 ipsi

182 3499 318 3577 nonnisi
343 3511 578 3601 imperfectius
599 3515 876 3601 assequerentur.
900 3533 933 3577 v.
958 3515 988 3573 l.
1016 3515 1036 3575 9
1064 3508 1150 3575 duos
1178 3508 1500 3577 demonstrabamus

183 3615 357 3683 evidentes
392 3638 535 3685 errores.
567 3622 631 3684 Eas
650 3616 882 3699 difficultates,
911 3636 998 3707 quas
1024 3636 1129 3704 supra
1150 3613 1317 3682 indicatas
1344 3615 1499 3685 nondum

183 3721 402 3803 resolvimus,
421 3721 458 3789 in
479 3724 723 3791 commentario
743 3723 1002 3814 explicabimus.

225 3831 311 3918 Arp.
327 3867 372 3878 -
386 3829 517 3898 Recitat
535 3835 652 3897 orator
669 3830 794 3920 (losue)
814 3831 882 3896 tria
895 3828 1017 3916 Moysis
1031 3827 1180 3918 eloquia,
1194 3828 1320 3919 quibus
1332 3831 1499 3897 iubentur

182 3933 329 4001 Hebraei
356 3928 486 4002 terram
515 3936 718 4025 promissam
747 3935 893 4024 ingressi
922 3935 1111 4003 solemnem
1141 3933 1316 4002 celebrare
1348 3936 1497 4005 foederis

180 4041 450 4109 renovationem.
477 4046 516 4109 ut
540 4041 651 4132 primo
677 4043 819 4133 quidem
843 4043 979 4132 eloquio
1004 4064 1036 4108 v.
1062 4046 1121 4109 1-8
1143 4040 1350 4108 determinat
1373 4047 1498 4131 Moyses

180 4147 293 4215 locum
311 4170 417 4239 prope
441 4148 594 4236 Galgala,
616 4148 676 4216 ubi
691 4149 846 4236 erigendi
862 4146 996 4238 lapides
1012 4147 1213 4237 inscriptam
1231 4146 1398 4217 habentes
1416 4148 1496 4216 tho-

182 4275 267 4336 ram,
285 4254 492 4341 erigendum
510 4255 593 4322 item
611 4256 718 4323 altare
737 4255 912 4345 lapideum
934 4276 998 4345 pro
1013 4252 1188 4321 sacrificiis
1207 4254 1449 4323 renovationis.

227 4360 287 4426 Vix
308 4361 518 4430 dubitandus
544 4366 596 4430 est
620 4368 716 4430 losue
752 4361 837 4430 haec
868 4361 1027 4428 recitasse
1050 4361 1228 4449 ascripto
1258 4360 1389 4452 aliquo.
1414 4365 1497 4430 Cum

181 4464 273 4533 enim
306 4467 375 4534 alia
407 4468 578 4560 scripsisse
611 4473 743 4558 Moysen
773 4473 920 4551 constet,
949 4465 1103 4556 sorpsit
1120 4467 1273 4558 profecto
1302 4469 1406 4535 etiam
1445 4491 1497 4535 re-

178 4572 277 4659 gulas
299 4573 373 4658 bas,
399 4598 484 4664 quas
504 4575 548 4643 de
572 4598 608 4643 re
637 4598 707 4643 non
731 4576 847 4644 statim
870 4574 929 4643 sed
958 4573 1175 4663 aliquamdiu
1196 4579 1274 4663 post
1297 4574 1498 4664 peragenda

180 4678 356 4761 tradebat,
373 4681 602 4773 capiebatque
619 4682 675 4772 (ci.
698 4706 730 4752 v.
745 4682 778 4774 9)
797 4681 1051 4751 accuratissime
1061 4679 1248 4747 observari.
1272 4681 1354 4769 cap.
1370 4681 1502 4765 xxvii
