3366 5346
711 307 800 353 usur.
823 291 896 367 225
917 307 980 362 sou.
1447 298 1503 358 ttt

189 447 330 514 omnino
349 443 472 511 diversi
497 446 575 509 sunt
594 464 613 508 a
632 440 806 531 lapidibus
826 440 917 509 calce
937 441 1135 526 c'nduendis,
1156 444 1217 533 qui
1239 446 1307 512 iam
1330 453 1506 536 nequeunt

188 555 255 621 dici
284 550 423 641 intepri.
453 577 468 611 «
495 551 541 615 Et
564 547 688 640 offeres
713 570 813 638 super
839 571 876 615 eo
900 548 1101 618 holocausta
1124 551 1270 619 Domino
1295 556 1364 619 Deo
1387 565 1446 620 tuo
1474 583 1504 638 v,

186 683 219 728 v.
241 667 262 725 7
284 686 299 718 «
325 663 359 726 et
378 654 573 723 immolabis
593 653 721 721 hostias
741 653 918 744 pacificas,
942 655 1163 748 comedesque
1186 658 1245 745 toi,
1264 671 1298 726 et
1319 658 1507 750 epulaberis

76 761 79 764 ’
186 788 300 834 coram
326 763 473 831 Domino
502 765 571 829 Deo
601 774 658 828 tuo
688 789 718 828 ».
735 783 769 830 v.
799 767 820 829 8
849 790 865 823 «
888 764 933 829 Et
959 762 1084 831 scribes
1102 786 1203 854 sepner
1227 765 1361 855 Iapides
1390 767 1508 835 omnia

184 875 286 941 cerba
304 870 391 962 lepis
410 869 512 937 buius
529 868 633 959 plane
652 880 685 935 et
706 866 821 934 lucide
847 898 878 936 u.
897 872 965 937 Cur
984 870 1072 937 haec
1096 870 1266 938 sacrificia
1290 895 1361 940 non
1384 872 1507 940 immo·

184 981 300 1048 lantur
315 979 349 1044 in
376 975 477 1044 altari
501 996 607 1043 aeneo
629 974 930 1043 holocaustorum?
946 981 1030 1044 Tota
1049 979 1134 1044 haec
1156 977 1353 1046 solemnitas
1379 983 1431 1046 est
1452 1002 1506 1046 re-

185 1085 323 1155 uocatis
345 1082 498 1172 foederis
524 1081 672 1150 sinaitici
702 1101 710 1149 :
738 1082 893 1173 populus
920 1083 1034 1150 denuo
1060 1084 1274 1173 professurus
1302 1091 1376 1153 erat
1403 1107 1504 1153 suum

182 1195 219 1261 in
239 1193 365 1260 lahven
387 1189 603 1279 obsequium,
623 1189 726 1256 lahve
747 1188 801 1255 illi
824 1190 1091 1258 confirmaturus
1113 1197 1187 1259 erat
1210 1193 1328 1260 omnia
1353 1191 1446 1260 bona
1469 1193 1503 1259 vi

184 1300 335 1368 foederis
360 1297 536 1387 praestita,
558 1317 706 1386 quorum
727 1318 834 1383 unum
853 1303 927 1381 erat
950 1299 1184 1365 sanctuarium
1211 1299 1398 1367 mosaicum
1425 1321 1503 1368 cum

185 1407 253 1475 suis
282 1403 463 1472 altaribus.
487 1407 567 1470 Erat
595 1401 811 1487 conveniens,
837 1408 876 1471 ut
900 1404 1068 1472 sacrificia
1098 1405 1331 1473 renovationis
1357 1406 1504 1474 foederis

184 1512 447 1579 immolarentur
467 1510 505 1576 in
527 1509 628 1577 altari
650 1509 732 1591 alio,
752 1532 856 1600 quam
876 1511 914 1577 in
935 1511 1036 1578 altari
1057 1511 1089 1577 vi
1109 1511 1255 1579 foederis
1275 1512 1443 1580 instituto.
1459 1551 1504 1563 —

185 1618 329 1697 Quinam
357 1618 445 1684 haec
470 1615 637 1684 sacrificia
665 1616 854 1684 offerebant
879 1615 1094 1685 sacerdotes?
1120 1622 1238 1686 Nonne
1272 1618 1503 1707 sacerdotium

183 1725 267 1793 item
291 1724 491 1792 aaronicum
510 1722 713 1813 pertinebat
727 1722 771 1791 ad
795 1722 886 1791 bona
910 1724 944 1790 vi
968 1723 1117 1792 foederis
1140 1728 1316 1793 concessa?
1336 1725 1504 1816 Equidem

184 1832 409 1899 concesserim
432 1828 600 1898 sacrificia
618 1828 680 1896 illa
703 1828 822 1897 oblata
840 1852 911 1899 esse
934 1854 955 1899 a
979 1832 1170 1899 senioribus
1192 1833 1245 1899 :si
1266 1855 1329 1922 pro
1345 1832 1411 1900 hac
1434 1854 1505 1899 una

185 1936 459 2005 extraordinaria
489 1935 593 2026 plane
628 1934 846 2004 solemnitate
878 1936 1134 2004 concedebatur
1175 1938 1284 2005 altare
1318 1937 1364 2006 ab
1402 1939 1503 2005 altari

183 2044 332 2112 foederis
352 2044 540 2124 diversum,
564 2063 625 2111 cur
647 2064 716 2110 non
738 2043 877 2110 itemst
900 2042 945 2111 ob
971 2042 1117 2111 eandem
1141 2045 1311 2111 rationem
1336 2043 1501 2112 concede·

183 2157 306 2219 rentur·
322 2148 517 2218 sacerdotes
537 2168 608 2216 non
631 2149 830 2217 aaronitae?
845 2149 883 2217 ld
902 2149 1045 2218 concedi
1068 2149 1219 2241 potuisse
1240 2150 1331 2218 disce
1353 2174 1393 2219 ex
1417 2173 1501 2219 aevo

180 2257 347 2340 iudicum,
367 2278 436 2346 quo
461 2260 549 2323 Deus
571 2260 646 2323 rata
665 2254 788 2323 habuit
810 2256 977 2323 sacrificia
999 2256 1115 2323 oblata
1131 2279 1200 2323 non
1225 2256 1336 2325 solum
1359 2258 1398 2325 in
1417 2257 1503 2325 alta-

182 2364 278 2432 ribus
292 2362 448 2455 privatiS,
465 2361 524 2429 sed
543 2383 565 2428 a
587 2360 823 2430 sacerdotibus
847 2362 951 2431 etiam
969 2384 1041 2431 non
1062 2363 1237 2430 aaronitis.
1261 2367 1400 2432 Factum
1422 2371 1501 2445 225

182 2493 257 2560 sqq.
281 2470 434 2559 protecto
463 2466 552 2533 illud
578 2467 690 2549 docet,
717 2472 852 2555 Moysen
878 2491 948 2535 non
977 2468 1025 2535 ita
1053 2469 1177 2536 tuitum
1203 2491 1273 2537 esse
1300 2471 1501 2538 unicitatem

182 2575 301 2643 altaris
329 2574 381 2640 sui
404 2576 438 2639 et
462 2572 645 2639 sacerdotii
669 2573 840 2654 aaronici,
861 2578 900 2640 ut
921 2596 991 2639 non
1019 2580 1171 2642 censeret
1197 2574 1242 2641 ob
1268 2597 1410 2663 gravem
1438 2576 1500 2643 ali-

183 2680 322 2771 quando
343 2679 514 2746 rationem
537 2678 681 2747 concedi
703 2701 803 2768 posse
830 2678 1067 2770 exceptionem
1089 2701 1096 2747 :
1120 2681 1310 2749 cuiusmodi
1331 2681 1501 2749 rationem

184 2789 220 2854 in
239 2785 315 2854 aevi
335 2785 490 2852 iudicum
511 2783 723 2874 perturbatis
743 2785 847 2854 rebus
868 2789 901 2852 et
920 2807 1093 2873 agnovere
1109 2787 1181 2855 eius
1200 2787 1277 2854 aevi
1298 2778 1498 2878 prophetae,

183 2897 216 2960 et
230 2897 317 2960 Deus
334 2891 540 2982 quandoque
560 2889 661 2957 editis
680 2891 856 2959 miraculis
872 2892 1121 2983 comprobavit.

227 3001 311 3090 Arq.
331 3036 375 3049 -·
389 2997 518 3067 Recitat
534 3001 649 3065 orator
667 2998 786 3088 (losue)
805 2997 994 3067 secundum
1012 2998 1132 3088 ltoysis
1150 2999 1327 3090 eloquium
1342 3023 1374 3066 v.
1395 3007 1415 3069 9
1432 3023 1499 3091 sq.‚

182 3111 253 3175 tam
272 3106 488 3174 sacerdotum
511 3103 705 3172 Levitarum
732 3128 837 3196 quam
862 3104 984 3197 populi
1009 3107 1142 3173 animos
1170 3106 1359 3190 excitantis,
1381 3113 1420 3175 ut
1448 3114 1501 3176 at·

182 3214 326 3283 tendant
349 3217 383 3280 et
403 3211 448 3281 ad
473 3234 526 3293 ea,
543 3233 632 3302 quae
650 3211 717 3280 sibi
741 3212 780 3280 in
798 3212 1015 3281 solemnitate
1042 3213 1274 3282 renovationis
1292 3215 1500 3305 praestanda

182 3321 259 3405 sint,
278 3326 311 3387 et
329 3320 376 3387 ad
393 3318 600 3406 gravitatem
620 3318 807 3399 maledicti,
825 3318 918 3408 quod
938 3341 1017 3385 mor
1032 3319 1319 3408 pronuntiabunt,
1337 3319 1500 3408 quodque

182 3426 368 3495 certissime
391 3424 580 3504 incurrent,
604 3424 632 3490 si
656 3423 796 3513 quando
818 3423 968 3490 foederis
988 3422 1245 3491 obliviscantur.

227 3554 258 3597 v.
281 3537 301 3597 9
328 3558 344 3591 «
370 3529 607 3617 Disiectamque
625 3531 758 3617 Moyses
781 3542 815 3596 ct
837 3528 1027 3597 sacerdotes
1048 3528 1177 3597 levitici
1195 3529 1332 3619 pencris
1356 3529 1405 3595 ad
1427 3553 1500 3598 onc-

182 3659 260 3705 ncm
286 3635 480 3704 lsraelem»
504 3649 573 3703 :·-
596 3638 693 3701 Verte
722 3635 769 3724 (v.
796 3635 840 3724 s.)
858 3658 866 3704 :
884 3634 1051 3724 Dicitque
1075 3638 1210 3724 Moyses
1239 3634 1289 3702 ad
1309 3635 1500 3705 sacerdotes

183 3743 318 3811 Levites
341 3756 373 3810 et
396 3741 444 3809 ad
464 3761 599 3807 omnem
624 3742 743 3810 Israel.
761 3741 872 3809 Habes
893 3742 951 3808 hic
973 3762 1108 3809 rursum
1129 3741 1381 3833 expressionem
1401 3743 1502 3810 nobis

182 3872 201 3917 e
219 3849 430 3917 collectaneo
446 3854 569 3917 notam·
583 3837 674 3913 nubet
691 3863 820 3922 numu,
837 3868 926 3938 quae
948 3851 1127 3916 lla-Num.
1153 3870 1224 3916 non
1246 3849 1387 3937 legitur.
1413 3853 1501 3916 Ean-

183 3957 262 4024 dem
278 3956 385 4023 habes
404 3960 466 4024 los.
486 3963 542 4038 3‚3
561 3958 676 4046 (Hebe.
699 3953 800 4045 Vulq.
820 3959 940 4022 contra
959 3956 1052 4022 LXX
1070 3956 1149 4043 Syr.
1171 3953 1294 4023 ctatt.
1310 3955 1502 4023 inserentes

183 4062 357 4154 copulam)
376 4069 410 4131 et
431 4068 492 4130 los.
517 4069 596 4147 8,33
622 4064 738 4153 (Hebe.
758 4064 891 4151 Symm.
912 4059 1035 4130 ctatd.
1057 4065 1176 4129 contra
1196 4063 1288 4128 LXX
1310 4062 1389 4150 Syr.
1412 4061 1502 4130 inse·

183 4176 297 4241 rentes
317 4168 491 4262 copulam,
510 4175 544 4238 et
566 4169 666 4261 Vulq.
684 4170 900 4237 omittentem
916 4158 1038 4249 uastas
1055 4173 1089 4234 et
1105 4173 1186 4235 nota
1202 4173 1266 4235 los.
1293 4174 1371 4252 8,33
1394 4170 1502 4259 respi-

183 4299 260 4346 cere
279 4278 539 4345 renovationem
555 4277 703 4346 foederis
717 4276 781 4345 sub
802 4280 897 4344 losue
911 4276 1036 4344 tactam
1052 4273 1210 4359 eandem,
1228 4280 1331 4366 atque
1346 4280 1500 4344 nostrum

183 4406 216 4451 v.
234 4392 266 4452 9.
284 4388 418 4472 Ergone
438 4386 608 4474 expressio
623 4382 813 4452 sacerdotes
835 4381 988 4464 Levitae,
1009 4375 1115 4472 quam
1138 4381 1315 4469 ignorasse
1339 4382 1501 4449 videntur

185 4489 392 4561 documenta
415 4496 449 4559 et
472 4496 627 4584 tempora
651 4492 811 4573 mosaica,
830 4489 977 4558 dicenda
991 4490 1066 4557 erit
1086 4488 1155 4556 iam
1178 4512 1263 4557 aevo
1286 4494 1381 4556 losue
1400 4486 1501 4555 adhi-

184 4595 259 4664 beri
278 4603 401 4686 coepta
419 4599 513 4667 esset
526 4598 622 4677 Quod
641 4600 783 4689 impune
802 4597 1009 4665 concesserit
1022 4596 1111 4686 quis,
1126 4595 1215 4663 nihil
1234 4595 1325 4662 enim
1340 4592 1424 4660 mali
1443 4599 1502 4661 aut

184 4704 259 4771 falsi
281 4703 445 4772 habetes
464 4707 644 4796 expressio,
664 4727 776 4796 neque
796 4704 826 4774 si
844 4728 886 4773 ea
907 4709 1061 4794 tempore
1084 4707 1178 4769 losue
1199 4700 1360 4768 adhiberi
1379 4704 1500 4790 coepta
