3366 5346
662 322 742 367 srrur
763 321 973 365 arrrmraras.
1416 311 1470 368 111

161 457 198 523 ld
225 462 312 523 esset
338 457 446 521 instar
469 455 612 541 insignis
639 456 812 537 miraculi,
840 477 893 521 res
915 476 1135 544 nequaquam
1167 456 1316 540 gratuito
1344 481 1472 548 suppo-

159 564 287 640 nenda,
313 563 374 628 sed
393 561 494 628 certis
518 561 708 628 rationibus
727 560 1005 628 demonstranda.
1026 561 1112 639 Quin
1132 561 1246 650 potius
1269 563 1470 641 conieceris,

157 669 208 736 uti
227 669 365 757 aliquae
381 674 493 735 textus
514 677 632 758 partes
651 668 789 758 penitus
807 670 875 735 sint
895 667 1104 757 deperditae,
1124 668 1172 735 ita
1192 670 1276 736 alias
1295 678 1383 737 certe
1399 671 1475 759 plu·

156 798 207 842 res
225 774 318 841 haud
338 796 462 864 parum
483 797 552 842 esse
571 775 793 862 defiguratas.
812 774 1050 864 superfuerint
1067 775 1275 864 quandoque
1293 777 1473 866 pericopae

154 889 207 948 sat
232 880 380 970 amplae,
407 881 510 970 plura
531 883 695 948 00011000
715 883 846 970 capita;
873 880 1082 970 quandoque
1103 881 1298 968 fragmenta
1323 884 1470 961 maiora,

155 991 302 1065 minora,
325 989 484 1066 minima;
503 987 710 1077 quandoque
731 989 887 1055 lacunae.

199 1099 314 1183 Neque
334 1093 397 1159 tibi
419 1093 623 1160 incredibile
642 1093 811 1176 videatur,
833 1094 960 1185 librum
980 1093 1185 1183 bipartitum
1203 1099 1274 1160 tam
1294 1094 1418 1161 misere
1436 1096 1472 1163 in

154 1201 261 1268 frusta
272 1222 343 1266 esse
355 1201 554 1281 resolutum,
573 1199 656 1266 dum
671 1201 770 1267 thora
785 1200 943 1289 (exceptis
957 1207 1074 1267 tamen
1087 1201 1200 1268 verbis
1215 1201 1325 1290 losue)
1343 1201 1471 1269 intacta

155 1306 395 1396 permanserit,
411 1307 563 1395 itemque
582 1306 663 1373 libri
678 1307 938 1397 prophetarum.
962 1311 1007 1374 lle
1025 1308 1276 1397 prophetarum
1295 1307 1394 1374 libris
1408 1309 1469 1375 de·

155 1413 297 1501 perditis
311 1413 355 1480 01.
373 1414 542 1501 Cornelyl
556 1418 621 1480 2t6
634 1435 684 1502 sq.
697 1418 732 1480 ln
751 1436 867 1506 rerum
881 1414 982 1480 ruina
997 1414 1099 1503 plura
1111 1435 1247 1503 semper
1260 1416 1467 1503 permittun-

154 1527 210 1584 tur
242 1519 346 1599 casui‚
376 1541 435 1586 seu
464 1520 579 1586 verius
606 1519 744 1587 divinae
772 1520 1020 1609 providentiae.
1049 1520 1159 1586 Thera
1184 1525 1318 1587 servata
1349 1528 1399 1587 est
1428 1543 1468 1587 eo

60 1630 63 1635 ’
152 1624 378 1712 potissimum,
397 1625 491 1714 quod
508 1626 580 1692 eius
594 1626 770 1716 exemplar
787 1627 1010 1695 sacerrimum
1024 1627 1061 1693 in
1080 1626 1241 1693 manibus
1258 1632 1344 1693 esset
1359 1649 1470 1693 sacer·

150 1731 281 1814 dotum,
303 1737 336 1797 et
360 1731 532 1798 efficacius
556 1733 825 1800 absconderetur
848 1734 883 1799 iu
906 1733 1048 1823 templo.
1070 1733 1170 1799 Liber
1190 1733 1375 1822 bipartitus
1396 1739 1472 1800 erat

150 1837 366 1926 potissimum
387 1837 425 1903 in
445 1839 592 1925 singulis
614 1839 759 1906 urbibus
780 1846 814 1906 et
837 1839 950 1928 pagis,
973 1839 1010 1905 in
1030 1840 1230 1926 synagogis
1253 1840 1289 1905 in
1310 1839 1471 1906 domibus

65 1928 68 1933 ¹
150 1944 374 2033 privatorum.
393 1943 486 2009 Libri
503 1945 753 2033 prophetarum
773 1946 1002 2012 credebantur
1017 1945 1168 2033 primum
1189 1945 1347 2013 manibus
1361 1945 1465 2012 disei-

151 2047 314 2138 pulorum
330 2050 593 2138 prophetarum.
611 2050 651 2117 lli
670 2050 776 2117 libros
789 2072 903 2118 seeum
918 2051 1082 2118 habentes
1096 2073 1131 2117 se
1143 2051 1380 2118 subducebant
1393 2075 1470 2141 per·

151 2155 329 2222 secationi.
352 2182 368 2214 0
389 2155 586 2223 circuibant
603 2156 638 2222 10
657 2155 805 2236 melotis,
827 2157 862 2222 in
883 2156 1032 2246 pellibus
1050 2156 1209 2246 caprinis
1228 2162 1380 2244 egentes,
1406 2180 1467 2224 an·

151 2261 304 2349 gustiati,
333 2260 463 2341 afflicti,
489 2262 615 2351 quibus
636 2262 762 2350 dignus
783 2285 854 2329 000
875 2270 949 2329 erat
973 2262 1137 2341 mundus;
1162 2263 1200 2329 in
1224 2264 1469 2331 solitudinibus

150 2372 313 2446 errantes,
332 2367 369 2433 10
386 2367 558 2435 montibus
576 2375 608 2434 et
623 2369 805 2458 speluncis,
824 2369 913 2436 etin
933 2370 1088 2436 cavernis
1107 2375 1217 2436 terrae
1236 2397 1252 2432 u
1272 2369 1387 2459 (Hebr.
1410 2378 1464 2451 11,

151 2480 192 2540 37
206 2475 286 2563 sq.).
306 2473 412 2554 Cives,
428 2480 542 2563 patres
557 2475 706 2542 familias
720 2497 789 2543 000
803 2482 963 2564 poterant
978 2476 1015 2542 in
1029 2476 1229 2543 solitudines
1243 2499 1278 2542 se
1291 2478 1463 2566 recipere:

150 2579 314 2647 sedebant
329 2581 424 2647 domi
445 2581 609 2658 eumsuis
628 2581 727 2648 libris
746 2583 862 2649 sacris.

195 2687 359 2764 alterum,
381 2687 475 2778 quod
494 2688 531 2752 in
549 2690 613 2754 bac
634 2690 833 2777 quaestione
857 2693 1050 2755 constanter
1068 2710 1150 2776 prae
1170 2689 1279 2754 oculis
1298 2688 1466 2754 habeatur

152 2797 297 2883 oportet,
314 2793 402 2860 illud
418 2800 481 2878 est,
499 2794 712 2861 restitutores
726 2794 869 2861 ludaeos
885 2795 986 2861 tuisse
1002 2793 1158 2860 homines
1171 2795 1244 2861 sine
1259 2794 1365 2861 dubio
1379 2794 1463 2884 pius,

149 2900 208 2966 sed
221 2900 356 2966 criticae
369 2900 455 2966 artis
466 2922 593 2989 purum
607 2923 747 2990 praui-os.
763 2901 858 2979 Quod
868 2907 960 2967 certe
975 2922 1152 2990 nunquam
1163 2899 1356 2967 concessuri
1369 2906 1467 2966 erant

152 3006 267 3072 ludaei
286 3008 505 3095 posteriores3
524 3029 596 3074 non
618 3009 683 3073 los.
707 3007 750 3094 (c.
773 3007 895 3097 Apion.
919 3011 1000 3074 vlit.
1024 3007 1070 3097 l),
1092 3030 1164 3073 nou
1183 3006 1295 3088 Phile,
1316 3008 1375 3095 qui
1393 3007 1465 3096 (ap.

150 3112 271 3179 Euseb.
290 3134 297 3180 :
316 3118 475 3203 Praepar.
495 3136 618 3201 evang.
637 3119 715 3181 Vlll.
734 3121 770 3192 6;
791 3117 838 3180 M.
861 3115 999 3202 116110)
1014 3113 1168 3200 ingenue
1183 3122 1363 3193 asseverat,
1383 3141 1398 3172 «
1415 3118 1464 3178 tot

150 3241 320 3286 annorum
335 3221 445 3309 spatio
466 3220 608 3309 (certum
630 3221 772 3310 quidem
790 3242 974 3287 numerum
994 3220 1140 3287 definire
1159 3243 1228 3287 non
1247 3241 1386 3310 possum
1405 3219 1466 3285 sed

107 3314 110 3319 ’
150 3332 263 3392 tamen
286 3325 436 3416 amplius
454 3326 508 3393 bis
521 3327 629 3412 mille)
645 3349 688 3393 ne
701 3350 820 3394 vocem
834 3326 973 3416 quidem
988 3349 1095 3393 unam
1114 3326 1151 3392 in
1165 3327 1216 3404 iis,
1233 3349 1321 3414 qaae
1338 3325 1467 3414 scripta

149 3431 288 3522 reliquit
318 3437 459 3520 lloyses,
487 3432 685 3500 immutasse
721 3463 736 3493 u
768 3432 925 3500 ludaeos.
952 3437 1073 3498 l'erum
1106 3432 1274 3498 eiusmodi
1306 3431 1465 3498 iudaicae

149 3538 349 3606 traditiones
363 3545 461 3606 caute
477 3547 557 3607 sunt
567 3539 799 3629 accipiendae,
815 3545 973 3605 accurate
985 3537 1281 3626 perpendendum,
1299 3538 1465 3603 habeant-

151 3666 193 3711 ne
206 3646 282 3733 plus
298 3646 461 3725 veritatis
480 3668 584 3735 quam
599 3646 716 3713 iliade
731 3646 865 3712 cellulis
883 3645 1102 3734 septuaginta
1119 3643 1272 3710 virorum
1287 3651 1321 3710 et
1338 3644 1380 3710 de
1400 3641 1466 3709 mi-

153 3751 253 3819 rabili
268 3752 493 3841 inspiratione
509 3752 632 3819 Esdrae
649 3775 815 3834 concessa,
835 3773 903 3840 qua
922 3751 1038 3839 plures
1055 3749 1166 3817 libros
1188 3749 1323 3839 penitus
1341 3751 1464 3839 deper-

152 3856 240 3923 ditos
261 3880 397 3924 rursum
417 3857 599 3924 dictaverit
621 3859 825 3925 verbotenus
842 3858 936 3939 10100,
959 3855 1077 3944 quales
1097 3862 1174 3923 ante
1193 3857 1345 3923 fuissent.
1369 3859 1465 3922 Certe

151 3964 345 4031 mirabilem
369 3965 466 4030 illam
491 3963 712 4030 stabilitatem
736 3986 806 4031 non
827 3963 951 4030 habuit
974 3969 1083 4030 textus
1101 3985 1196 4030 sacer
1217 3968 1293 4051 post
1310 3960 1462 4041 Esdram,

150 4093 168 4136 e
183 4074 280 4137 cuius
295 4077 387 4138 textu
401 4076 472 4137 tam
488 4070 637 4138 studiose
653 4069 856 4159 conquisito,
872 4078 942 4136 tam
958 4069 1116 4156 religiose
1130 4092 1150 4136 a
1164 4068 1285 4135 scribis
1298 4067 1466 4135 custodito

150 4184 249 4243 natae
275 4184 354 4243 sunt
379 4179 496 4267 paucis
519 4176 662 4244 saeculis
689 4177 901 4244 recensiones
928 4184 996 4243 tres
1024 4197 1032 4244 :
1060 4180 1191 4256 110000,
1218 4178 1309 4241 Sam.
1337 4181 1371 4240 et
1406 4173 1465 4240 ille

146 4289 256 4349 textus
287 4284 468 4363 hebraeus,
496 4308 565 4373 quo
593 4288 673 4350 Lxx
701 4284 898 4352 utebantur.
931 4286 1029 4350 110110
1059 4282 1174 4348 minus
1205 4281 1371 4348 mirabilis
1400 4281 1463 4345 illa

145 4389 312 4456 stabilitas
331 4390 540 4457 adstruenda
560 4398 610 4457 est
631 4413 694 4479 pro
717 4395 872 4479 tempore
891 4389 1001 4456 multo
1019 4389 1188 4474 longiore,
1203 4386 1297 4477 quod
1313 4409 1333 4452 a
1352 4391 1462 4471 lloyse

145 4495 190 4561 ad
210 4497 349 4562 Esdram
370 4497 513 4578 effluxit,
529 4497 667 4587 quando
688 4504 783 4563 tanta
804 4518 884 4563 cura
904 4518 1000 4562 sacro
1020 4495 1125 4561 textui
1145 4517 1215 4561 000
1234 4490 1459 4581 impendeba-

144 4607 212 4682 tur,
231 4604 300 4668 imo
322 4610 430 4670 textus
449 4603 695 4690 negligebatur
714 4611 815 4693 atque
835 4603 880 4670 ab
901 4601 1019 4692 impiis
1039 4602 1094 4666 vix
1112 4624 1181 4668 000
1202 4596 1455 4666 destruebatur.

147 4710 195 4775 Cf.
212 4710 368 4798 1110010.
388 4717 429 4777 18
442 4733 517 4800 sqq.
