3366 5346
184 281 243 339 rit
526 288 638 333 enarro
660 287 770 341 nosses
792 284 926 329 sacuam
951 286 958 328 :
982 284 1175 331 ranannnsrs.

186 429 290 511 lactis,
309 447 410 517 quem
436 421 618 490 calcaverit
638 444 698 511 prs
713 432 830 500 cester,
848 432 954 485 cester
969 421 1032 485 crit
1047 439 1060 484 :
1076 442 1097 486 a
1116 417 1247 486 deserto
1267 432 1298 485 et
1314 443 1336 487 a
1355 421 1517 504 Libano,

178 559 207 602 ‘a
221 533 366 621 stantiae
380 552 505 620 rnaqno
522 527 697 619 Euphrate
716 548 820 615 eisque
840 526 888 591 acl
907 548 1002 592 errare
1022 524 1230 592 occidentale
1245 539 1346 592 erant
1362 527 1521 594 termini

185 640 289 708 vestri
310 668 339 706 a.
363 637 513 705 Meminit
534 635 641 703 Calas.
665 633 896 723 quorumdam
920 633 1164 699 vertentium«
1188 655 1209 699 a
1232 633 1367 700 deserto
1400 656 1520 724 usque

185 747 229 813 ad
244 746 411 814 Libanum
429 765 462 824 »;
483 742 510 807 is
528 742 645 830 utique
662 746 712 806 est
727 761 859 820 sensus;
876 746 993 805 tamen
1007 738 1213 806 correctioni
1228 729 1334 829 aazia
1363 755 1418 808 sm
1440 764 1519 809 non

184 859 232 919 est
247 853 351 933 locus,
374 871 452 917 cuni
468 848 574 914 verba
596 848 645 914 uti
670 847 705 912 h.
723 845 747 912 l.
770 850 971 935 repetantur
989 850 1051 912 los.
1076 850 1131 919 lte
1157 845 1305 935 (Dillns.)
1322 853 1431 936 atque
1456 870 1519 914 re-

185 981 266 1025 vera
301 957 399 1023 illum
434 957 536 1023 etiam
568 975 703 1021 sensum
730 951 932 1042 exprimant.
960 953 1163 1039 Designatur
1190 953 1357 1020 terminus
1391 960 1515 1022 terrae

184 1069 321 1131 sanctae
341 1060 595 1143 meridionalis,
614 1057 900 1149 septentrionalis,
917 1057 1102 1141 orientalis,
1125 1058 1344 1126 occidentalis
1366 1062 1511 1149 (Tost.).

183 1174 360 1238 Desertam
383 1168 588 1254 intelligitur
613 1165 701 1232 illud
722 1166 767 1234 ad
787 1165 965 1233 meridiem
982 1164 1239 1246 cisiordanieae,
1259 1189 1330 1233 non
1351 1190 1437 1234 vero
1452 1168 1513 1235 al-

182 1285 294 1343 terum
318 1275 547 1343 adorientem
567 1270 857 1340 transiordanicae
878 1271 1018 1358 :agitur
1032 1271 1159 1361 quippe
1179 1270 1222 1338 de
1241 1273 1314 1339 sola
1334 1273 1510 1341 cisiorda·

182 1385 258 1450 nica
277 1381 481 1468 subigenda.
500 1404 531 1446 v.
551 1386 592 1447 25
611 1407 626 1441 κ
645 1377 769 1446 Nullas
784 1378 889 1445 stabit
905 1390 1024 1445 corstra
1038 1401 1096 1444 vos
1117 1405 1132 1439 r
1151 1380 1256 1468 (wi)
1274 1401 1282 1448 :
1302 1408 1317 1441 «
1337 1392 1508 1449 terrorem

182 1503 328 1557 cestram
351 1501 385 1554 ct
404 1486 628 1577 formidinem
644 1485 740 1552 dabit
757 1485 923 1551 Dominus
938 1489 1026 1551 Deris
1040 1498 1149 1552 aester
1161 1508 1264 1576 saper
1281 1509 1416 1554 onmem
1433 1501 1509 1555 ter·

182 1619 269 1681 rant,
288 1618 393 1687 qaam
409 1594 580 1661 calcaturi
597 1594 688 1673 estis,
705 1591 796 1659 sicat
810 1591 944 1658 locatrts
959 1604 1007 1683 cst
1021 1591 1114 1658 vobis
1132 1620 1161 1662 ».

464 1823 495 1883 a.
524 1814 682 1882 Praemia
706 1827 739 1881 et
758 1836 891 1904 pomae
915 1818 1015 1882 Deest.
1039 1821 1211 1898 ttae-32.

225 2018 308 2104 Arq.
329 2011 549 2079 -Ultimum
570 2031 793 2100 paraeneseos
810 2016 1053 2095 argumentum
1072 2008 1174 2076 simul
1200 2014 1250 2077 est
1272 2011 1431 2079 transitio
1455 2014 1504 2081 ad

183 2125 327 2189 alteram
354 2119 475 2185 thorae
507 2126 659 2210 partem,
690 2115 944 2184 benedictiones
977 2122 1010 2182 et
1039 2116 1297 2184 maledictiones
1326 2141 1401 2209 cap.
1434 2126 1500 2204 28,

184 2226 276 2316 quod
299 2231 401 2313 caput
427 2223 586 2312 primitus
607 2221 806 2288 immediate
823 2223 1100 2311 consequebatur
1119 2245 1194 2312 cap.
1219 2230 1271 2290 11.
1295 2225 1424 2291 Petitur
1441 2248 1502 2292 ar·

81 2408 84 2414 .
184 2335 387 2419 gumentnm
414 2352 432 2395 e
458 2327 757 2395 benedictionibus
787 2327 1017 2395 concedendis
1042 2327 1095 2411 iis,
1118 2329 1178 2418 qui
1204 2331 1367 2397 mandata
1396 2331 1502 2399 bodie

182 2440 264 2520 lata,
288 2436 312 2503 i.
337 2459 366 2502 e.
395 2435 544 2515 thoram,
568 2432 842 2514 observaverint,
872 2442 905 2500 et
930 2456 949 2500 e
973 2433 1272 2503 maledictionibus
1300 2436 1502 2524 infligendis

182 2547 233 2625 iis,
259 2544 318 2632 qni
341 2541 460 2608 eadem
482 2541 708 2627 neglexerint.
728 2545 817 2617 Quae
843 2562 886 2607 ne
915 2539 1102 2629 aliquando
1132 2543 1298 2609 memoria
1324 2544 1497 2631 excidant,

182 2650 323 2719 Hebraei
349 2647 610 2717 cisiordanieam
638 2646 785 2734 ingressi
810 2669 929 2714 earum
954 2654 1214 2715 monumentum
1247 2650 1501 2720 consecrabunt

182 2763 313 2826 montes
333 2755 480 2824 Gerizim
500 2758 533 2821 et
559 2754 677 2821 Hebal.
698 2752 918 2821 Concluditur
941 2754 1138 2843 paraenesis
1158 2779 1190 2822 v.
1214 2763 1253 2823 31
1278 2779 1327 2847 sq.
1352 2759 1500 2848 repetito

182 2864 313 2932 monito
329 2861 518 2928 servandae
533 2862 666 2927 thorae.

226 2993 258 3034 v.
280 2976 322 3034 26
353 2996 368 3027 α
397 2970 450 3032 En
471 2989 625 3057 propono
655 2967 691 3031 in·
717 2978 895 3055 conspecta
923 2980 1028 3033 cestro
1051 2966 1152 3033 leodic
1172 2968 1439 3037 detrectationem
1468 2987 1502 3039 ct

181 3073 490 3142 maledictionem»
510 3094 516 3139 :
536 3095 566 3136 v.
583 3079 624 3137 27
643 3099 660 3133 a
682 3070 961 3159 benedictionem,
979 3072 1010 3139 si
1028 3072 1221 3150 obedieritis
1240 3073 1412 3143 mandatis
1429 3081 1501 3145 lto-

181 3181 271 3248 mini
288 3179 351 3246 Dei
371 3178 483 3262 vestri,
507 3199 595 3267 qrcae
615 3200 675 3266 epo
696 3176 796 3251 hodie
814 3179 991 3268 praecipio
1010 3180 1104 3246 vobis
1127 3202 1161 3263 »;
1179 3204 1211 3247 v.
1235 3188 1276 3249 28
1293 3211 1309 3243 «
1333 3182 1501 3252 nraledic-

182 3288 321 3371 tionem,
339 3285 370 3352 si
392 3307 461 3351 non
481 3282 676 3350 obedierit-is
700 3283 874 3351 mandatis
895 3284 1036 3352 Domini
1056 3287 1120 3354 Dei
1139 3290 1256 3369 vestri,
1277 3287 1337 3355 sed
1355 3312 1499 3360 recesse-

180 3394 257 3462 ritis
284 3392 325 3460 de
353 3392 421 3476 oia,
448 3414 552 3482 peram
581 3414 643 3479 epo
672 3413 762 3458 natac
792 3390 930 3458 ostendo
959 3393 1064 3474 ociis,
1086 3407 1118 3460 ct
1139 3394 1396 3463 ambulaveritis
1418 3413 1500 3486 post

181 3503 259 3569 deos
278 3500 421 3580 alienos,
443 3521 528 3589 piros
549 3497 720 3587 ipnoratis
746 3526 776 3565 n.
803 3501 973 3588 Prasiana,
993 3502 1096 3567 Hebr.
1122 3500 1179 3583 clo,
1191 3525 1297 3592 porro,
1319 3525 1388 3570 non
1403 3503 1498 3573 idem

180 3615 278 3674 sonat
293 3615 395 3696 atque
411 3633 427 3667 «
446 3607 621 3695 optionem
642 3605 686 3671 do
705 3633 720 3666 »
743 3604 904 3694 (Barsa),
921 3606 1003 3672 licet
1016 3608 1137 3696 utique
1152 3608 1327 3698 optionem
1343 3610 1499 3680 habeant

180 3712 336 3791 Hebraei,
355 3733 432 3777 cum
448 3710 558 3777 libero
575 3709 719 3777 arbitrio
733 3710 884 3800 praediti
901 3712 970 3777 sint
987 3734 995 3781 ε
1013 3713 1072 3780 sed
1085 3712 1133 3779 ita
1148 3727 1393 3803 proponantur
1410 3715 1499 3782 haee

179 3819 319 3911 populo,
339 3817 390 3883 uti
409 3839 440 3884 v.
466 3823 507 3883 29
529 3828 709 3905 ponantur
728 3818 764 3882 in
791 3818 976 3898 montibus,
1001 3825 1036 3886 et
1060 3820 1110 3887 uti
1131 3825 1323 3887 constanter
1343 3821 1498 3889 oratione

179 3949 240 3993 sua
264 3926 358 4012 leges
379 3921 479 4013 ponit
501 3936 580 3988 arete
602 3925 731 4012 facicm
757 3924 878 4013 populi
904 3929 1040 4013 Moyses.
1072 3927 1247 4004 Quomodo
1279 3933 1394 3995 autem
1422 3950 1499 3995 ma-

178 4032 319 4099 ledictio
341 4035 375 4097 et
396 4029 590 4096 benedictio
612 4029 839 4118 imponuntur
862 4031 1054 4101 montibus?
1067 4039 1129 4099 Per
1150 4036 1270 4121 Moysis
1295 4033 1498 4102 mandatum

180 4144 212 4204 et
227 4136 492 4216 solemnitatem,
510 4155 615 4224 quam
627 4133 677 4201 ib.
695 4135 817 4202 habuit
830 4140 939 4219 losue,
956 4139 1121 4206 memoria
1132 4139 1226 4207 illius
1243 4139 1497 4208 benedictionis

179 4250 212 4310 et
244 4240 494 4308 maledictionis
523 4240 766 4330 imponebatur
797 4242 864 4310 illis
897 4245 1085 4327 montibus,
1115 4247 1384 4316 connectebatur
1414 4271 1493 4315 cum

177 4348 260 4430 illis;
277 4347 345 4438 ipsi
362 4369 426 4437 pro
446 4346 606 4414 Israelitis
624 4346 702 4414 illos
717 4347 931 4418 intuentibus
946 4352 1072 4419 fiebant
1091 4375 1207 4421 rerum
1222 4357 1442 4423 monumenta
1458 4365 1493 4423 et

178 4457 393 4523 documenta.
414 4452 523 4520 Simili
549 4454 679 4523 ratione
705 4454 804 4522 laodic
821 4457 1016 4525 benedictio
1037 4465 1069 4525 et
1096 4460 1292 4529 maledictio
1309 4475 1493 4553 poterentur·

178 4585 291 4630 coram
307 4561 450 4653 papirio,
474 4561 505 4628 ei
529 4568 783 4653 proponuntur,
806 4569 843 4631 ut
865 4565 1033 4632 memoria
1056 4568 1251 4635 reconditae
1277 4571 1360 4636 siant
1384 4570 1492 4638 veluti

176 4691 381 4760 permanens
399 4675 658 4736 monumentum
682 4677 715 4736 et
734 4670 988 4741 documentum.
1010 4695 1043 4741 ν.
1064 4680 1105 4740 29
1132 4702 1148 4736 «
1176 4678 1261 4743 Cam
1282 4699 1358 4743 cero
1381 4677 1491 4744 intro-
