3366 5346
195 270 253 328 aas
521 280 679 325 carnotus
701 280 806 326 uorsrs
827 279 982 325 sancsone
1003 279 1179 324 rusenrrno.

197 441 287 500 mus,
306 439 390 483 aevo
409 415 532 493 iosias,
548 414 729 497 Samuelis,
753 418 862 496 losue,
882 436 966 502 ergo
984 414 1085 481 etiam
1105 412 1223 500 Moysis
1239 413 1366 479 librum
1388 413 1518 478 thorae

195 527 360 614 incepisse
394 527 488 590 [teat.
518 528 586 602 5,1.
618 521 719 587 Cuius
747 522 867 588 thorae
894 544 975 611 pars
1003 520 1161 609 primitus
1186 520 1302 609 utiquc
1335 542 1404 586 non
1440 527 1521 585 erat

196 632 446 699 collectaneum
464 634 558 696 [teat.
583 634 792 710 1⁹2,1-26‚15.

241 762 274 805 v.
293 745 333 805 tt
352 765 367 797 «
388 740 454 801 ara
470 747 517 800 cst
537 733 590 800 lca
613 763 645 814 »,
662 735 778 815 thora,
799 762 814 794 «
832 757 937 824 qraam
951 733 1129 824 proposuit
1148 735 1280 823 Moyses
1295 755 1409 799 coram
1422 731 1520 823 filiis

196 845 305 911 Israel
324 863 357 921 >›;
383 865 413 908 ν.
442 847 483 909 '45
509 869 524 901 a
544 843 600 927 [eti
624 840 707 907 lraec
728 841 924 908 testimonia
944 853 977 907 et
1000 840 1211 907 ceremoniae
1234 852 1337 930 atquc
1361 839 1515 923 indicia,

196 973 283 1042 qcrae
300 950 431 1016 locatos
455 960 502 1014 cst
526 947 574 1014 ad
588 947 681 1036 filios
700 947 826 1031 Israel,
848 947 986 1038 quando
1004 947 1131 1037 eprcssi
1149 959 1228 1014 sarit
1244 947 1285 1013 dc
1299 950 1457 1036 aeqypto
1480 976 1516 1014 ».

195 1060 287 1125 Sicut
308 1062 363 1140 1,t
383 1078 433 1146 sq.
462 1055 587 1145 prioris
602 1055 785 1137 orationis,
803 1054 851 1122 ita
866 1055 902 1121 h.·
926 1041 948 1121 t.
967 1055 1107 1122 alterius
1122 1054 1286 1121 orationis
1302 1053 1520 1122 adscribitur

196 1171 330 1253 tempus
349 1168 381 1228 ct
407 1162 513 1227 locus.
536 1165 574 1226 Et
592 1161 743 1249 primum
770 1162 910 1251 quidem
931 1168 1066 1251 tempus
1094 1183 1102 1230 :
1127 1161 1164 1226 in
1189 1183 1322 1251 cyrenen
1338 1183 1458 1227 eornm
1472 1160 1521 1227 de

195 1275 364 1361 Aegypto,
386 1269 511 1358 inquo
533 1286 672 1354 egressu
694 1289 726 1332 v.
748 1273 790 1335 ao
812 1267 974 1334 dicuntur
992 1267 1096 1334 etiarn
1114 1267 1256 1334 Hebraei
1272 1268 1434 1334 devicisse
1453 1272 1520 1335 Se-

196 1379 340 1455 bonem·,
359 1374 449 1442 unde
460 1379 572 1465 patet,
590 1396 630 1440 ea
644 1373 860 1463 expressione
873 1374 1046 1460 designari
1062 1380 1167 1441 totam
1183 1374 1300 1462 Moysis
1319 1373 1423 1440 vitam
1446 1397 1519 1463 pu·

196 1484 335 1551 blicam.
355 1511 369 1543 a
387 1483 563 1548 Sententia
584 1480 669 1546 baec
687 1509 721 1562 »‚
744 1480 857 1570 inquit
875 1484 949 1561 On,
976 1511 990 1540 υ
1012 1480 1207 1547 describens
1221 1487 1354 1570 tempus
1367 1481 1520 1571 aliquod

196 1590 355 1658 extremis
370 1596 411 1656 '40
429 1587 526 1654 annis
541 1586 842 1677 peregrinationis
863 1609 931 1653 non
943 1579 1058 1677 'potuit
1072 1587 1174 1654 scribi
1188 1588 1231 1654 ab
1251 1594 1389 1654 auctore
1411 1610 1519 1654 even·

196 1703 294 1765 tuum
309 1694 466 1784 acquali3
483 1693 605 1760 debuit
626 1693 729 1760 scribi
752 1715 772 1759 a
798 1693 987 1760 recentiore
1007 1693 1140 1783 aliquo,
1163 1694 1223 1783 qui
1245 1694 1324 1760 illos
1346 1701 1386 1761 '40
1402 1717 1521 1762 annos

196 1807 417 1883 contueretur
438 1799 544 1866 veluti
563 1806 731 1889 punctum
753 1821 861 1866 unum
888 1800 1050 1889 temporis
1062 1800 1193 1868 dudum
1208 1801 1386 1890 praeteriti
1402 1829 1434 1866 ».
1453 1806 1519 1869 Ce-

197 1919 306 1977 terum
322 1907 425 1974 verba
436 1913 578 1997 possunt
592 1907 695 2005 etiam
718 1913 750 1973 et
773 1907 913 1973 fortasse
935 1907 1061 1974 debent
1085 1907 1172 1973 verti
1185 1920 1369 1998 postquam
1386 1911 1522 1997 cyr-essi

197 2031 276 2086 snm
286 2015 503 2103 deAcperto,
516 2012 609 2102 quod
621 2012 785 2079 reciditin
794 2013 899 2080 idem.
911 2013 1001 2081 Sicut
1013 2036 1059 2081 sc.
1076 2021 1130 2089 1‚-t
1146 2020 1282 2103 tempus
1296 2013 1520 2082 describeba-

197 2131 255 2190 tur
268 2121 531 2189 indeterminate
548 2147 563 2179 «
584 2124 659 2207 post
676 2119 810 2186 cladem
829 2121 943 2207 Sehon
960 2148 990 2202 a,
1013 2122 1060 2186 ita
1073 2121 1106 2185 h.
1125 2119 1149 2186 l.
1173 2121 1275 2188 etiam
1292 2121 1517 2206 magisinde-

200 2229 380 2295 terminate
396 2224 602 2292 describitur
619 2253 634 2284 «
654 2232 730 2313 post
752 2225 897 2292 exodum
922 2227 1205 2315 aegyptiacam».
1227 2227 1377 2294 Exodum
1393 2236 1516 2295 autem

199 2335 258 2403 hic
270 2334 414 2421 scriptor
428 2330 601 2397 recentior
615 2352 683 2396 non
703 2330 867 2416 intelligit
880 2331 991 2399 solum
1009 2332 1187 2399 transitum
1205 2335 1299 2400 Maris
1313 2333 1431 2415 Ruliri,
1450 2335 1517 2402 sed

199 2448 307 2508 totam
323 2436 638 2529 peregrinationem
656 2436 700 2502 ab
720 2442 877 2527 Aegypto
890 2438 934 2504 ad
950 2439 1130 2507 Iordanem
1149 2462 1256 2528 usque
1274 2462 1282 2522 3
1305 2445 1429 2526 Moyses
1444 2441 1519 2509 dux

199 2549 265 2616 tuit
289 2574 305 2609 a
332 2566 487 2632 egressus
511 2572 525 2604 n
554 2565 612 2609 scu
632 2572 648 2603 α
673 2542 773 2609 exodi
802 2572 836 2624 »,
859 2549 953 2611 losue
971 2544 1040 2611 dux
1062 2546 1127 2612 suit
1144 2575 1159 2606 «
1176 2547 1351 2633 ingressus
1368 2574 1383 2606 »
1400 2553 1517 2615 terrac

199 2655 397 2745 promissae.
415 2649 579 2737 Adiungit
597 2672 701 2739 porro
723 2650 789 2716 loci
806 2650 1073 2739 descriptionem
1095 2676 1127 2719 v.
1145 2660 1187 2720 ts»
1205 2676 1213 2721 :
1234 2682 1249 2714 «
1275 2667 1370 2719 trans
1392 2655 1516 2721 Iorda-

199 2784 287 2844 nem,
307 2760 343 2825 in
358 2757 446 2825 calle
466 2770 585 2824 carrtra
599 2758 725 2845 fantem
740 2756 889 2845 Pauper,
906 2758 942 2825 in
963 2771 1053 2826 terra
1067 2759 1180 2825 Sation
1194 2759 1516 2849 repisrtmorrlzaei,

201 2865 445 2957 praenuatiavit
464 2864 501 2929 in
522 2863 674 2929 Hesebon
694 2890 723 2928 ».
739 2867 844 2929 Locus
863 2865 986 2930 exstitit
1004 2865 1096 2931 idem
1115 2872 1219 2955 atquc
1233 2866 1359 2955 prioris
1383 2868 1517 2935 oratio-

200 2977 254 3040 nis
270 2980 346 3054 1‚5;
368 2977 459 3052 3,‘29‚
480 2970 600 3035 ultima
621 2971 720 3036 statio
748 2969 991 3038 Hebraeorum.
1013 2977 1129 3053 Porro,
1152 2972 1323 3039 mentione
1343 2973 1434 3040 tacta
1453 2980 1517 3042 Se·

203 3081 312 3161 honis7
337 3076 521 3165 inscriptae
541 3074 684 3141 Sehonis
704 3073 879 3141 historiam
901 3077 1102 3166 compendio
1124 3079 1251 3147 refert:
1274 3108 1289 3141 a
1312 3083 1416 3161 Quem
1429 3104 1518 3170 per·-

203 3183 305 3253 cassit
326 3185 476 3270 Moyses,
494 3180 565 3270 filit
584 3203 716 3267 petoque
735 3181 845 3247 Israel
863 3183 989 3271 egressi
1004 3207 1045 3249 ea
1068 3187 1224 3276 Aegypto
1238 3216 1268 3265 »‚
1285 3226 1329 3236 —-
1347 3188 1371 3254 i.
1390 3210 1419 3253 e.
1434 3202 1516 3277 post

203 3313 375 3382 conessum
395 3288 451 3377 (cf.
469 3288 513 3355 ad
529 3311 560 3354 v.
586 3288 659 3378 t5);
677 3289 787 3354 insere
801 3311 881 3355 vero
900 3290 955 3357 hic
970 3291 1129 3380 copulam
1149 3331 1193 3341 —
1212 3317 1243 3358 v.
1263 3300 1303 3360 '47
1318 3307 1351 3359 et
1367 3322 1382 3354 ι(
1396 3316 1517 3384 posse-

204 3398 328 3466 derunt
344 3410 469 3464 terram
483 3395 557 3462 eins
575 3407 745 3461 alternam
765 3396 815 3485 09
828 3395 919 3484 rcqis
933 3400 1058 3479 Basaro,
1073 3396 1218 3464 (laceram
1234 3423 1354 3490 repara
1371 3404 1516 3467 Amorr-

204 3507 380 3588 daeormn,
401 3504 462 3595 qni
481 3515 580 3570 erant
601 3514 694 3568 {rans
714 3501 895 3568 Iordanem
913 3503 959 3569 ad
974 3503 1056 3570 solis
1074 3518 1185 3570 ortam
1205 3535 1238 3590 a,
1255 3546 1299 3557 -
1318 3508 1422 3573 verba
1440 3509 1515 3574 evi-

203 3614 324 3680 denter
339 3613 386 3677 cis
413 3612 591 3677 Iordanem
614 3611 739 3698 scripta
757 3645 802 3658 —
816 3631 848 3675 ν.
868 3615 909 3676 ῐι8
934 3638 949 3670 a
975 3613 1017 3676 ab
1032 3613 1150 3695 Arcen,
1170 3635 1258 3701 qnae
1272 3614 1338 3679 sita
1354 3626 1515 3705 estserper

204 3721 314 3810 ripam
332 3717 493 3783 terrenas
508 3720 637 3796 Arnon,
656 3738 761 3804 casque
779 3715 828 3781 ad
846 3728 994 3783 montena
1008 3718 1095 3784 Sion
1112 3746 1149 3800 a,
1166 3758 1210 3768 —
1227 3721 1359 3806 corrige
1371 3722 1513 3804 Sation,

204 3835 236 3894 et
252 3828 294 3894 ci.
321 3825 364 3891 ad
388 3830 443 3905 3,9
465 3860 507 3872 -
527 3850 542 3882 «
570 3822 631 3911 qni
652 3835 701 3888 cst
726 3822 783 3909 [et]
801 3825 953 3889 Hermon
976 3851 1009 3908 n,
1036 3848 1068 3890 v.
1088 3830 1128 3890 to
1150 3855 1164 3886 a
1188 3849 1319 3893 onmem
1327 3826 1514 3916 plorritiern

204 3948 298 4000 trans
318 3928 498 3998 Iordanem
513 3928 560 3993 arl
572 3928 771 3994 orientalem
781 3930 938 4018 plepem,
961 3954 1069 4020 asqrce
1095 3931 1142 3997 act
1160 3955 1253 3998 tractre
1268 3930 1466 3999 solitndiar's
1480 3948 1514 3999 ct

206 4062 310 4128 usqae
330 4036 376 4103 recl
394 4035 526 4101 radices
548 4036 673 4100 errantis
697 4034 833 4124 Pliasqa
860 4066 890 4104 n,
920 4038 966 4104 cf.
990 4037 1032 4104 ad
1052 4045 1142 4120 ⁸236.
1168 4043 1214 4104 Ex
1229 4040 1282 4105 his
1305 4040 1440 4118 inieras
1456 4039 1514 4104 in-

204 4147 423 4234 scriptionem
438 4166 470 4210 v.
496 4146 598 4208 'ts-to
628 4142 814 4229 praefixam
838 4164 908 4209 csse
927 4144 1070 4210 orationi
1087 4167 1161 4234 cap.
1182 4153 1200 4212 5
1218 4167 1308 4235 sqq„
1324 4152 1510 4235 antequam

206 4254 289 4318 hacc
302 4258 335 4316 ct
355 4247 573 4338 peraccedenti
591 4247 738 4314 orationi
751 4254 784 4314 et
800 4249 883 4315 actis
903 4250 1059 4317 mosaicis
1070 4259 1316 4320 contexeretur.
1334 4259 1405 4319 Non
1421 4259 1507 4332 enat,

204 4381 263 4426 cur
283 4364 358 4424 acta
375 4354 517 4422 Sehonis
535 4354 776 4444 particularius
797 4355 1099 4437 adumbrarentur,
1121 4359 1148 4424 si
1169 4381 1208 4425 ca
1223 4360 1340 4448 [caucis
1355 4358 1513 4426 interiec-

203 4465 245 4533 tis
264 4462 434 4553 capitibus
451 4463 524 4528 iusc
546 4466 645 4527 antea
665 4462 912 4544 narrabantur;
932 4486 1000 4529 non
1022 4471 1111 4543 erat,
1131 4487 1192 4530 cur
1211 4466 1303 4532 locus
1322 4475 1356 4533 et
1375 4472 1510 4555 tempus

203 4573 340 4641 habitae
356 4569 496 4637 alterius
515 4568 839 4657 orationisquinque
854 4569 1008 4635 versibus
1027 4569 1312 4652 describerentur,
1339 4575 1365 4638 si
1391 4572 1512 4639 cadem

203 4685 268 4749 iam
286 4677 495 4747 breviantes
514 4681 567 4757 1,-ἰ
584 4697 634 4764 sq.
653 4674 826 4763 descripta
841 4682 1020 4745 exstarent.
1039 4678 1212 4744 Orationes
1232 4679 1349 4767 Moysis
1363 4678 1510 4747 circum-
