3366 5346
622 311 711 357 auur.
736 297 826 361 3335
848 312 912 362 soo.
1364 306 1423 364 529

115 455 148 514 et
171 448 287 514 verbo.
317 446 461 513 Omnino
483 454 597 514 autem
620 444 843 536 praeferenda
865 449 914 510 est
938 443 1039 510 lectio
1059 447 1148 515 Sam.
1175 437 1253 522 atti,
1276 452 1357 540 quia
1376 454 1424 520 sie

115 553 247 621 tollitur
261 554 375 640 gravis
397 552 592 632 difficultas,
611 553 767 642 quisnam
795 551 879 617 haee
898 551 1012 617 omnia
1033 550 1207 641 loquatur.
1224 579 1256 623 v.
1274 564 1317 624 36
1334 565 1424 627 certe

115 659 268 749 loquitur
282 661 419 742 ehorus,
435 661 515 727 item
533 684 564 726 v.
588 667 630 727 30
649 681 701 747 sq.
721 679 728 725 :
748 657 809 725 ubi
826 679 910 744 ergo
927 657 1060 723 orditur
1082 658 1175 748 ioqui
1191 667 1296 730 Deus?
1309 669 1424 733 utrum

116 789 147 833 v.
168 772 221 847 32,
237 788 280 833 an
298 788 328 833 v.
349 773 403 846 33,
421 789 464 832 an
479 790 510 833 v.
529 770 593 834 35?
608 764 801 832 Secundum
822 769 911 831 Sam.
929 787 959 831 v.
978 770 1082 831 ati-36
1096 767 1256 834 continuo
1272 770 1427 860 loquitur

115 873 251 939 ehorus.
270 873 362 940 Dices
379 873 499 940 suffixa
512 896 544 940 v.
560 878 602 940 at
618 871 739 938 reterri
758 871 803 938 ad
822 876 926 938 iteum
943 891 950 937 :
967 871 1026 936 sed
1048 873 1156 940 verba
1173 876 1352 943 commode
1372 902 1427 945 ae-

116 977 184 1067 cipi
198 983 337 1067 possunt
355 982 393 1044 ut
407 1001 427 1045 a
440 977 545 1044 choro
563 977 711 1067 proiecta
729 997 736 1043 :
759 998 873 1044 nonne
888 977 974 1042 haee
991 976 1210 1046 inimieorum
1227 984 1428 1070 perversitas

117 1084 203 1149 mihi
229 1083 356 1173 oppido
376 1091 458 1150 nota
477 1090 528 1151 est
549 1082 773 1173 experientia,
794 1088 898 1173 atque
921 1083 957 1148 in
980 1082 1107 1149 tabuiis
1126 1088 1310 1169 memoriae
1332 1111 1426 1156 meae
1491 1120 1498 1131 ,

118 1190 291 1257 recondita
306 1190 416 1258 iacet?
855 1217 858 1222 ·

154 1400 246 1459 Dices,
261 1401 407 1450 lectionem
425 1400 499 1450 Sam.
517 1399 626 1448 admitti
646 1411 701 1450 non
718 1411 799 1462 posse
814 1403 928 1462 propter
951 1398 979 1448 S.
998 1399 1116 1449 Paulum
1132 1400 1271 1453 dicentem
1287 1404 1367 1455 Ilum.
1385 1406 1427 1467 ti,

122 1489 150 1537 tu
167 1501 174 1535 :
190 1504 201 1535 r
220 1487 360 1552 Scriptum
376 1491 418 1538 est
433 1489 507 1538 enim
524 1502 529 1536 :
547 1488 614 1537 illibi
635 1479 766 1547 v'lndirla,
784 1491 812 1536 et
828 1500 881 1550 ego
895 1488 1046 1536 retribuam
1062 1490 1111 1548 eis,
1129 1489 1195 1539 dicit
1211 1492 1346 1543 Dominus
1361 1511 1385 1555 s,
1402 1496 1431 1546 et

120 1576 204 1627 llebr.
231 1576 333 1633 teau:
354 1593 365 1624 ι
389 1576 498 1626 Scimus
519 1579 592 1626 euim
618 1578 665 1639 qui
689 1577 778 1626 dixit:
795 1575 862 1625 idibi
885 1576 1017 1634 vindicta,
1032 1582 1059 1627 et
1079 1589 1132 1640 ego
1157 1580 1306 1630 retribuam
1325 1599 1348 1632 s.
1375 1582 1430 1634 Sed

118 1664 241 1731 perlecta
262 1665 417 1715 similitudo
439 1664 615 1715 solummodo
640 1665 758 1715 babetur
782 1667 855 1715 luter
871 1664 898 1715 S.
919 1664 1036 1714 Paulum
1056 1671 1084 1716 et
1102 1668 1258 1718 versionem
1280 1669 1429 1734 Vulgatam

118 1756 200 1806 Deut.
218 1754 298 1815 3235
316 1769 323 1803 ι
339 1767 378 1804 se.
396 1753 425 1803 S.
444 1754 519 1804 Hier.
535 1755 694 1804 versionem
707 1767 785 1804 suain
801 1753 881 1803 Deut.
897 1752 976 1811 3335
991 1753 1175 1806 conformavit
1187 1756 1278 1808 allatis
1289 1759 1345 1809 illis
1357 1760 1430 1810 Pau-

118 1846 192 1894 linis.
211 1844 282 1893 illud
303 1858 385 1906 rego
409 1843 588 1892 retribuam»
612 1843 697 1893 Hebr.
714 1856 770 1893 non
791 1843 884 1901 babet,
907 1842 972 1891 dum
995 1842 1068 1892 Lxx
1091 1846 1222 1907 ignorant
1244 1847 1312 1896 illud
1334 1850 1431 1897 «mibi

119 1933 241 1982 vindicta
256 1948 280 1981 i.
300 1931 477 1982 concedatur
495 1934 580 1994 igitur
594 1934 713 1993 oportet,
733 1931 762 1980 S.
781 1931 897 1979 Paulum
916 1932 1038 1993 aliquem
1058 1933 1102 1981 vel
1116 1934 1226 1996 aliquos
1240 1949 1264 1983 s.
1285 1938 1378 1986 textus
1394 1937 1430 1986 li-

121 2020 178 2069 bere
194 2021 289 2070 citare,
310 2021 403 2069 Potuit
418 2021 503 2069 altare
524 2019 605 2069 Deut.
621 2019 664 2072 32,
681 2019 728 2067 ubi
743 2031 769 2067 v.
789 2018 821 2067 3.]
837 2019 973 2067 vindictae
995 2024 1025 2070 et
1044 2021 1230 2071 retributionis
1251 2025 1386 2085 meminit,
1403 2031 1431 2076 et

119 2123 145 2158 v.
163 2109 196 2158 36
216 2109 319 2159 diserte
334 2109 430 2157 statuit
450 2108 501 2157 lias
515 2120 577 2157 esse
592 2120 679 2169 penes
695 2107 793 2157 Deum.
814 2107 907 2156 Potuit
924 2109 1009 2158 citare
1026 2109 1061 2158 ls.
1081 2109 1153 2172 3l,8;
1172 2111 1224 2160 ier.
1243 2112 1428 2173 itt,l5;5l,ll;

119 2198 203 2249 liceli.
220 2197 280 2256 28st
297 2202 362 2256 eto,
378 2198 427 2260 qui
442 2209 540 2246 omnes
554 2197 646 2245 textus
661 2195 779 2245 eandem
794 2197 938 2246 veritatem
954 2199 1121 2259 exprimunt.

170 2391 276 2450 Stropba
290 2388 424 2435 mutatoria
437 2388 509 2434 tertia
523 2405 529 2434 ι
543 2388 636 2433 Iahvae
650 2388 680 2434 de
694 2387 798 2434 inimicis
813 2388 925 2434 laturum
937 2389 1054 2435 iudicium
1065 2391 1228 2438 annuntiatur
1243 2407 1266 2439 v.
1282 2392 1379 2443 35¹¹·39.

163 2559 246 2646 Arq.
264 2596 308 2604 -
327 2560 395 2622 Hoc
413 2555 590 2635 iudicium,
609 2554 701 2642 quod
723 2576 754 2620 v.
773 2560 828 2620 35·
849 2554 999 2621 breviter
1023 2557 1197 2642 attigerat,
1225 2570 1318 2626 certo
1341 2563 1432 2629 iutu-

118 2686 195 2731 rum
211 2662 316 2730 fusius
329 2661 563 2728 annuntiatur.
581 2659 929 2726 Posttribulationem
946 2683 1014 2728 non
1025 2661 1072 2728 ita
1083 2661 1292 2748 diuturnam,
1310 2669 1431 2734 israele

118 2773 217 2860 plene
238 2769 430 2849 humiliato,
454 2769 555 2834 lahve
573 2754 822 2852 nullanegotia
842 2766 998 2833 inimicos
1018 2775 1220 2858 prosternet,
1239 2793 1347 2862 eoque
1361 2796 1432 2841 ma-

117 2877 293 2943 nifestabit
311 2876 453 2942 deorum
480 2873 680 2940 inanitatem
704 2895 873 2962 suumque
897 2895 1097 2963 supremum
1123 2876 1211 2944 vitae
1231 2885 1264 2945 et
1290 2902 1431 2970 prospe·
1462 2953 1466 2957 ,

118 2984 226 3051 ritatis
246 2981 448 3049 dominium.

162 3090 348 3157 Confirmat
363 3087 471 3174 igitur
487 3109 520 3153 v.
541 3093 598 3154 35¹³
612 3085 661 3167 id,
678 3085 768 3174 quod
783 3087 826 3153 de
842 3086 897 3154 die
910 3087 1026 3154 iudicii
1043 3089 1145 3156 modo
1160 3089 1272 3157 iuerat
1287 3091 1432 3175 dietum,

117 3218 246 3283 augens
267 3195 371 3262 etiam
395 3216 504 3283 spem,
522 3192 614 3282 quod
635 3214 713 3259 eum
741 3193 832 3259 diem
857 3215 927 3260 non
954 3194 1012 3262 diu
1039 3195 1267 3263 differendum
1292 3199 1432 3267 demon·

116 3309 198 3369 stret
216 3325 224 3370 :
239 3304 392 3391 profecto
412 3328 426 3359 a
445 3300 543 3366 iuste
559 3312 607 3364 est
624 3298 696 3364 dies
716 3300 922 3387 perditionis
947 3329 961 3360 υ
987 3323 1114 3383 eorum,
1137 3331 1151 3362 «
1174 3315 1205 3367 et
1223 3304 1340 3370 artesae
1358 3309 1432 3392 sar-

118 3408 230 3473 tincmt
247 3419 398 3494 tempore
417 3434 446 3471 a.
472 3404 569 3492 i'ulq.
588 3405 726 3470 videtur
739 3403 862 3489 legisse
875 3421 954 3476 nri,
974 3405 1055 3470 item
1071 3409 1134 3494 tq.
1153 3417 1291 3493 καιρίωςς
1307 3411 1431 3498 reliqui

118 3527 203 3580 urna
226 3540 268 3570 :
290 3512 384 3576 Sara.
407 3522 544 3576 mium:
568 3521 599 3574 et
620 3509 789 3598 festinarit
807 3531 894 3597 patrie
915 3522 1042 3598 [iurata
1064 3524 1142 3576 strat
1164 3511 1223 3592 eis,
1246 3515 1433 3582 novissima

118 3620 177 3686 illa
193 3641 224 3685 v.
248 3623 302 3684 29.
324 3655 369 3664 -
386 3638 417 3681 v.
438 3623 479 3682 36
501 3619 654 3704 Profecto
679 3644 694 3676 «
720 3614 884 3682 iudicabit
907 3616 1072 3682 Darniaus
1085 3618 1254 3707 papalum
1275 3643 1376 3688 suum
1399 3653 1429 3704 »,

117 3727 140 3791 i.
161 3748 190 3791 e.
212 3725 263 3790 ius
286 3722 407 3812 populi
432 3722 485 3789 sui
512 3722 713 3803 vindicabit,
734 3750 748 3781 a
774 3735 807 3787 et
831 3720 867 3787 in
887 3722 992 3787 seruis
1013 3724 1084 3789 secie
1110 3724 1322 3794 mirereeiior
1346 3757 1375 3797 ».
1395 3730 1430 3796 ld

118 3837 231 3899 autem
253 3828 453 3919 praestabit,
470 3828 549 3916 quia
576 3836 609 3894 et
626 3827 766 3917 quando
791 3849 893 3894 ontne
920 3827 1016 3894 aliud
1040 3830 1204 3898 auxilium
1228 3835 1431 3912 exhaustum

117 3937 248 4004 videbit
273 3955 280 4001 :
303 3934 468 4024 quioniam
489 3966 504 3994 a
530 3934 664 4020 ridebit,
687 3934 780 4025 quod
797 3935 972 4024 infirmata
989 3935 1034 4001 sit
1052 3958 1174 4002 titanus
1197 3967 1225 4015 a,
1243 3977 1287 3988 -
1304 3968 1319 4001 «
1339 3941 1432 4006 vide-

119 4045 169 4111 bit
193 4065 250 4109 eos
276 4063 394 4108 omues
414 4042 517 4130 plane
536 4042 724 4130 potentiam
744 4041 904 4107 deiecisse
931 4041 975 4108 ad
991 4041 1216 4110 resistendum
1245 4045 1393 4113 inimicis
1414 4075 1430 4109 »

119 4149 285 4240 (baasa),
307 4171 353 4215 se.
380 4169 501 4214 mattas
523 4149 617 4216 haud
640 4170 717 4214 raro
739 4171 840 4214 omne
867 4170 977 4233 genus
1005 4148 1192 4215 adiumenti
1212 4150 1369 4238 designat
1390 4195 1432 4204 —

120 4286 136 4319 α
158 4271 190 4324 et
210 4256 319 4324 clarui
336 4256 482 4345 [qtcoque
498 4253 709 4344 defecerunt]
725 4253 922 4344 residuique
938 4255 1132 4344 rorisrrirrpti
1147 4269 1226 4322 strat
1245 4285 1275 4326 a.
1298 4259 1400 4328 Hebr.
1422 4285 1429 4328 :

119 4362 316 4450 defecerunt
339 4361 441 4451 liquti
455 4374 488 4426 et
505 4361 622 4427 soluti.
644 4362 706 4440 Qui
727 4361 829 4450 lipari
847 4368 880 4426 et
899 4363 958 4450 qui
973 4361 1082 4430 soluti
1095 4362 1344 4451 intelligantur,
1362 4389 1431 4433 non

118 4467 199 4536 satis
222 4469 330 4557 liquet
345 4468 402 4557 (el.
422 4475 440 4534 3
460 4473 543 4555 Reg.
564 4474 676 4549 latta
701 4474 816 4550 at,at;
838 4473 857 4533 t
880 4471 964 4554 Reg.
988 4474 1057 4548 9,8;
1078 4471 1203 4558 ttae),
1222 4493 1333 4561 neque
1354 4472 1387 4537 h.
1406 4472 1430 4537 l.

119 4575 291 4665 inquirere
318 4575 422 4658 lubet,
443 4597 520 4642 eum
543 4575 630 4641 (ittae
653 4574 735 4641 illae
760 4596 858 4641 voees
879 4574 1014 4642 iunctae
1039 4576 1216 4642 evidenter
1246 4577 1438 4664 exprimant

120 4688 247 4750 omnes,
270 4702 301 4746 v.
321 4688 362 4747 37
382 4708 397 4743 d
419 4684 462 4748 Et
482 4681 573 4748 (licet
593 4710 607 4742 a
626 4702 638 4746 .·
653 4720 697 4731 -
712 4680 813 4748 lutee
833 4689 922 4749 reete
944 4682 1106 4771 supplent
1125 4684 1216 4746 LXX
1234 4701 1241 4747 :
1261 4682 1304 4747 ci.
1322 4682 1354 4748 vL
1381 4690 1433 4749 39.

511 4810 687 4847 bulluae-litati.
704 4822 736 4835 ··
752 4810 827 4846 Co'til.
845 4809 872 4847 llt
890 4810 961 4846 baur.
980 4823 1009 4832 -
1027 4799 1057 4846 34
