3366 5346
218 264 257 321 14
766 269 980 314 anchonitano.

216 406 437 478 sacramentis
449 404 708 495 posterioribus,
724 403 760 468 in
778 402 992 470 authentiam
1009 403 1178 469 librorum
1198 422 1372 468 sacrorum
1391 401 1535 489 inquisi-

216 522 290 585 tum
309 520 359 582 est
378 519 453 579 tum
472 510 635 594 maxime,
654 510 795 599 quando
814 531 855 576 ea
874 509 1036 578 audacius
1054 511 1092 576 in
1114 508 1258 576 dubium
1278 506 1394 573 vocari
1416 512 1536 596 coepta

217 629 276 690 est.
301 626 419 689 Nostro
440 617 658 708 potissimum
673 639 757 683 aevo
778 616 1047 683 reservabantur
1070 615 1286 705 quaestiones
1303 613 1452 680 criticae.
1472 614 1536 682 Ubi

217 729 316 796 labor
333 726 433 794 nobis
452 723 651 791 subeundus
668 729 718 790 est
737 722 922 789 alacriter:
941 723 1034 813 quod
1056 721 1149 788 enim
1170 721 1255 788 alias
1267 722 1395 787 lactum
1412 727 1478 803 est,
1499 727 1537 788 ut

218 835 493 903 adversariorum
506 829 787 920 impugnationes
798 830 932 895 occasio
948 829 1068 895 fierent
1078 828 1230 895 veritatis
1245 849 1361 895 sacrae
1374 827 1534 910 lucidius,

218 940 419 1030 completius
438 943 540 1026 atque
562 936 766 1025 profundius
785 935 1012 1016 evolvendae,
1030 934 1179 1025 idipsum
1203 935 1276 1000 sine
1291 932 1399 1000 dubio
1417 933 1455 999 in
1470 935 1536 1000 cri·

219 1048 293 1115 ticis
307 1045 410 1113 ctiam
428 1042 726 1133 disquisitionibus
740 1043 812 1108 fiet.
1417 1041 1419 1045 ‘

264 1159 380 1242 Neque
397 1151 476 1217 ideo
495 1148 727 1236 negligendae
746 1147 847 1213 nobis
867 1154 946 1213 suut
967 1147 1186 1237 quaestiones
1200 1148 1351 1230 criticae,
1365 1146 1458 1237 quod
1478 1169 1533 1228 ca,

221 1281 308 1349 quae
328 1256 430 1324 hodie
446 1255 539 1346 apud
561 1259 787 1343 protestantes
807 1253 1022 1343 potissimum
1042 1255 1141 1320 floret
1160 1253 1278 1321 schola
1294 1253 1533 1338 wellbusiana‚

219 1363 391 1456 principia
415 1361 640 1429 rationalismi
665 1360 877 1449 profiteatur,
899 1383 970 1426 uon
994 1361 1286 1427 bcrrneneuticam
1306 1368 1339 1428 et
1358 1360 1535 1427 historiam

219 1478 382 1561 sequatur
396 1470 595 1536 criticorum
607 1466 801 1533 studiorum
814 1466 930 1548 duces,
946 1467 1005 1533 sed
1017 1467 1095 1533 solis
1111 1467 1237 1533 criticis
1252 1467 1443 1534 rationibus
1461 1468 1537 1532 her-

220 1576 450 1645 meneuticam
470 1575 656 1641 reformare
671 1578 705 1640 et
721 1572 898 1638 historiam
920 1573 1121 1640 subvertere
1138 1580 1344 1663 praesumat.
1362 1578 1418 1638 Est
1432 1575 1536 1638 etiarn

219 1683 338 1750 critica
352 1704 447 1763 sana,
463 1703 574 1768 neque
596 1679 695 1745 multi
715 1700 848 1745 errores
866 1681 940 1745 sine
958 1678 1135 1768 aliquibus
1149 1680 1353 1746 veritatibus
1367 1700 1439 1745 esse
1457 1701 1535 1744 con-

219 1794 414 1857 sueverunt.
438 1792 544 1854 Porro
567 1815 582 1847 «
603 1787 800 1874 interpretis
821 1785 982 1851 catholici
1001 1791 1068 1868 ast,
1089 1807 1158 1852 non
1179 1787 1290 1852 solum
1310 1809 1330 1851 a
1348 1784 1537 1851 maioribus

220 1896 326 1963 veluti
348 1891 568 1961 haereditatis
589 1891 664 1957 iure
687 1897 829 1980 accepta
847 1899 962 1959 sancte
984 1891 1174 1973 custodire,
1199 1892 1259 1959 sed
1282 1893 1387 1959 etiarn
1411 1891 1538 1957 divitiis

160 2073 167 2088 ,
217 2001 380 2069 ditescere
389 1999 552 2067 scientiae
569 1998 767 2064 modernae.
781 1999 831 2064 Uti
844 2003 960 2065 Patres
974 2005 1007 2065 et
1020 1999 1217 2065 scholastici
1230 1998 1448 2068 scientiarum
1461 2020 1537 2086 pro-

217 2109 377 2175 fanarum
401 2106 535 2196 placitis
560 2105 667 2171 libere
691 2105 878 2191 utebantur
901 2105 946 2170 ad
969 2099 1153 2172 veritatem
1179 2105 1398 2180 christianam
1421 2105 1538 2170 delen-

220 2214 370 2280 dcudam
394 2219 427 2278 et
448 2209 707 2291 illustrandam,
726 2211 773 2275 ita
793 2211 902 2276 nostri
923 2211 1088 2300 temporis
1115 2212 1291 2278 catholicis
1310 2210 1482 2297 theologis
1505 2217 1538 2274 et

221 2320 274 2386 ius
292 2323 341 2386 est
359 2323 393 2384 et
412 2318 566 2384 cilicium
587 2320 741 2382 veterum
763 2321 795 2381 et
818 2338 985 2383 novorum
1007 2317 1164 2384 indidem
1184 2317 1496 2406 depromendorum
1520 2344 1535 2374 »

225 2427 277 2515 (P.
298 2423 432 2492 Selinus
445 2424 480 2489 iu
501 2446 508 2491 :
528 2421 698 2489 Biblische
718 2421 860 2487 Studien
878 2427 901 2504 l,
920 2429 940 2487 ἓ
961 2447 995 2512 p.
1014 2428 1039 2487 V
1055 2447 1123 2512 sq.,
1140 2423 1307 2511 Freiburg
1326 2423 1349 2491 i.
1367 2428 1402 2489 Β.
1424 2421 1535 2510 1896).

267 2536 440 2610 Ceterum,
464 2529 543 2595 licet
562 2533 657 2595 Deat.
679 2528 860 2617 pauciores
875 2551 893 2594 e
909 2529 1087 2596 catholicis
1103 2536 1241 2596 nactum
1256 2530 1299 2596 sit
1315 2530 1536 2618 interpretes,

222 2643 326 2728 atque
346 2637 416 2704 duo
437 2634 574 2702 saecula
594 2633 747 2723 proxime
770 2635 886 2725 elapsa
907 2635 1023 2725 plures
1046 2635 1186 2725 quidem
1209 2636 1246 2704 in
1265 2635 1538 2725 pentateuchum

224 2742 510 2822 introductiones
528 2740 585 2808 sed
606 2740 741 2807 nullum
759 2741 967 2831 protulerint
980 2744 1070 2808 inter
1084 2742 1270 2810 catholicos
1286 2742 1418 2833 primae
1438 2746 1539 2807 uotae

222 2849 508 2917 commentarium
527 2849 564 2914 in
585 2851 697 2924 Dent,
717 2855 834 2912 tamen
854 2870 966 2935 pauca
986 2848 1062 2928 illa,
1080 2870 1169 2937 quae
1190 2871 1210 2915 a
1237 2849 1391 2916 Patribus
1411 2847 1535 2914 veteri-

221 2956 354 3043 busque
369 2952 615 3052 interpretibus
630 2951 757 3016 tradita
772 2951 987 3040 accepimus,
1007 2976 1047 3020 ea
1062 2955 1191 3022 habent
1207 2955 1393 3046 principia,
1412 2955 1537 3045 quibus

224 3060 468 3147 agitatissimae
482 3057 523 3123 de
537 3058 767 3146 pentateucho
784 3059 1001 3146 quaestiones
1016 3060 1241 3128 elucidantur.
1260 3066 1344 3128 Sunt
1356 3085 1415 3128 eae
1432 3061 1539 3150 potis-

226 3165 351 3232 simum
368 3165 472 3231 duae.

270 3271 384 3338 Prima
407 3276 457 3336 est
480 3269 523 3335 de
546 3281 686 3336 auctore
712 3282 743 3335 et
775 3272 981 3339 erectoritnte
1000 3274 1232 3362 pentateuchi.
1261 3279 1416 3357 Factum,
1447 3272 1540 3363 quod

225 3400 321 3447 sacer
349 3382 459 3444 textus
485 3376 580 3443 haud
608 3375 772 3462 ambigue
794 3378 969 3460 enuntiat,
997 3384 1093 3449 Deut.
1119 3381 1307 3471 aliquando
1334 3380 1540 3448 notabiliora

225 3485 396 3576 quaedam
419 3484 590 3573 accepisse
611 3497 817 3572 argmenta,
846 3507 917 3551 non
940 3487 1143 3572 ignoravere
1168 3495 1298 3556 veteres
1321 3489 1537 3576 interpretes.

225 3597 294 3669 Quo
316 3591 490 3676 adigimur
514 3596 561 3666 ut,
584 3588 671 3655 sicut
691 3590 940 3657 collectaneum
962 3594 1128 3676 Samueli‚
1146 3593 1195 3660 ita
1217 3595 1353 3661 thoram
1373 3593 1541 3661 attribua-

226 3718 302 3763 mus
315 3695 419 3782 Moysi
433 3694 576 3760 auctori.
595 3699 684 3780 Ergo
696 3718 774 3762 vere
792 3703 808 3763 1
826 3702 909 3782 Reg.
932 3704 1031 3780 1035
1048 3699 1199 3766 traditur
1213 3701 1365 3782 Samuel,
1381 3718 1460 3766 vere
1477 3704 1539 3765 los.

225 3808 327 3886 atne
342 3800 490 3868 traditur
509 3804 603 3867 losue
619 3820 680 3866 sua
695 3802 815 3869 thorae
833 3803 1068 3893 adscripsisse,
1089 3828 1170 3872 vere
1185 3812 1279 3875 Deut.
1299 3812 1378 3886 3l,9
1394 3806 1542 3873 traditur

224 3913 348 3997 Moyses
362 3907 536 3996 scripsisse
549 3907 698 3972 thoram.
720 3912 849 3975 Aevum
864 3909 1016 3976 iudicum
1037 3934 1107 3978 non
1124 3918 1173 3979 est
1190 3935 1313 3981 aevum
1330 3913 1539 4001 mythicum,

224 4016 320 4080 cuius
332 4036 377 4080 sc.
393 4016 487 4079 Deut.
508 4017 704 4095 12,1-2e,15
720 4013 888 4081 habeatur
899 4016 1005 4084 codex
1018 4018 1150 4104 logum;
1168 4041 1285 4109 neque
1299 4020 1451 4107 mythice
1464 4023 1542 4084 suut

133 4208 136 4212 ἡ
225 4141 308 4186 aeva
329 4123 421 4185 losue
448 4124 481 4185 ct
503 4118 636 4206 Moysis,
661 4120 722 4184 sed
746 4121 888 4186 omnino
911 4145 991 4189 vera
1013 4129 1046 4191 et
1076 4125 1251 4194 historica.
1281 4131 1543 4216 Consequuntur

225 4228 312 4293 haec
326 4224 443 4290 omnia
457 4224 545 4290 illud
558 4246 666 4290 unum
685 4225 825 4292 factum.

270 4331 385 4398 Altera
408 4335 458 4397 est
481 4330 634 4419 quaestio
657 4330 787 4399 critico.
810 4338 969 4401 Nostrum
995 4360 1097 4427 quem
1123 4339 1294 4407 habemus
1317 4345 1446 4407 textum
1471 4362 1541 4407 esse

226 4437 439 4520 restinctum,
464 4443 498 4503 et
518 4437 594 4527 ipsa
613 4443 723 4504 textus
747 4439 893 4508 indubia
914 4443 1057 4530 vestigia
1081 4453 1291 4533 suggerunt,
1316 4453 1350 4513 et
1370 4468 1542 4534 agnovere

227 4545 330 4627 Hier,
342 4545 458 4632 Chrys.
473 4543 600 4633 aliique
611 4549 726 4610 Patres
739 4545 865 4635 plures.
882 4549 982 4616 Cuius
993 4551 1217 4619 restitutionis
1228 4554 1388 4635 ambitus,
1401 4553 1539 4638 limites,

225 4657 341 4743 tempo
350 4673 382 4719 ra
395 4650 583 4718 secundum
596 4651 733 4737 regulas
743 4674 844 4722 sanae
856 4655 992 4739 criticae
1008 4659 1202 4728 accuratius
1215 4667 1316 4729 erunt
1329 4661 1538 4728 definienda.
