3366 5346
244 287 283 343 u
793 292 1008 338 rurnonucrm.

240 435 362 500 merito
391 429 577 521 pentolopo
609 441 640 494 ct
672 425 970 493 maledictionibus
999 448 1123 494 nomen
1153 427 1249 494 Deut¹
1272 426 1482 517 primigenii
1511 426 1569 494 uel

239 538 355 606 nuclei
372 536 465 604 Dent
483 536 711 604 concedimus.
727 539 798 612 0¹¹0
812 533 951 600 nomine
971 534 1077 601 solam
1098 532 1320 623 exprimimus
1342 533 1393 599 rei
1407 533 1568 622 praeito-

240 657 328 730 tem,·
342 645 472 711 nullam
492 665 630 733 prorsus
644 640 871 731 perspicimus
888 641 1068 720 rationem,
1086 662 1147 706 cur
1163 640 1388 728 pentalogum
1410 647 1442 706 et
1458 641 1567 707 male·

240 752 405 819 dictiones
429 751 640 817 affirmemus
667 747 836 836 descripta
860 747 913 812 vel
938 747 1160 836 pronuntiata
1184 768 1253 813 esse
1281 760 1432 836 ternpore
1449 747 1564 836 prius,

243 879 348 947 quam
363 856 624 947 praeambulum
645 860 680 921 et
695 853 911 944 paraenesin.

282 965 370 1031 lllud
393 962 493 1029 nobis
510 964 545 1030 h.
570 962 594 1026 l.
627 960 891 1042 ostendendum,
914 983 975 1026 cur
991 960 1176 1049 pericopen
1199 965 1351 1042 6,1-r,11
1376 982 1397 1026 a
1422 960 1566 1050 reliquis

238 1081 455 1138 secernamus
478 1076 512 1136 ct
532 1069 757 1157 pentalogum
781 1088 952 1132 vocemus.
977 1066 1038 1132 Ubi
1060 1066 1191 1132 utiliter
1216 1066 1371 1133 conferes
1394 1069 1570 1157 synopsin

240 1183 391 1244 nostram
415 1200 450 1266 p.
475 1181 516 1242 18
536 1197 587 1264 sq.
606 1160 677 1251 Qua
700 1174 852 1262 primum
876 1171 964 1238 illud
984 1171 1128 1254 doceris,
1147 1195 1222 1263 cap.
1242 1181 1261 1240 5
1283 1178 1363 1262 apte
1386 1174 1487 1240 stetui
1508 1197 1562 1241 se·

241 1282 373 1349 eundae
393 1280 556 1349 orationis
578 1278 857 1370 praeambulum,
880 1278 972 1367 quod
994 1278 1144 1345 stabiliat
1166 1280 1310 1362 axioma,
1327 1279 1365 1346 in
1389 1303 1457 1369 quo
1478 1279 1563 1348 niti-

240 1396 296 1456 tur
312 1395 382 1456 tota
400 1391 521 1455 thorae
541 1388 736 1469 auctoritaS,
754 1385 918 1452 mandata
932 1407 1088 1475 quaeque
1103 1408 1166 1475 per
1186 1389 1319 1472 Moysen
1333 1387 1558 1477 promulgata

241 1495 394 1583 aequalis
413 1517 482 1560 esse
503 1493 713 1561 auctoritatis
733 1514 811 1560 cum
827 1492 992 1578 decalogo
1014 1491 1152 1581 abipso
1176 1496 1242 1558 [teo
1264 1492 1461 1559 immediate
1480 1515 1563 1583 pro-

241 1601 408 1686 mulgato.
429 1605 542 1689 Neque
568 1599 721 1681 obiicias,
741 1605 854 1688 cap.5
877 1598 955 1687 plns
979 1620 1050 1665 esse
1076 1620 1181 1688 quam
1203 1621 1335 1665 morum
1358 1599 1563 1689 praeambu-

240 1707 325 1787 lum,
348 1729 425 1773 cum
447 1706 558 1795 ipsius
578 1705 679 1772 etiam
705 1705 863 1791 decalogi
884 1704 1158 1772 observationem
1180 1705 1368 1794 oportuerit
1391 1705 1564 1772 recenseri

239 1813 329 1879 inter
346 1813 559 1879 conditiones
579 1812 726 1879 foederis
742 1811 780 1877 in
799 1816 890 1876 terra
911 1810 1004 1876 ttoab
1024 1810 1197 1878 restituti:
1219 1811 1414 1877 continetur
1427 1810 1562 1900 quippe

238 1918 396 2005 decalogi
411 1919 602 1985 observatio
616 1924 738 2011 quarto
750 1917 928 2007 pentalogi
943 1917 1118 2000 mandato,
1138 1918 1230 2008 qnod
1248 1917 1405 1984 omnium
1421 1916 1563 1985 omnino

239 2026 481 2093 mandatorum
496 2031 574 2092 ante
588 2025 749 2106 latorum,
764 2046 849 2110 ergo
866 2025 967 2090 etiam
981 2024 1139 2111 decalogi
1152 2024 1428 2091 observationem
1441 2023 1559 2111 exigit.

240 2136 395 2200 Ceterum
411 2133 452 2199 lis
467 2138 519 2198 est
538 2131 580 2198 de
595 2132 701 2198 verbo
717 2131 827 2216 magis
845 2153 948 2219 quam
967 2131 1010 2198 de
1027 2129 1077 2213 re,
1099 2152 1169 2197 esse
1189 2131 1281 2198 enim
1299 2130 1387 2198 illud
1402 2152 1562 2221 praeam-

241 2238 365 2306 bulum
381 2240 633 2324 gravissimum,
651 2237 810 2303 lubentes
830 2236 1059 2304 concedimus

286 2344 396 2410 Habet
407 2350 535 2426 autem,
548 2343 651 2410 misso
668 2342 774 2410 etiam
788 2343 1010 2425 collectaneo,
1027 2343 1176 2411 secunda
1186 2343 1306 2432 Moysis
1321 2345 1430 2410 oratio
1443 2342 1562 2433 aliqua

242 2449 416 2532 mandata,
439 2473 527 2539 quae
548 2473 617 2517 non
637 2454 716 2516 sunt
733 2450 823 2516 solus
841 2448 1039 2536 decalogus
1057 2472 1136 2517 cum
1156 2451 1212 2516 vel
1231 2451 1344 2540 ipsum
1362 2457 1471 2540 capt
1491 2449 1561 2516 alia

240 2563 380 2646 praeter
394 2557 596 2644 decalogum
613 2555 776 2623 mandata
791 2555 1016 2637 demonstret;
1032 2579 1121 2646 quae
1136 2579 1205 2622 non
1220 2563 1298 2623 sunt
1312 2557 1384 2623 sola
1397 2555 1561 2623 mandatu

238 2665 307 2730 iam
323 2676 426 2730 cretea
438 2687 459 2730 a
470 2669 576 2753 tloyse
588 2662 819 2753 promulgata,
835 2685 913 2730 cum
927 2669 1121 2730 constanter
1133 2668 1167 2729 et
1180 2663 1373 2752 emphatice
1387 2663 1562 2730 affirmen—
1610 2658 1615 2665 “

239 2777 295 2836 tur
316 2771 391 2837 dari
412 2770 513 2837 leodic
536 2771 625 2860 (5‚1;
649 2776 718 2853 6,t.
741 2769 985 2858 3,quibuscum
1005 2769 1234 2836 conterendus
1257 2792 1291 2837 v.
1310 2777 1348 2852 6,
1372 2775 1557 2851 7‚11;s,1.

240 2884 297 2955 11;
324 2884 440 2957 10‚13;
463 2883 574 2955 11‚13.
600 2884 654 2943 27.
676 2875 745 2963 32).
768 2880 854 2941 Haec
875 2875 1037 2941 mandata
1058 2898 1128 2941 non
1148 2875 1321 2942 habentur
1346 2881 1557 2956 nunnae,

239 3003 328 3069 quac
350 2981 509 3070 pericope
533 2987 604 3047 tota
630 2987 679 3046 est
705 2981 934 3070 paraenetica,
958 2982 1121 3048 mandata
1144 2981 1360 3049 auditoribus
1384 2987 1465 3048 nota
1487 3004 1559 3050 esse

239 3109 435 3176 supponens
462 3093 565 3175 atque
595 3108 714 3152 eorum
742 3088 1019 3154 observationem
1041 3087 1231 3156 inculcans.
1255 3093 1344 3166 Quae
1372 3087 1558 3156 hincinde

240 3193 437 3259 inseruntur
456 3192 585 3258 monita
606 3192 648 3258 de
668 3192 839 3260 mandatis
858 3194 1032 3261 servandis
1054 3200 1087 3261 ct
1105 3193 1302 3262 idololatria
1320 3194 1474 3276 vitanda,
1492 3194 1556 3261 ad-

240 3298 437 3366 scribuntur
450 3321 512 3388 per
527 3299 667 3365 modum
680 3299 873 3367 rhetoricae
888 3300 1166 3390 amplificationis
1181 3300 1224 3366 ad
1239 3309 1446 3387 argumenta
1456 3300 1559 3367 illus·

240 3405 374 3473 tranda.
393 3408 482 3493 Ergo
496 3405 558 3472 illa
574 3405 737 3472 mandata
753 3406 945 3474 habeantur
958 3413 1093 3497 oportet
1108 3413 1259 3490 6,1-7,11
1281 3428 1288 3474 :
1305 3408 1398 3473 inter
1412 3407 1558 3498 inscrip-

238 3513 367 3580 tionem
384 3520 434 3594 ut
463 3512 537 3602 (uhi
555 3514 651 3580 Sum.
668 3515 760 3579 LXX
773 3513 885 3580 verius
903 3514 1046 3580 tortasse
1062 3514 1191 3580 habent
1208 3535 1322 3581 vocem
1340 3512 1451 3596 lindie,
1469 3536 1559 3604 quae

240 3621 412 3706 ceteroqui
431 3619 619 3687 secundum
635 3643 667 3686 v.
686 3619 862 3687 domnino
879 3620 1073 3709 supplenda
1089 3621 1164 3708 est),
1184 3644 1272 3710 quae
1289 3620 1454 3687 mandata
1468 3619 1558 3687 iam·

238 3725 307 3790 iam
323 3746 392 3790 esse
406 3725 664 3813 pronuntianda
685 3726 837 3794 declarat
853 3727 884 3816 (α
898 3731 985 3793 Haec
1000 3731 1078 3792 sunt
1098 3727 1260 3794 mandata
1275 3733 1337 3794 etc.
1360 3728 1405 3815 u),
1421 3731 1454 3793 et
1467 3726 1559 3794 inter

238 3831 343 3898 verba
361 3838 439 3912 7,11
464 3853 471 3899 :
497 3858 512 3891 u
537 3831 673 3899 Custodi
695 3855 778 3919 ergo
801 3832 964 3900 mandata
979 3837 1013 3899 et
1028 3837 1156 3901 statuta
1172 3839 1206 3900 et
1225 3833 1366 3916 iudicia,
1384 3856 1473 3923 qnae
1493 3856 1558 3922 ego

238 3938 340 4005 hodie
357 3939 482 4006 mando
498 3938 574 4020 tibi,
595 3943 632 4004 ut
650 3939 754 4006 facias
771 3968 799 4007 ».

282 4045 403 4132 Aliqua
429 4047 566 4111 thoram
589 4044 717 4111 hahere
745 4047 907 4112 mandata
929 4048 1088 4137 propria,
1113 4052 1146 4113 et
1166 4048 1279 4136 ipsum
1301 4070 1430 4114 nomen
1455 4046 1558 4113 thora

237 4150 444 4240 proclamat,
463 4157 675 4240 testaturque
696 4151 837 4218 traditio
860 4153 996 4220 iudaica
1012 4158 1046 4220 et
1065 4154 1265 4237 christiana,
1281 4154 1341 4221 illa
1357 4154 1437 4220 dum
1454 4175 1558 4220 vene-

238 4257 380 4322 rabatur
398 4257 547 4324 schemn’
565 4259 635 4347 (ht
656 4259 723 4347 sq.)
744 4263 922 4349 tamquam
939 4259 1139 4327 mandatum
1159 4263 1259 4327 totius
1276 4262 1396 4328 thorae
1412 4259 1558 4328 sacerri-

237 4384 351 4447 mum,
370 4363 453 4430 haec
475 4386 554 4432 cum
582 4364 714 4432 Christo
740 4366 868 4454 (Matth.
887 4373 989 4449 mas
1011 4387 1100 4457 sqq.;
1121 4372 1217 4434 Marc.
1243 4374 1344 4449 1228
1362 4368 1453 4457 sqq.)
1479 4389 1558 4457 prc-

237 4469 339 4549 tessa‚
365 4469 457 4536 idem
481 4471 680 4538 mandatum
709 4493 779 4539 esse
804 4473 909 4540 totius
930 4474 1052 4540 thorae
1076 4474 1277 4541 mandatum
1304 4502 1319 4536 a
1346 4476 1499 4564 primum
1523 4479 1558 4541 ct

237 4576 423 4644 maximum
440 4605 470 4642 ».
494 4583 582 4645 llaec
602 4577 766 4646 mandata
790 4580 897 4646 ordiri
918 4587 973 4662 at
990 4579 1133 4666 clarius,
1149 4603 1253 4670 quam
1270 4586 1379 4649 textus
1398 4585 1557 4671 receptus

239 4683 332 4772 (licet
343 4684 492 4776 idipsum
508 4691 617 4754 textus
631 4687 734 4754 etiam
745 4694 903 4777 receptus
917 4686 1045 4755 habeat
1054 4710 1222 4778 perquam
1234 4689 1339 4777 clare)
1353 4689 1557 4778 profitentur
