3366 5346
622 281 720 325 vaona
743 282 781 325 AB
803 278 911 325 nancta
932 279 1079 324 harnam.
1470 269 1505 328 51

194 415 293 482 estin
308 415 425 497 thora,
441 435 544 502 quam
559 414 688 504 reperit
700 413 829 480 Heleias
845 441 876 481 u.
890 418 986 480 Deut.
1009 433 1184 502 perpauca
1198 412 1303 480 habet
1316 413 1358 480 dc
1374 395 1508 486 ratione

195 522 298 588 t‘base
323 519 524 587 celebrandi
545 527 579 586 et
602 520 878 587 holocaustorum
903 518 1159 586 offerendorum
1184 539 1191 586 :
1217 542 1364 609 quarum
1389 543 1505 591 rerum

194 626 367 716 copiosam
389 626 580 693 doctrinam
605 626 748 693 tradunt
769 633 841 708 Ex„
865 633 940 695 hev.
968 648 1001 693 v.
1028 632 1067 692 13
1091 625 1231 699 iubetur
1252 628 1359 695 Phase
1380 631 1503 715 assari,

195 760 211 794 a
230 734 317 800 sicut
332 731 500 799 iudicium
518 736 570 799 est
589 761 617 814 u,
632 734 654 798 i.
673 756 705 800 e.
726 754 820 800 more
836 737 1013 813 consueto,
1032 755 1050 798 e
1067 731 1192 821 quibus
1208 732 1320 799 verbis
1335 734 1420 800 illud
1436 736 1505 802 elfi-

193 839 292 921 citur,
308 839 412 905 etiam
423 838 488 905 sub
499 839 615 929 impiis
630 839 772 925 regibus
786 861 855 906 non
867 839 969 929 plane
984 830 1387 907 intercidisse‘sacrorum
1402 842 1505 911 lahve

194 947 406 1013 memoriam.
425 946 573 1012 Tandem
589 968 621 1011 v.
642 952 683 1012 16
696 944 859 1012 iubentur
874 946 985 1012 lacere
999 945 1116 1011 omnia
1130 974 1145 1006 «
1158 945 1347 1013 secundum
1363 949 1507 1016 manda·

192 1057 266 1119 tum
285 1053 376 1139 regis
395 1051 501 1120 losiae
524 1079 553 1134 »,
576 1075 609 1120 v.
634 1059 673 1118 17
695 1052 860 1141 repetitur
880 1051 936 1140 (ct.
959 1074 991 1118 v.
1008 1050 1040 1138 1)
1058 1051 1186 1117 tactum
1206 1051 1312 1118 Phase
1330 1075 1400 1120 esse
1416 1055 1506 1122 cele·

191 1160 347 1242 brutum,
366 1159 425 1225 sed
442 1157 583 1225 additur
602 1180 801 1245 azymorum
817 1179 955 1248 quoque
969 1157 1084 1243 legem
1101 1179 1171 1223 esse
1186 1157 1413 1227 observatam.

236 1267 437 1355 Conspirant
449 1286 584 1331 rursum
599 1265 688 1331 duae
699 1269 836 1331 nostrae
852 1262 1077 1346 narrationes,
1091 1264 1285 1331 extollentes
1296 1265 1369 1332 cius
1384 1268 1505 1335 solem·

191 1373 308 1439 nitatis
327 1370 557 1461 splendorem.
582 1369 683 1438 Cuius
702 1369 848 1436 similem
868 1369 1019 1438 affirmat
1040 1377 1059 1438 t
1079 1375 1161 1458 Reg.
1183 1377 1286 1455 2332
1307 1394 1378 1439 non
1399 1374 1502 1442 fuisse

193 1506 208 1538 a
227 1501 248 1545 a
262 1474 384 1545 diebus
396 1477 566 1559 iudicum,
584 1477 643 1566 qui
657 1477 896 1544 indicaverunt
909 1477 1027 1557 Israel,
1043 1481 1078 1542 et
1092 1476 1245 1543 omnium
1262 1500 1383 1565 regum
1398 1481 1502 1548 lsrael

191 1588 225 1650 et
239 1606 360 1671 regum
381 1583 465 1650 tuda
483 1611 514 1665 »,
536 1587 646 1649 2Par.
668 1588 770 1664 35,t8
791 1605 871 1649 vero
887 1610 903 1643 α
926 1583 1084 1650 adiebus
1102 1584 1239 1649 Samuel
1257 1585 1447 1674 prophetae
1469 1615 1499 1670 a,
1618 1613 1628 1630 ·

189 1695 265 1780 post
281 1712 368 1780 qnae
386 1689 491 1756 verba
505 1689 660 1756 absolute
677 1691 857 1778 pergitur:
880 1716 896 1750 a
912 1694 945 1755 et
960 1711 1078 1756 omnes
1096 1711 1196 1776 reges
1212 1691 1313 1757 lsrael
1330 1713 1400 1758 non
1415 1693 1502 1761 soce-

189 1801 270 1862 runt
288 1797 395 1863 Phase
414 1797 501 1862 sicut
519 1797 599 1863 tecit
620 1795 722 1862 losias
742 1802 774 1862 et
794 1794 986 1862 sacerdotes
1004 1801 1038 1862 et
1056 1795 1180 1863 levitae
1199 1801 1233 1863 et
1247 1797 1358 1865 omnis
1370 1797 1452 1866 luda
1468 1804 1502 1867 et

190 1903 308 1983 lsrael,
325 1901 385 1990 qui
399 1901 532 1967 inventi
551 1907 646 1983 sunt,
661 1907 694 1967 et
713 1901 925 1968 habitatores
945 1901 1125 1968 lerusalem
1148 1931 1178 1967 ».
1201 1903 1351 1968 Tandem
1375 1909 1393 1969 t
1414 1910 1497 1991 Reg.

189 2014 351 2087 neat-27
364 2006 570 2073 adscribitur
584 2007 660 2073 laus
672 2007 793 2090 losiae,
812 2008 905 2096 quod
919 2013 1057 2074 strenue
1072 2006 1292 2097 laboraverit,
1310 2036 1325 2069 a
1342 2015 1379 2075 ut
1394 2011 1500 2076 stabi·

187 2113 267 2179 liret
291 2112 397 2179 verba
421 2114 559 2195 thorae,
582 2135 671 2202 quae
694 2113 821 2202 scripta
843 2113 980 2179 suntin
1003 2112 1109 2194 libro,
1126 2115 1185 2202 qui
1211 2120 1365 2203 repertus
1389 2120 1439 2182 est
1462 2146 1497 2201 u,

88 2308 90 2314 Ι
188 2219 351 2309 quodque
362 2217 407 2284 ad
421 2218 545 2285 lahven
561 2240 742 2285 conversus
758 2218 800 2285 sit
818 2247 834 2280 a
851 2219 1040 2286 secundum
1052 2241 1189 2286 omnem
1207 2221 1320 2306 legem
1335 2223 1453 2308 Moysis
1471 2250 1499 2289 ».

231 2324 501 2392 Admirationem
519 2325 602 2391 facit
621 2325 814 2414 comparari
833 2326 938 2392 Phase
957 2327 1061 2393 losiae
1079 2348 1157 2394 cum
1176 2327 1393 2394 solemnitate
1413 2350 1497 2396 aevo

186 2432 355 2512 iudicum,
372 2433 397 2499 i.
414 2454 444 2498 e.
461 2431 597 2498 vivente
611 2431 784 2513 Samuele,
802 2431 989 2513 celebrata,
1007 2433 1254 2523 praetermissis
1266 2439 1317 2500 tot
1331 2434 1406 2500 aliis
1421 2436 1497 2501 aevi

188 2560 307 2625 regum
326 2538 611 2606 solemnitatibus.
632 2543 753 2604 Annon
767 2538 988 2618 solemniora,
1007 2561 1112 2629 quam
1129 2540 1236 2606 Phase
1255 2563 1276 2606 a
1294 2542 1382 2607 losia
1405 2541 1496 2607 cele-

187 2644 342 2726 bratum,
368 2645 428 2711 illa
457 2645 582 2728 Phase‚
611 2666 699 2734 quae
729 2643 992 2710 celebraverunt
1022 2644 1129 2711 David
1159 2650 1193 2710 et
1220 2644 1371 2726 Salomo,
1398 2669 1495 2734 reges

186 2751 456 2840 opulentissimi?
477 2756 598 2818 Narrat
623 2774 717 2817 sacer
742 2757 852 2818 textus
878 2751 1027 2840 primum
1055 2756 1258 2817 renovatum
1286 2773 1348 2840 per
1373 2753 1494 2819 losiam

185 2856 319 2941 foedus,
346 2856 425 2924 dcin
450 2857 655 2924 mundatum
684 2859 933 2938 sanctuarium,
964 2858 1103 2924 tandem
1134 2856 1346 2924 celebratum
1373 2859 1491 2926 Phase‚

185 2965 289 3051 Finge
303 2964 401 3046 haec,
415 2965 466 3032 uti
483 2970 677 3045 narrantur,
696 2963 841 3032 invicem
856 2965 1018 3031 continuo
1031 2963 1213 3053 excepisse,
1229 2969 1267 3030 ut
1282 2986 1350 3031 una
1365 2985 1491 3050 magna

183 3071 370 3138 baberetur
390 3071 603 3154 solemnitas,
625 3070 731 3157 longe
756 3071 937 3157 augustior
955 3092 1050 3137 mero
1072 3071 1193 3152 Phase‚
1216 3093 1304 3159 quae
1323 3093 1344 3137 a
1366 3071 1422 3138 die
1439 3094 1495 3138 re·
1607 3154 1611 3161 Ι

184 3179 300 3244 novati
323 3178 472 3245 foederis
490 3179 702 3267 pertingeret
721 3199 829 3266 usque
849 3178 894 3243 ad
913 3182 1069 3244 octavam
1087 3177 1205 3244 Phase.
1231 3177 1406 3244 Eiusmodi
1425 3178 1497 3245 foe·

183 3283 274 3350 deris
287 3284 543 3352 renovationem
559 3274 792 3351 celebraturus
807 3288 879 3350 erat
891 3284 1029 3366 Esdras,
1046 3306 1134 3373 quae
1149 3290 1169 3348 2
1186 3282 1279 3349 Esdr.
1297 3289 1376 3363 att
1391 3284 1493 3351 finem

183 3390 344 3458 habitura
359 3396 431 3458 erat
444 3393 568 3458 testum
584 3390 899 3458 tabernaculorum.
916 3390 1154 3456 Celebraverat
1172 3390 1333 3456 Ezechias
1352 3411 1494 3456 renova·

183 3497 312 3564 tionem
332 3505 352 3563 2
372 3502 447 3565 Par.
470 3504 589 3581 29,10,
605 3519 710 3587 quam
732 3501 914 3563 consecuta
933 3502 982 3562 est
997 3519 1028 3563 v.
1054 3502 1094 3561 17
1114 3495 1294 3561 mundatio
1308 3495 1493 3562 sanctuarii

184 3606 218 3668 et
232 3625 306 3691 cap.
329 3611 371 3670 30
390 3604 514 3671 testum
528 3605 635 3671 Phase
654 3626 661 3670 :
678 3603 737 3671 sed
756 3626 797 3668 eo
816 3607 970 3692 tempore
993 3601 1121 3690 (thille)
1144 3602 1244 3690 pauci
1266 3606 1363 3667 erant
1383 3623 1493 3668 sacer-

183 3707 279 3774 dotes
299 3730 459 3790 numero,
481 3732 565 3795 ergo
585 3733 654 3777 non
676 3715 773 3777 tanta
797 3708 1011 3792 solemnitaS,
1034 3713 1164 3798 quanta
1188 3707 1404 3797 postmodnm
1428 3707 1493 3774 sub

134 3869 144 3882 .
181 3813 278 3881 losia.
293 3814 554 3883 Celebraverant
564 3823 664 3883 antea
680 3817 917 3882 renovationes
931 3819 995 3881 Asa
1011 3814 1043 3903 (3
1056 3819 1139 3901 [teg.
1155 3820 1252 3895 15,11
1267 3836 1343 3903 sqq.
1358 3836 1365 3892 ;
1381 3820 1401 3878 2
1415 3818 1490 3879 Par.

184 3920 392 4012 15‚12sqq.)
416 3928 450 3989 et
464 3928 538 3990 toas
558 3924 590 4006 (t
609 3929 694 4009 Reg.
719 3929 818 4004 11,17
839 3944 935 4010 sqq.;
955 3928 976 3986 2
995 3926 1069 3990 Par.
1092 3928 1193 3999 nato
1214 3920 1319 4008 sqq),
1343 3918 1403 3986 sed
1423 3942 1492 3986 non

181 4027 340 4096 videntur
351 4030 417 4096 hae
433 4029 536 4109 simul
546 4030 648 4097 fuisse
663 4052 740 4097 cum
752 4050 868 4096 annua
880 4026 996 4118 aliqua
1008 4026 1234 4095 solemnitate.
1250 4030 1324 4092 Non
1338 4048 1493 4094 annuum

179 4136 341 4226 quodque
363 4137 487 4218 Phase‚
505 4137 724 4226 quantumvis
744 4136 943 4203 solemniter
962 4134 1206 4214 celebraretur,
1224 4138 1296 4200 erat
1316 4133 1492 4201 renovatio

180 4241 338 4325 foederis,
354 4244 413 4310 sed
424 4244 502 4310 talis
515 4245 692 4311 renovatio
706 4242 947 4309 celebrabatur
956 4241 1124 4330 imprimis
1137 4247 1221 4323 tum,
1238 4240 1377 4329 quando
1389 4240 1491 4306 inter-

181 4348 303 4417 missus
318 4351 432 4418 iuerat
451 4351 666 4440 aliquamdiu
682 4349 791 4416 cultus
806 4349 925 4431 lahve,
946 4348 1159 4414 desecratum
1176 4349 1409 4419 sanctuarium
1429 4367 1492 4434 per

180 4453 425 4524 idololatriam.
453 4457 561 4544 lgitur
583 4456 774 4524 affirmatur
798 4456 904 4521 Phase
924 4454 1031 4522 losiae
1055 4453 1241 4521 solemnius
1261 4454 1365 4519 fuisse
1385 4451 1491 4514 Phase

181 4562 353 4630 Ezechiae.
372 4564 511 4632 Samuel
525 4587 605 4630 vero
619 4565 722 4630 talem
736 4562 971 4630 celebraverat
984 4559 1214 4628 renovationis
1227 4555 1488 4629 solemnitatem,

181 4690 269 4758 quae
284 4692 324 4737 eo
339 4694 423 4739 aevo
438 4677 523 4738 esset
538 4671 641 4761 plane
657 4670 827 4750 inaudita,
846 4669 942 4735 cuius
959 4669 1125 4735 memoria
1142 4665 1235 4754 apud
1251 4669 1403 4752 posteros
1421 4677 1491 4721 non
