3366 5346
225 297 284 355 302>
690 307 915 354 conmmanuuu
937 306 1097 352 sannaus.

227 446 338 513 orizon
362 474 391 510 a.
411 461 487 507 aza:
505 449 555 510 cst
576 443 704 509 donum
730 465 799 508 non
819 465 857 506 ex
874 447 962 517 voto,
980 440 1039 506 sed
1059 439 1251 505 voluntarie
1269 439 1424 506 oblatum
1443 461 1450 507 :
1469 446 1517 507 En
1540 462 1547 509 :

227 559 345 633 35293
363 557 440 618 Lev.
464 558 576 633 2223.
596 565 700 613 aaran
723 548 910 615 universim
932 551 1099 613 vocantur
1123 569 1179 626 ca,
1202 567 1289 634 quac
1308 546 1551 615 sacerdotibus

227 659 407 727 cedebant.
426 662 507 724 Cum
528 678 631 745 porro
651 656 866 721 victimarum
885 654 1069 741 portiones,
1088 675 1175 741 quac
1190 650 1430 718 sacerdotibus
1449 653 1552 720 cede·

225 766 321 843 bant,
339 765 408 831 iam
427 763 650 831 includantur
667 784 751 828 voce
771 761 943 841 victimas,
964 782 1047 845 ergo
1070 758 1105 823 b.
1131 758 1154 824 l.
1179 780 1261 824 voce
1278 760 1439 825 therama
1466 759 1513 847 (el
1533 801 1550 811 -

228 872 330 943 retici
349 871 588 959 exprimuntur
612 869 756 958 reliqua,
780 889 868 956 quae
890 872 1026 956 praeter
1054 864 1270 932 victimarum
1295 865 1474 954 portiones
1492 890 1550 934 sa·

224 976 421 1044 cerdotibus
447 976 628 1055 cedebant,
652 974 822 1064 imprimis
847 972 1022 1062 primitiae
1058 974 1162 1061 (LXX
1192 970 1307 1060 l’ulq.)
1341 973 1484 1059 frugum
1514 981 1551 1042 et

225 1085 331 1151 alicae
350 1084 406 1171 (cf.
429 1087 527 1149 Num.
549 1087 648 1161 15,18
663 1081 744 1170 sq).
763 1079 840 1147 Sola
857 1079 1020 1146 animalia
1036 1077 1238 1145 sacrificalia
1252 1077 1297 1144 ad
1313 1081 1549 1148 sanctuarium

225 1197 323 1257 erant
342 1188 557 1269 adducenda,
576 1188 787 1276 reliquorum
803 1186 992 1252 sufficiebat
1006 1184 1122 1252 afferri
1136 1184 1287 1274 pretium
1305 1207 1312 1253 :
1330 1190 1408 1254 Lev.
1429 1193 1547 1265 2727.

225 1336 269 1347 -
288 1319 319 1361 v.
338 1304 357 1361 7
378 1325 393 1357 a
416 1297 460 1361 Et
480 1293 662 1361 comedetis
682 1294 729 1359 ibi
744 1294 779 1360 in
801 1305 980 1382 conspectu
1003 1292 1142 1357 Domini
1159 1292 1222 1358 Dei
1239 1293 1355 1375 vestri,
1377 1316 1418 1360 ac
1438 1293 1550 1362 laete·

227 1402 349 1468 dimini
364 1402 559 1482 incitaretis,
576 1400 624 1466 nd
636 1423 723 1490 qliae
739 1399 899 1466 ausaritis
915 1421 1068 1482 naamon,
1089 1421 1145 1463 cos
1164 1411 1196 1464 et
1212 1397 1331 1465 dotans
1350 1412 1491 1481 cestrae,
1511 1402 1550 1467 in

227 1508 351 1598 quibus
376 1508 588 1574 deordinari!
611 1506 703 1572 eoois
727 1506 892 1572 llemirnrs
917 1509 1004 1571 Deus
1032 1517 1140 1571 cester
1172 1533 1201 1572 a.
1232 1492 1374 1569 nnbat*
1402 1507 1448 1595 (r.
1487 1514 1546 1589 183

177 1662 182 1671 ·
230 1621 346 1697 15,1o;
364 1621 465 1697 ΜΟ
482 1614 565 1703 [1ης
594 1613 759 1701 28,8.20),
776 1613 868 1679 idem
893 1613 964 1679 fere
989 1612 1082 1699 quod
1098 1628 1127 1676 *n
1146 1625 1244 1680 annm
1264 1612 1372 1700 (a,7):
1399 1613 1550 1680 refertur

227 1721 442 1810 potissimum
462 1721 505 1786 ad
522 1743 625 1808 opera
639 1718 873 1805 agriculturae
888 1719 933 1807 (v.
952 1742 977 1784 s.
995 1742 1031 1807 p.
1052 1725 1114 1784 128
1129 1741 1165 1784 n.
1182 1725 1224 1784 63
1240 1725 1323 1807 etp.
1342 1725 1402 1785 130
1417 1741 1452 1785 n.
1472 1721 1546 1807 7¹⁴).

228 1828 335 1916 Epula
354 1849 449 1892 sacra
470 1826 712 1913 intelliguntur
727 1826 783 1893 hic
800 1825 941 1914 epulum
957 1824 1119 1914 paschale
1140 1830 1173 1890 et
1190 1825 1292 1914 epula
1307 1825 1543 1915 pacificorum,

228 1955 316 2022 quae
328 1933 548 1999 habebantur
558 1932 729 2021 imprimis
743 1933 776 1997 in
789 1930 1191 2013 tribussolemnitatibnS,
1205 1931 1345 2020 quando
1354 1953 1431 1998 eum
1444 1931 1547 1998 elorico

226 2061 289 2105 sua
309 2039 453 2127 quisque
468 2037 685 2104 ascendebat.
705 2037 770 2104 Sed
795 2059 864 2103 non
885 2036 1093 2104 adscribitur
1108 2037 1146 2102 in
1163 2038 1228 2104 liae
1243 2037 1438 2127 antiquiore
1453 2038 1545 2125 lege,

227 2145 277 2211 uti
293 2168 324 2210 v.
344 2151 456 2226 1218,
478 2146 592 2210 Levita
606 2143 757 2230 indigus.
791 2176 793 2180 ·

270 2250 378 2337 lgitur
401 2250 506 2329 locria,
531 2272 631 2339 quem
651 2249 794 2337 elegerit
819 2249 919 2316 [alive
937 2273 1007 2315 non
1032 2249 1239 2335 intelligitur
1257 2249 1315 2316 hic
1334 2251 1393 2316 ille
1417 2251 1547 2317 solum-

224 2356 446 2438 modoloens,
469 2356 506 2422 in
529 2379 597 2444 quo
615 2357 755 2422 tandem
774 2378 854 2422 arca
877 2362 1137 2445 permanentem
1157 2355 1272 2422 sedem
1288 2362 1432 2423 nactura
1445 2363 1544 2438 esset,

226 2484 323 2528 mons
347 2464 437 2542 Sion,
467 2484 562 2528 secus
584 2463 675 2528 enim
702 2466 779 2550 post
799 2466 969 2528 destructa
1000 2462 1184 2547 gentilium
1209 2461 1332 2529 altaria
1358 2464 1548 2530 caruissent

226 2569 370 2635 Hebraei
387 2569 459 2635 loco
478 2569 601 2649 cultus,
621 2568 734 2658 quoad
750 2568 891 2634 tandem
911 2591 990 2634 arca
1005 2569 1200 2636 deferretur
1213 2569 1249 2634 in
1264 2575 1419 2635 montem
1436 2571 1513 2636 Sion
1534 2591 1541 2650 ;

227 2675 287 2741 sed
306 2675 551 2761 intelliguntur
577 2676 652 2741 loca
676 2675 739 2740 illa
763 2674 799 2740 in
820 2675 1067 2741 Chanaanitide
1082 2676 1211 2758 omnia,
1230 2674 1360 2766 quibus,
1370 2681 1546 2742 annuente

227 2782 329 2848 lahvc
354 2782 540 2848 substitura
570 2788 642 2848 erat
669 2804 747 2847 arca
769 2781 935 2869 (ttalgala,
959 2781 1028 2847 Silo
1050 2782 1145 2868 etc).
1169 2782 1368 2849 Sanctuaria
1387 2783 1546 2868 gentium

229 2886 389 2975 repudiat
417 2890 539 2967 lahve,
567 2887 682 2953 locum
709 2909 809 2952 arcae
837 2887 944 2972 eligit,
970 2887 1087 2976 ibique
1112 2888 1245 2953 cultum
1266 2911 1336 2954 non
1360 2888 1471 2954 solum
1491 2910 1544 2954 ac·

229 2997 342 3079 ceptat
370 2993 429 3057 sed
451 2992 566 3076 exigit.
587 2992 761 3080 tlppositio
787 2998 852 3074 est,
872 3014 943 3057 non
966 2999 1036 3058 tam
1055 2993 1147 3060 inter
1161 2994 1237 3060 loca
1254 2992 1363 3060 irruite
1381 2998 1414 3060 et
1430 2994 1544 3061 locum

231 3118 349 3177 tarcian,
373 3119 477 3184 equam
500 3099 589 3163 inter
613 3096 791 3185 repudiare
814 3103 847 3163 et
870 3098 1006 3185 eliqere.
1032 3104 1123 3165 inter
1145 3099 1256 3166 aaran
1278 3105 1311 3167 et
1340 3122 1449 3167 ztnrcm
1472 3123 1545 3167 non

229 3204 330 3269 datur
343 3203 498 3283 tcrtium;
514 3202 574 3268 sed
589 3202 678 3268 inter
691 3202 913 3291 repudiatum
930 3209 963 3270 et
977 3204 1120 3271 electrina
1134 3206 1237 3272 datur
1252 3208 1371 3295 utique
1386 3206 1542 3287 tertium,

227 3308 313 3374 illud
330 3330 374 3374 sc.
391 3309 484 3397 quod
505 3332 616 3397 neque
627 3308 830 3398 repudiatur
846 3333 959 3398 neque
970 3311 1120 3397 eligitur.
1141 3314 1243 3379 lahve
1254 3314 1391 3380 unicum
1403 3335 1544 3400 quoquo

226 3421 381 3504 tempore
408 3415 522 3482 locum
544 3416 643 3503 eligit
663 3437 670 3483 :
688 3416 811 3482 licetne
832 3416 1033 3483 hominibus
1049 3419 1208 3485 hebraeis
1221 3419 1290 3486 alia
1303 3419 1368 3486 sibi
1383 3418 1460 3486 loca
1477 3418 1542 3484 eli·

137 3608 142 3619 ·
227 3544 327 3607 gere,
344 3522 403 3589 ubi
423 3524 543 3589 labiae
557 3523 688 3590 cultum
702 3529 928 3612 spontaneum
945 3524 1093 3590 reddant
1107 3530 1244 3614 praeter
1260 3527 1389 3594 cultum
1409 3525 1453 3591 ab
1469 3527 1544 3614 ipso

226 3629 261 3692 in
281 3629 474 3694 sanctuario
493 3632 640 3696 maximo
656 3631 834 3697 exactum?
850 3628 892 3695 Id
907 3629 962 3695 lea
980 3654 1009 3695 c.
1035 3629 1094 3699 Ἠ
1119 3655 1188 3697 non
1209 3645 1309 3713 aetat,
1335 3631 1372 3698 id
1387 3653 1463 3697 eam
1476 3632 1544 3698 im-

225 3732 342 3822 plicito
357 3734 553 3822 perunitterc
569 3737 694 3802 docent
710 3735 890 3803 novellarii
904 3759 934 3801 v.
954 3743 1049 3819 8-28,
1066 3737 1126 3826 qui
1139 3738 1258 3828 utique
1273 3761 1345 3805 non
1360 3737 1545 3806 studebant

227 3839 316 3905 hane
333 3839 447 3925 legem
460 3841 669 3917 subvertere,
687 3843 745 3909 scd
760 3842 1017 3910 necessitatibus
1031 3843 1083 3910 sui
1103 3845 1179 3910 aevi
1199 3845 1373 3933 adaptare.

272 3946 304 4011 Si
325 3947 401 4035 quis
424 3969 442 4012 e
463 3954 581 4014 eontra
607 3955 743 4036 premat
767 3949 1019 4038 oppositionem
1037 3951 1127 4016 inter
1148 3951 1223 4017 loca
1251 3953 1359 4017 aneilla
1376 3955 1410 4016 et
1428 3950 1543 4016 locum

228 4051 369 4117 arricum
391 4062 613 4141 censeutque,
632 4055 720 4119 illud
740 4057 843 4120 etiam
868 4057 971 4122 statui
988 4055 1171 4123 discrimen
1187 4057 1277 4124 inter
1291 4058 1418 4124 cultum
1440 4056 1544 4123 lahre

228 4157 407 4245 cultusque
424 4161 721 4241 Chananaeorum,
740 4166 778 4226 ut
792 4162 827 4225 hi
848 4161 972 4243 multa,
1000 4161 1059 4228 illc
1074 4163 1213 4230 unicum
1234 4163 1422 4230 habuerint
1442 4184 1544 4228 sanc·

228 4265 389 4343 tnarium,
415 4264 443 4329 is
461 4266 690 4332 novellatorcs
713 4288 745 4332 v,
769 4273 852 4333 8-28
872 4267 950 4333 lacit
965 4290 1034 4333 non
1054 4268 1165 4334 solum
1181 4269 1296 4355 legem
1310 4267 1541 4356 antiquiorem

145 4427 148 4433 .
227 4391 260 4435 v.
276 4374 332 4433 2-'l
349 4369 391 4434 ad
406 4375 540 4460 tempus
552 4380 641 4439 certe
666 4373 929 4461 suspendenteS,
948 4373 1039 4462 (pared
1058 4379 1123 4441 lteo
1139 4376 1273 4441 volente
1289 4377 1401 4441 lacere
1420 4379 1543 4463 potue-

227 4475 312 4557 rint,
338 4474 396 4541 scd
412 4475 484 4542 cius
504 4478 624 4545 falsam
637 4479 809 4546 tradentes
824 4479 1101 4567 explicationem,
1125 4482 1217 4570 quod
1239 4505 1318 4549 sane
1338 4503 1409 4548 non
1430 4482 1542 4546 secero

227 4582 415 4672 inspirante
439 4589 518 4651 lico,
543 4585 772 4651 Novellatores
795 4586 922 4675 quippe
947 4609 1016 4652 non
1035 4609 1140 4653 novas
1164 4589 1301 4678 penitus
1325 4588 1362 4654 in
1385 4586 1543 4653 medium

227 4690 381 4778 prolerre
406 4691 525 4758 velunt
540 4692 695 4780 regulaS,
712 4691 772 4758 sed
796 4691 1026 4780 praetendunt
1045 4716 1079 4759 sc
1100 4693 1212 4781 legem
1233 4694 1464 4785 antiquiorem
1482 4717 1542 4760 cx-
