3366 5346
565 274 679 319 ruxrus
701 275 888 322 aasrrrurus
910 278 1061 329 cuonone.
1307 250 1311 257 ⁴
1434 272 1472 331 13

201 409 402 477 Dicebamus
423 412 473 474 CN
492 430 527 496 p.
553 413 617 473 213
639 429 729 498 sqq,
752 410 988 478 narrationem
1009 418 1162 480 actorum
1183 415 1300 502 Moysis
1322 419 1475 507 priorum

155 516 307 607 aliquam
323 513 511 603 aliquando
530 536 663 603 passam
680 536 750 580 esse
765 516 1062 602 imminutionem,
1078 520 1196 587 excisis
1218 522 1302 589 actis
1318 526 1475 592 sacerdo-

155 627 228 689 tum
236 620 551 713 praemosaicorum
561 624 594 687 et
602 623 795 709 apostasiae
808 624 1021 692 cadesianae.
1034 626 1264 710 arbitramur,
1274 631 1319 696 ob
1328 632 1474 699 eandem

156 734 258 818 atque
274 728 334 794 illa
351 726 580 817 principalem
602 727 789 811 rationem,
807 729 953 797 excisam
972 732 1055 798 item
1075 754 1149 800 esse
1168 736 1402 804 narrationem
1422 761 1475 805 se-

156 834 260 902 cundi
279 833 429 901 foederis
447 856 468 899 a
486 838 595 920 Moyse
617 831 653 899 in
673 843 766 901 terra
784 837 880 903 Moab
903 837 996 903 lacti.
1020 842 1127 915 Quam
1149 841 1305 909 lacunam
1327 843 1476 912 sentiens

156 942 344 1020 restitutor,
369 961 447 1006 cum
468 938 613 1005 haberet
634 941 669 1005 in
693 940 854 1007 manibus
877 947 946 1009 tres
970 945 1139 1012 orationes
1163 948 1297 1035 Moysis,
1321 972 1410 1038 quae
1431 952 1476 1017 ad

157 1047 250 1114 idem
278 1046 466 1114 secundum
497 1045 618 1112 foedus
646 1047 869 1133 referrentur,
894 1071 950 1114 eas
974 1051 1146 1119 orationes
1175 1054 1212 1119 in
1240 1056 1474 1124 narrationem

157 1159 310 1221 actorum
325 1152 455 1240 Moysis,
470 1152 506 1218 in
521 1157 615 1218 Dent.
633 1153 788 1236 inseruit,
803 1176 820 1220 e
835 1154 970 1221 duobus
984 1156 1083 1224 libris
1098 1159 1178 1224 lecit
1193 1182 1313 1243 unum,
1332 1165 1475 1231 remissa

158 1260 200 1327 ad
219 1260 348 1327 calcem
368 1257 565 1324 narratione
585 1264 739 1325 actorum
758 1281 939 1349 supremae
960 1261 1030 1329 diei
1049 1264 1139 1330 vitae
1158 1268 1278 1353 Moysis
1298 1272 1392 1336 Deut.
1416 1276 1471 1351 31,

160 1373 332 1449 lta-ulna.
356 1369 448 1431 Hanc
467 1386 572 1430 unam
588 1365 751 1432 maiorem
775 1365 857 1432 lecit
879 1368 1122 1451 mutationem,
1143 1377 1176 1437 et
1194 1373 1365 1461 sapienter
1382 1375 1472 1443 fecit.

158 1472 380 1540 Difficultates
400 1477 532 1552 autem,
552 1493 638 1560 quas
660 1477 818 1560 expertus
838 1479 888 1539 est
907 1473 944 1540 iu
964 1475 1176 1543 restituenda
1197 1479 1299 1544 tertia
1317 1480 1474 1547 oratione

157 1581 294 1666 Moysis,
319 1577 464 1644 candide
486 1577 650 1666 expressit
671 1578 786 1645 verbis
806 1580 982 1670 aonam)
1009 1603 1016 1648 :
1042 1582 1312 1652 «obscuritates
1335 1588 1472 1676 (textus)

158 1685 259 1752 lalrve
280 1690 347 1751 Deo
371 1688 488 1751 nostro
511 1683 767 1751 commendatas
788 1685 917 1765 habe03
939 1708 1028 1775 quae
1049 1689 1141 1755 clara
1166 1696 1261 1772 sunt,
1287 1693 1367 1759 data
1395 1701 1474 1760 sunt

157 1792 259 1858 nobis
290 1797 324 1858 et
345 1790 424 1856 filiis
449 1789 574 1856 nostris
597 1789 633 1856 in
659 1813 799 1873 aevum,
826 1797 863 1858 ut
884 1794 1049 1860 faciamus
1076 1797 1193 1863 omnia
1220 1798 1325 1865 verba
1352 1800 1473 1867 thorae

157 1897 261 1965 buius
283 1926 311 1963 ».
333 1901 437 1973 Quem
456 1918 593 1963 versum
612 1895 819 1986 interpretes
838 1899 947 1965 modis
966 1905 1094 1967 torsere
1114 1903 1230 1970 multis
1250 1909 1283 1970 et
1303 1904 1414 1987 miris,
1436 1912 1473 1974 ut

157 2025 235 2070 eum
255 2002 300 2069 ad
320 2002 471 2090 reliquae
491 2001 652 2068 orationis
666 2008 860 2069 contextum
876 2012 1076 2072 revocarent
1094 2027 1101 2073 :
1118 2008 1177 2074 sed
1195 2009 1401 2077 adscribitur
1414 2013 1472 2079 ille

155 2116 295 2199 praeter
313 2113 525 2189 contextum,
543 2113 592 2174 est
610 2108 794 2197 suspirium
819 2110 1022 2195 restitutoris
1044 2118 1168 2195 textus,
1187 2113 1230 2181 de
1253 2115 1316 2182 hac
1334 2117 1470 2184 restitu-

156 2216 249 2282 tione
262 2214 305 2282 ad
319 2214 455 2280 felicem
470 2213 655 2280 terminum
672 2214 894 2304 perducenda
908 2216 1015 2282 veluti
1028 2217 1252 2308 desperantis.

204 2327 290 2408 Mrgo
308 2344 379 2388 non
400 2321 501 2410 quale
520 2343 541 2386 a
559 2320 676 2407 Moysis
696 2321 828 2388 calamo
845 2323 1037 2412 profectum
1059 2332 1108 2392 est
1127 2331 1237 2409 Dent,
1260 2329 1326 2395 tale
1345 2329 1382 2395 in
1396 2352 1472 2398 nos-

158 2434 227 2496 tras
244 2449 366 2496 manus
380 2428 534 2508 devenit,
551 2427 610 2493 sed
630 2437 785 2507 auctum,
803 2429 952 2511 laesum,
970 2430 1176 2499 restitutum.
1193 2437 1389 2524 luterpretis
1405 2444 1468 2515 est,

157 2536 193 2602 in
220 2535 323 2601 huius
348 2533 575 2600 restitutionis
600 2533 772 2614 indolem,
798 2556 932 2617 causas,
957 2536 1124 2603 ambitum
1150 2539 1337 2628 inquirere.
1364 2543 1472 2610 Resti-

157 2642 266 2708 tuenti
288 2640 385 2708 affuit
404 2639 523 2706 divina
541 2640 747 2720 assistentia,
765 2661 832 2705 nou
855 2641 1046 2708 necessario
1069 2665 1109 2709 ea
1134 2667 1199 2733 qua
1223 2648 1351 2735 scripta
1372 2651 1470 2715 resti-

158 2752 268 2813 tueret
288 2747 404 2815 critice
420 2754 453 2812 et
473 2745 634 2812 historice
656 2745 827 2834 perfecta,
843 2746 903 2812 scd
925 2768 994 2835 qua
1016 2747 1078 2813 lini
1099 2749 1280 2835 religioso,
1301 2753 1345 2817 ob
1366 2776 1470 2842 quem

158 2853 427 2933 restituerentur,
444 2852 541 2919 fieret
562 2851 653 2918 satis.
680 2853 741 2928 Qui
765 2874 827 2940 pro
850 2852 983 2919 ludaeis
1009 2854 1212 2943 exprimitur
1231 2856 1301 2922 illis
1324 2859 1437 2926 verbis
1460 2884 1467 2930 :

159 2987 175 3020 a
203 2966 241 3026 ut
260 2959 425 3027 iaciamus
447 2958 563 3025 omnia
586 2958 693 3024 verba
713 2959 834 3024 thorae
856 2958 957 3025 liuius
979 2987 1009 3026 ».
1032 2961 1133 3026 Cuius
1152 2960 1235 3028 item
1257 2963 1470 3051 assistentiae

157 3066 306 3133 ambitus
328 3074 361 3133 et
382 3065 507 3132 limites
530 3064 710 3153 interpreti
738 3086 801 3152 pro
828 3064 960 3132 viribus
985 3072 1064 3132 sunt
1085 3065 1297 3153 indaganda.
1325 3072 1471 3140 Accedat

158 3179 291 3263 oportet
316 3174 361 3240 ad
380 3170 646 3239 examinandum
671 3176 764 3237 lleut.
789 3170 885 3236 nullo
908 3171 942 3237 in
968 3178 1126 3239 neutram
1149 3182 1282 3262 partem
1306 3184 1470 3269 concepto

157 3279 384 3370 praeiudicio,
400 3278 565 3344 iudicium
579 3277 666 3342 ferat
678 3276 866 3343 secundum
881 3283 1027 3357 textum,
1045 3284 1174 3345 textum
1188 3278 1330 3369 inquam
1345 3285 1466 3352 solum.

158 3389 253 3454 Certe
270 3409 340 3453 non
359 3385 448 3451 illud
466 3383 738 3474 praeiudicatum
759 3382 901 3462 habeat,
925 3390 1053 3449 textum
1070 3391 1144 3473 post
1162 3387 1318 3453 exsilium
1333 3392 1470 3460 restitu-

157 3498 231 3560 tum
245 3515 315 3560 esse
331 3491 472 3558 omnino
487 3490 611 3571 talem,
633 3489 745 3578 qualis
766 3495 883 3569 antea,
901 3489 970 3555 imo
986 3490 1119 3578 abipso
1135 3492 1273 3558 condito
1288 3494 1379 3561 libro
1394 3497 1469 3563 lue-

159 3607 226 3682 rut3
244 3600 338 3666 cuius
353 3597 524 3687 opinionis
546 3596 642 3663 aliud
657 3595 920 3662 tundamentum
936 3618 1006 3660 non
1024 3596 1174 3664 habetur
1188 3599 1256 3665 nisi
1273 3600 1391 3669 tabula
1409 3603 1470 3670 illa

158 3705 338 3772 rabbiniea
354 3710 413 3771 aut
427 3703 566 3771 traditio
584 3702 739 3783 iudaiea,
758 3725 846 3790 (quae
860 3724 1081 3791 nequaquam
1098 3711 1146 3770 est
1167 3707 1260 3772 omni
1274 3709 1470 3798 exceptione

159 3812 279 3878 maior.

201 3925 307 3998 Quum
322 3917 357 3983 in
373 3938 446 3983 rem
465 3916 578 3983 minus
594 3915 771 4003 hucusque
792 3915 976 4003 inquisiere
992 3923 1276 3985 commentatores
1290 3921 1466 4001 catholici3

157 4049 245 4117 quae
265 4047 368 4115 supra
387 4022 524 4091 erariis
539 4021 768 4088 afferebamus
784 4020 997 4104 auctoribus,
1016 4024 1192 4108 generalia
1210 4026 1323 4113 potius
1339 4034 1418 4094 sunt
1437 4036 1470 4096 et

156 4133 342 4213 subsiciva,
359 4129 546 4198 tentamina
563 4131 796 4217 potiusquam
812 4150 922 4216 aequa
941 4134 975 4193 et
991 4151 1109 4194 severa
1123 4128 1321 4219 disputatio
1338 4135 1469 4225 Quippe

158 4240 325 4327 exegesiS,
344 4237 394 4304 uti
407 4237 483 4326 ipsa
498 4235 693 4322 dogmatica
715 4234 907 4320 theologia,
922 4234 1017 4300 haud
1036 4258 1156 4324 parum
1173 4259 1309 4327 semper
1327 4239 1468 4308 iuvaba-

159 4354 215 4415 tur
233 4344 509 4415 adversariorum
530 4340 861 4430 impugnationibus.
883 4346 1050 4426 Dogmata
1070 4341 1111 4407 de
1132 4343 1279 4425 Christo,
1298 4345 1340 4411 de
1359 4369 1468 4415 sacra-

159 4454 298 4537 mentis,
316 4452 358 4519 de
378 4447 578 4536 magisterio
598 4447 767 4515 Ecclesiae
784 4446 826 4512 iis
846 4448 1059 4534 potissimum
1080 4450 1247 4515 aetatibus
1266 4453 1468 4519 evolveban-

159 4566 226 4644 tur,
248 4560 374 4650 quibus
393 4558 437 4624 ab
452 4554 657 4623 adversariis
678 4555 787 4619 acrius
803 4553 1111 4642 impugnabantur.
1136 4560 1255 4623 Textus
1272 4557 1315 4623 de
1335 4559 1466 4625 Christo

160 4671 278 4734 Decet
298 4664 419 4732 messia
443 4661 563 4752 primis
584 4660 800 4750 potissimum
824 4660 968 4726 saeculis
990 4660 1272 4744 discutiebantur,
1295 4668 1403 4729 textus
1423 4665 1466 4731 de
