3366 5346
641 319 729 363 arur.
754 303 848 369 33,tu
869 320 931 368 see.
1380 307 1438 362 :itti

128 480 142 507 «
162 463 194 515 rt
209 450 443 517 holocaustem
461 474 562 541 super
576 451 687 519 altare
705 466 800 518 tutuu
820 480 849 516 υ.
868 450 1045 517 Concludit
1060 449 1252 518 benedictio
1266 445 1455 542 appellato¹

127 580 260 624 rursum
281 558 420 624 nominc
435 559 535 624 lahve
557 581 564 627 :
594 579 626 625 r.
653 566 689 625 11
710 587 725 618 t<
749 556 909 638 Berrcclic,
924 556 1079 635 Domine,
1099 557 1305 645 sortittuliru'
1317 559 1390 626 eius
1406 588 1435 626 o.

126 664 188 730 Sed
210 665 323 753 potius
347 686 426 730 cum
456 663 576 730 Cltaltl.
603 670 696 731 recte
712 662 921 755 possessioni
941 662 1015 729 eius
1044 663 1101 751 (cl.
1124 668 1206 731 Gen.
1233 671 1353 747 atam
1380 666 1438 732 tol>

126 776 243 849 autin
260 776 355 837 Deui.
378 777 458 853 8,1r
474 792 545 859 sq.;
570 771 659 837 Ruth
677 776 767 852 t‚11;
790 778 887 838 Pror.
906 774 1036 853 3129),
1054 770 1316 859 prosperitatem
1333 772 1437 839 etiarn

126 898 230 965 opum
251 882 457 967 apprecatur
476 878 608 956 Levitis
633 900 780 966 quorum
798 898 880 966 opes
902 898 980 944 cum
1005 876 1175 965 imprimis
1197 884 1351 944 constent
1369 879 1439 967 pri-

126 982 231 1048 mitiis
255 990 287 1048 et
310 982 463 1061 decimis,
490 1006 558 1048 non
583 989 741 1072 poterant
761 1006 820 1051 eae
839 983 977 1065 llorere,
996 982 1059 1049 nisi
1078 983 1179 1049 sinrul
1200 983 1303 1049 tatius
1319 984 1438 1073 populi

125 1089 285 1154 florerent
304 1111 368 1155 res
393 1117 409 1150 1·
432 1093 475 1155 Et
496 1111 600 1178 opera
620 1112 784 1156 utartuuru
810 1089 906 1155 t‘llt'us
924 1089 1108 1178 suscipe»,
1126 1089 1365 1179 operacultus.
1380 1094 1440 1156 Se-

126 1195 244 1282 quitur
267 1195 515 1263 benedictionis
546 1218 624 1285 pars
654 1198 815 1284 negativa
843 1216 849 1261 :
880 1224 896 1256 a
922 1199 1064 1262 Percote
1091 1195 1191 1261 tlortra
1222 1195 1438 1262 mimicorum

126 1301 198 1367 et'us
219 1330 234 1362 o
250 1341 292 1350 -
306 1304 408 1368 llebn
430 1326 437 1369 :
455 1303 737 1391 cortsurpertu'tuu
752 1303 787 1368 t'u
802 1325 891 1383 crau,
912 1303 1001 1369 ludit
1020 1324 1098 1369 cunt
1118 1308 1281 1391 sequente
1297 1325 1438 1369 causta·-

124 1420 208 1494 paut
228 1448 270 1457 -
293 1437 307 1469 a
332 1421 376 1490 ct,
396 1409 457 1498 qui
478 1407 622 1474 oderunt
637 1433 731 1490 curu,
749 1432 815 1476 uort
832 1421 1040 1497 consurpaut
1057 1437 1087 1476 o.
1115 1411 1214 1475 Helm.
1235 1422 1290 1474 :ct
1304 1431 1437 1475 osorum

125 1513 210 1595 eius,
235 1515 283 1580 ita
302 1528 338 1580 rtt
354 1538 423 1581 uon
444 1529 664 1603 causta-pant.
690 1517 790 1583 Cuius
805 1538 889 1582 coca
905 1515 1115 1597 vulneratur,
1137 1517 1165 1581 is
1178 1537 1355 1601 assurgere
1379 1537 1438 1582 ne·
1515 1503 1517 1506 ¹

126 1621 211 1707 quit.

669 1792 797 1839 Beniamin
814 1806 837 1840 v.
859 1794 894 1838 tr.

124 1965 150 2000 r.
172 1952 202 2001 tt
217 1952 316 2002 ,itarius
334 1967 339 2000 :
357 1965 456 2003 manus
476 1954 562 2002 tahrc
577 1981 612 1989 -—
630 1956 788 2016 requiescat
809 1966 906 2003 sorrure
926 1966 1009 2015 super
1029 1955 1129 2015 ipsum.

214 2041 379 2104 impendens
401 2043 424 2090 si
442 2043 500 2091 tota
512 2042 566 2091 dic.
582 2070 616 2077 —-
631 2044 704 2092 iuter
719 2043 850 2092 trutncros
866 2044 926 2090 rrius
941 2044 1075 2105 quiescat.

169 2235 252 2321 Arp.
272 2232 541 2309 -aeniamino,
564 2233 624 2320 qui
639 2233 720 2299 forti
735 2255 840 2298 ruauu
857 2233 975 2320 Moysis
989 2237 1104 2321 paries
1119 2233 1224 2299 tuitus
1237 2238 1297 2313 est,
1316 2255 1438 2323 apprc-

124 2346 220 2406 catur
238 2345 343 2413 vates‚
362 2344 399 2404 ut
414 2361 519 2404 ruuutt
536 2339 637 2406 lehre
651 2344 847 2405 constanter
866 2343 1080 2428 protegatur.

169 2467 200 2508 r.
229 2452 267 2510 te
292 2473 307 2506 «
333 2447 378 2509 tu
398 2445 579 2511 Beru'amt'u
600 2445 650 2509 at't
677 2465 684 2510 :
709 2445 974 2511 Autautissr'mus
989 2444 1129 2511 Domini
1143 2443 1312 2513 habitabit
1330 2447 1437 2535 coufi-

125 2549 254 2633 tleutar,
279 2552 366 2615 11100
383 2550 496 2638 [quasi
508 2551 545 2615 iu
561 2549 726 2635 thalamo]
745 2563 816 2615 tota
840 2550 895 2615 elic
915 2550 1117 2631 reserabitur,
1130 2563 1162 2616 et
1178 2551 1267 2617 iuter
1281 2552 1438 2618 litteteras

125 2655 222 2721 illius
237 2656 423 2745 requiescet
442 2684 471 2722 s.

159 2871 223 2935 azir
239 2860 300 2921 ἅπαξ
314 2860 462 2930 λεγόμενον.
485 2863 555 2915 Cum
574 2863 649 2925 t'atp.
673 2864 759 2928 (attasi
778 2866 809 2913 iu
829 2865 949 2913 ittatanto
968 2866 1127 2932 arctabitur)
1143 2844 1282 2915 coruscatis
1301 2867 1350 2927 Aa.
1373 2881 1438 2914 πασ-

123 2950 210 3012 selaeu
232 2966 294 3001 curn
317 2953 380 3001 itt
403 2949 516 3014 tentata)
539 2955 718 3003 consentiunt
742 2954 837 3002 Ytteod.
859 2950 985 3013 catalect,
1012 2954 1107 3002 Chald.
1131 2955 1181 3002 erit
1200 2955 1348 3017 protectio,
1373 2957 1433 3015 Sar.

122 3048 197 3124 qui:
216 3048 309 3123 aaut,
327 3040 395 3103 lerrt
408 3055 501 3110 supra,
516 3041 667 3104 impteti-dere
684 3040 728 3107 (aa
743 3041 812 3091 torte
827 3044 949 3103 genuina
968 3036 1052 3092 lectio
1065 3049 1123 3125 aar
1136 3054 1187 3105 pro
1200 3038 1307 3123 Ἶεηῖ).
1322 3042 1436 3093 i'ersio·

124 3142 174 3179 nes
190 3131 276 3193 igitur
291 3131 353 3179 reci
370 3127 608 3192 significationem
624 3130 748 3180 tribuunt
764 3130 820 3181 iere
835 3143 1019 3193 synonymum
1033 3131 1111 3181 verbi
1128 3135 1196 3213 pta.
1211 3157 1247 3167 -
1263 3131 1339 3181 Varii
1359 3131 1436 3181 codi-

123 3230 170 3268 ces
184 3218 297 3268 hebraei
309 3219 442 3268 omittunt
449 3219 603 3269 secundum
617 3199 680 3276 1159
686 3232 692 3278 ;
711 3220 812 3270 haheat
829 3219 897 3269 iliud
912 3219 1023 3283 quidem
1041 3221 1133 3270 textus
1145 3222 1249 3283 recepti
1264 3232 1372 3280 omnes,
1387 3219 1436 3271 scit

123 3307 199 3368 prius
214 3287 276 3362 ⁸5⁹7?
291 3309 420 3367 ignorant
436 3310 508 3356 Satn.
523 3309 598 3369 Sps..
617 3308 679 3356 tit
694 3322 744 3369 pre
759 3322 791 3357 co
807 3309 967 3368 legentibus
985 3309 1024 3356 uti
1040 3308 1204 3356 crediderim
1223 3289 1305 3381 3⁹53.
1323 3334 1358 3344 -
1374 3309 1436 3356 Non

122 3393 213 3441 levent
234 3393 426 3442 difficultatem
446 3393 510 3442 iacit
533 3396 634 3452 textus,
650 3396 673 3441 si
694 3406 728 3442 eo
752 3407 836 3442 sensu
856 3398 991 3451 sumatur,
1006 3406 1089 3455 quern
1109 3394 1206 3442 haser.
1227 3393 1385 3443 indicavere
1410 3395 1437 3441 et

123 3482 268 3530 versiones
284 3493 459 3542 expressere.

162 3569 184 3617 1.
201 3568 264 3618 Non
283 3569 459 3632 perspicitur,
476 3581 525 3618 cur
545 3569 692 3618 Beniamin
714 3564 767 3616 κατ’
788 3564 877 3633 iio-sla
894 3569 1001 3617 dicatur
1023 3568 1134 3617 dilectus
1157 3571 1246 3626 tatere,
1262 3572 1346 3619 etiam
1370 3582 1436 3631 prae

123 3657 200 3715 Leri,
221 3657 288 3706 Iuda
304 3661 332 3705 et
347 3657 458 3719 Ioseph.
476 3657 600 3719 Exiguos
616 3657 703 3705 trihus
719 3669 850 3706 nutrieras
870 3659 908 3705 ait
924 3658 981 3716 tin,
998 3657 1080 3705 simul
1099 3670 1161 3705 cum
1179 3659 1313 3707 memoria
1327 3656 1437 3720 praedi·
1502 3656 1506 3663 '

122 3746 250 3796 iectionis
261 3745 353 3795 lacohi
366 3745 542 3807 patriarchae
557 3757 625 3805 erga
639 3745 843 3803 Beniamintun,
863 3746 889 3793 iu
905 3757 990 3794 causa
1006 3743 1100 3801 tuisse,
1119 3758 1168 3795 cur
1181 3745 1209 3794 h.
1225 3744 1244 3794 l.
1262 3747 1349 3796 trihus
1365 3748 1436 3797 Ben-

121 3836 207 3883 iamin
227 3834 329 3883 hlamto
346 3834 457 3882 nomine
475 3839 543 3887 rihni
559 3840 621 3886 'tt'tt
638 3833 803 3896 appelletur.
824 3832 929 3881 Verum
951 3835 978 3880 in
1000 3833 1123 3882 secunda
1140 3836 1331 3884 intineratione
1348 3835 1432 3884 Num.

81 3988 85 3993 Ι
123 3923 156 3972 ta
172 3925 272 3985 reperti
288 3925 352 3971 serni
368 3921 511 3983 Ephraim,
528 3921 636 3977 thuben,
654 3919 861 3977 stercoratam
882 3921 1033 3983 Nephthati
1049 3923 1173 3972 numeris
1188 3922 1353 3972 infirmiores
1372 3936 1434 3972 esse

121 4023 204 4073 quam
221 4011 377 4060 Beniamin.
398 4010 529 4060 Numeris
546 4009 662 4059 interior
679 4011 815 4071 imprimis
838 4018 897 4058 erat
919 4011 1003 4058 etiarn
1025 4009 1102 4059 Lori.
1121 4010 1184 4058 Non
1204 4009 1266 4059 ideo
1286 4011 1372 4060 trihus
1392 4010 1435 4060 di-

121 4098 210 4149 ceuda
229 4106 271 4149 est
293 4099 404 4147 ditectus
424 4099 514 4155 tatere,
531 4100 598 4162 quia
620 4099 782 4161 progenitor
805 4100 910 4147 exstitit
935 4098 1053 4147 dilectus
1076 4098 1173 4156 Iacob,
1190 4097 1316 4147 dilectior
1336 4098 1438 4151 Iacobo

122 4187 223 4250 Ioseph
240 4200 305 4251 prae
320 4188 476 4237 Beniamin
497 4187 649 4236 Penitusnc
667 4201 682 4235 o
700 4192 791 4236 tironio
810 4188 899 4235 nostri
918 4187 990 4235 ratis
1009 4188 1123 4236 evanuit
1139 4186 1217 4250 iupus
1230 4187 1286 4243 iile,
1304 4188 1348 4236 cui
1363 4188 1433 4240 Gen.

121 4275 201 4335 tati
219 4277 365 4326 Beniamin
380 4276 612 4337 comparatratur?
624 4276 653 4325 st
666 4274 769 4324 dixeris
784 4275 916 4324 dilectum
933 4276 1025 4324 rocari
1042 4275 1199 4329 Beniamin.
1214 4274 1288 4338 quod
1300 4276 1435 4340 templum

122 4365 298 4423 postmodum
321 4366 393 4413 intra
417 4365 477 4413 eius
499 4363 569 4413 lines
593 4363 768 4413 aedificatum
783 4364 818 4412 sit
834 4345 927 4424 (Cei),
944 4363 1098 4426 respondes
1118 4364 1155 4417 iet.
1178 4363 1252 4427 quod
1265 4377 1280 4414 e
1295 4378 1433 4428 perpenso

122 4452 181 4500 toto
203 4464 263 4514 cap.
292 4453 324 4501 ta
351 4453 474 4512 elicitur,
495 4452 601 4501 millam
623 4465 725 4503 norant
755 4452 929 4514 prophetiam
950 4453 1075 4500 nostruin
1096 4460 1189 4503 ratem
1209 4452 1305 4509 edere,
1326 4453 1434 4514 priores

122 4540 285 4602 prophetias
300 4541 469 4604 quandoque
483 4544 619 4604 repetere.
643 4540 692 4590 seri
711 4544 799 4590 totum
816 4542 843 4587 in
868 4553 901 4588 eo
918 4552 990 4599 esse,
1007 4543 1037 4590 nt
1056 4540 1264 4592 henedictiones
1278 4551 1328 4602 pro
1343 4539 1436 4590 tuturo

123 4628 291 4690 apprecatur

159 4717 183 4765 ’2.
204 4718 233 4766 ai
253 4719 405 4779 accipiatur
423 4719 515 4768 versio
538 4717 649 4768 dilectus
672 4719 761 4778 tatur,
778 4720 949 4769 constructio
968 4731 994 4768 r.
1015 4718 1045 4767 tt
1062 4718 1091 4767 ht
1115 4716 1198 4779 [riano
1222 4716 1349 4767 obscura.
1364 4722 1435 4802 put
