3366 5346
215 300 274 357 <2⁶20
692 313 803 357 casuro
825 315 930 359 acras
952 314 1053 358 rarus.

212 449 341 536 (Gai),
370 448 429 513 sed
457 453 617 537 parentes
650 469 729 513 cum
762 447 856 530 filiis,
890 453 960 515 tata
998 445 1186 535 aliquando
1228 468 1323 531 geos.
1360 447 1534 536 Supponit

211 562 324 621 aretem
352 560 477 640 Moyses
501 554 556 639 (cf.
582 554 655 619 lud.
679 554 786 641 2,10)‚
808 554 911 620 talem
934 561 1086 643 teporem
1111 574 1181 619 non
1206 552 1301 618 illico
1324 560 1401 642 post
1427 576 1526 620 suam

213 669 358 728 mortem
376 683 448 726 esse
465 660 688 726 invaliturum
709 699 752 708 —
774 687 789 720 a
816 659 1015 749 deceptique
1033 659 1188 747 feceritis
1206 659 1299 725 cobis
1313 659 1468 748 ale'quam
1486 661 1536 725 si-

212 767 446 834 militudinem
477 795 511 844 a,
539 804 582 815 -
612 765 848 849 simulacrum,
880 765 1147 832 similitudinem
1177 766 1287 831 armus
1319 787 1331 829 :
1358 768 1531 855 expressio

213 868 388 941 eontracta
401 896 440 939 ex
453 871 513 938 illa
534 895 563 938 v.
583 879 636 946 23,
660 894 748 960 quae
766 873 841 962 ipsa
852 874 1050 940 resumebat
1062 873 1356 939 enumerationem
1376 896 1407 937 v.
1427 879 1531 940 lli-18

213 1018 256 1030 -
272 1008 286 1040 a
304 991 484 1069 pturautes
512 978 641 1045 utalaam
661 1001 777 1045 caram
792 980 938 1045 Doctrina
957 984 1025 1045 Itea
1043 992 1164 1059 vestre,
1183 991 1220 1043 ut
1233 1000 1310 1044 ercan
1328 976 1376 1044 cd
1390 979 1533 1045 iracun-

214 1086 308 1153 diam
330 1086 517 1175 provocetis
543 1113 559 1146 a
584 1106 591 1153 :
616 1125 659 1134 -
674 1090 768 1151 notat
788 1089 847 1152 llr.
875 1101 934 1154 ct:
959 1108 1027 1152 nou
1050 1092 1120 1151 tam
1149 1083 1370 1151 iracundiam
1398 1085 1532 1153 edicere

214 1216 318 1281 quam
339 1193 565 1275 vacationem,
584 1193 723 1281 quando
749 1193 825 1282 quis
839 1192 1012 1259 immerita
1026 1193 1188 1282 patiatur,
1204 1191 1254 1258 uti
1270 1191 1384 1273 lahve,
1403 1191 1463 1280 qui
1487 1192 1532 1259 ab

215 1300 337 1366 lsraele
358 1305 584 1388 postponatur
602 1298 795 1365 simulacris
814 1339 854 1347 -
878 1308 910 1365 'v.
938 1305 980 1365 26
1004 1326 1019 1359 tt
1041 1310 1138 1364 testes
1155 1297 1273 1363 invoca
1287 1325 1302 1359 a
1323 1309 1444 1363 cantra
1460 1321 1528 1379 aas,

215 1405 275 1495 qui
290 1410 456 1472 testentur
467 1427 525 1471 vos
544 1404 725 1472 defuturis
744 1404 997 1472 calamitatibus
1012 1405 1113 1471 luisse
1129 1403 1373 1493 praemonitos,
1395 1432 1411 1464 κ
1429 1403 1531 1470 stadie

150 1516 153 1522 ’
215 1511 346 1578 caelttrn
365 1523 398 1577 et
418 1524 544 1579 terram
563 1540 577 1572 »
603 1512 659 1600 (cf.
679 1511 1406 1599 30‚1a;31,28)‚intelleet0seodemsensu
1427 1518 1532 1600 alque

215 1625 306 1698 321.
332 1625 385 1698 tt3,
411 1631 449 1684 ut
462 1619 603 1703 angelos
626 1624 660 1684 et
682 1623 802 1704 gentes
816 1618 1015 1700 includant,
1036 1647 1051 1677 (ι
1069 1617 1135 1683 cita
1147 1617 1318 1706 perituras
1336 1639 1392 1682 ras
1405 1637 1474 1682 esse
1489 1615 1532 1683 de

214 1738 317 1808 terra,
336 1747 439 1815 attunt
459 1725 600 1790 transita
623 1724 768 1791 Iordane
783 1710 976 1814 possessuri
993 1724 1073 1789 estis
1092 1744 1106 1788 .·
1129 1744 1199 1788 nan
1220 1722 1419 1789 habitabitis
1438 1722 1473 1788 in
1488 1745 1530 1788 ea

215 1831 317 1920 lanqa
344 1843 513 1920 tempore,
538 1829 598 1896 scd
619 1829 743 1897 delebit
767 1854 824 1896 cas
850 1830 1016 1896 Darnintts
1040 1857 1071 1897 a.
1096 1830 1196 1896 Heba.
1217 1851 1228 1895 :
1247 1829 1330 1919 quia
1346 1827 1530 1894 certissime

215 1936 414 2003 delebimini
433 1960 488 2018 ae,
515 1939 591 2026 quis
619 1959 674 2004 eos
697 1936 873 2004 deleturus
896 1937 951 2017 sit,
977 1959 1023 2004 sc.
1049 1936 1228 2019 Dominus,
1253 1935 1344 2002 illico
1371 1933 1532 2023 exprimit

215 2066 247 2109 v.
270 2052 311 2110 27
330 2068 337 2112 :
357 2072 373 2105 ι(
390 2058 493 2133 atque
515 2072 530 2105 a
553 2045 720 2110 Dominus
740 2073 755 2105 (ι
776 2044 948 2134 disperpet
970 2044 1007 2109 in
1032 2064 1148 2109 ornnes
1166 2054 1303 2131 pentes,
1326 2055 1358 2108 et
1374 2063 1532 2106 remane-

216 2148 295 2214 bitis
319 2151 426 2239 pauci
447 2151 482 2215 in
504 2149 719 2234 erectionibus,
749 2149 797 2217 ad
819 2167 914 2239 quas
927 2172 983 2217 rus
1007 2149 1174 2216 ducturus
1194 2176 1229 2231 a,
1246 2149 1269 2214 i.
1289 2171 1318 2214 e.
1337 2151 1531 2237 compulsu-

217 2277 290 2338 rus,
311 2284 326 2316 tt
359 2268 407 2321 est
432 2256 598 2320 Dominus
626 2284 656 2323 a.
683 2280 715 2322 v.
742 2262 784 2324 28
808 2286 823 2316 «
850 2256 970 2346 Ibique
992 2255 1146 2323 servietis
1162 2254 1247 2340 diis,
1270 2255 1332 2344 qui
1351 2253 1531 2321 bantinum

217 2384 323 2427 manu
342 2361 507 2446 febrienti
528 2375 626 2436 stud,
648 2362 744 2450 liqna
764 2375 797 2427 ct
816 2361 925 2452 lapidi
932 2417 943 2449 ,
964 2363 1026 2452 qui
1047 2386 1116 2429 non
1135 2362 1268 2442 uident,
1290 2383 1351 2428 nec
1366 2361 1529 2442 audiunt,

216 2489 277 2533 nec
293 2467 490 2554 concedunt,
518 2492 578 2534 nec
604 2467 793 2534 adorantur
809 2497 839 2534 a.
866 2469 1057 2536 simulacra
1068 2469 1228 2536 manibus
1240 2468 1422 2534 hominum
1438 2491 1456 2534 e
1472 2467 1531 2534 vili

217 2576 362 2641 materia
384 2574 630 2657 continuatum
660 2575 740 2641 licet
762 2598 921 2643 sensuum
949 2598 1079 2663 organa
1098 2575 1530 2654 effictahabeant,ta1neu

216 2681 425 2770 operationis
455 2704 614 2750 sensuum
646 2688 726 2748 sunt
760 2706 897 2771 prorsus
925 2682 1133 2772 incapacia:
1158 2704 1242 2768 ergo
1268 2681 1429 2747 Hebraeis
1452 2689 1532 2747 sunt

214 2787 318 2875 plane
336 2788 466 2856 inania.
494 2788 621 2865 Quibus
643 2788 787 2855 Hebraei
802 2795 979 2878 tamquam
995 2791 1087 2855 natio
1106 2788 1255 2855 servient
1269 2794 1408 2855 eatenus
1422 2792 1527 2869 certe,

214 2902 383 2980 quatenus
398 2917 518 2960 coriam
535 2894 725 2961 cultoribus
737 2895 976 2960 subiicientur.

259 3023 290 3064 v.
317 3007 357 3065 29
382 3029 396 3059 t
425 3003 577 3087 Cttmque
602 3002 786 3088 quaesieris
810 3000 857 3066 ibi
879 3001 1067 3067 Dominum
1091 3005 1199 3068 Derim
1229 3015 1328 3067 tuum
1356 3028 1391 3078 a,
1412 3037 1455 3047 -
1472 2999 1529 3064 vel

214 3105 272 3170 ille
292 3105 380 3171 imae
396 3105 594 3170 abiectioris
613 3107 706 3171 locus
726 3128 793 3171 uon
814 3114 864 3172 est
887 3107 1138 3175 misericordiae
1161 3108 1260 3175 lahve
1280 3109 1471 3173 inaccessus
1484 3144 1530 3155 -

219 3238 234 3270 α
257 3210 408 3276 inuenies
431 3233 525 3294 curra,
554 3211 584 3276 si
606 3223 809 3277 lamentata
830 3211 1134 3301 eardequacsieris
1156 3228 1187 3279 ct
1215 3226 1286 3280 tata
1307 3212 1529 3279 tribulatione

216 3316 354 3384 animae
370 3331 448 3384 tuae
475 3346 504 3386 a,
530 3322 627 3384 Verte
650 3341 656 3386 :
679 3331 712 3383 et
728 3330 799 3384 tata
818 3319 938 3385 arrium
952 3333 1012 3385 tua
1031 3320 1067 3386 in
1082 3320 1311 3395 tribulatione
1325 3331 1396 3386 tua.
1415 3309 1452 3407 15
1469 3333 1528 3381 aa:

217 3425 270 3511 (cl.
289 3429 337 3491 es.
358 3432 397 3490 17
412 3426 488 3513 [18],
513 3433 549 3505 t;
568 3431 609 3492 65
630 3426 708 3513 [66],
733 3430 790 3503 lt;
814 3432 875 3492 105
891 3427 1001 3513 [106],
1024 3432 1083 3508 bl;
1109 3434 1164 3493 101
1193 3427 1525 3515 [10⁸2]‚3)ablasor.

216 3537 400 3621 punctatur
410 3538 447 3598 ut
466 3554 610 3614 nomen,
624 3553 694 3598 non
710 3538 746 3597 ut
760 3532 959 3613 infinitivus,
978 3554 1061 3618 ergo
1082 3533 1202 3599 melius
1223 3554 1301 3598 cum
1316 3534 1407 3598 LXX
1427 3529 1525 3618 thq.

215 3638 262 3704 ad
285 3660 314 3700 v.
346 3645 387 3703 29
420 3640 578 3705 trahitur.
614 3638 765 3705 Eandem
802 3638 1080 3727 promissionem,
1111 3645 1214 3728 atque
1244 3662 1275 3704 v.
1315 3645 1371 3719 29,
1406 3636 1530 3726 repetit

215 3766 246 3811 v,
271 3749 312 3811 30
338 3763 345 3810 :
372 3771 387 3803 a
405 3746 590 3831 Postquam
607 3756 637 3808 te
658 3744 848 3811 invenerint
871 3745 987 3811 amnia
1000 3768 1089 3833 attae
1108 3745 1287 3834 praedicta
1302 3757 1380 3810 sunt
1403 3772 1418 3806 a
1435 3746 1526 3830 (lev.

214 3856 255 3915 26
280 3855 314 3917 et
332 3855 426 3918 lleut.
445 3851 516 3937 28),
539 3877 555 3911 «
578 3851 761 3917 raucissima
778 3865 926 3941 tempore
949 3852 1126 3918 reuerteris
1151 3851 1199 3918 ad
1213 3852 1398 3918 Dominum
1417 3854 1527 3916 lleurn

214 3968 323 4041 tuum,
346 3971 377 4023 ct
397 3955 518 4023 attdies
544 3979 655 4022 uocem
678 3958 752 4023 eius
772 3987 807 4042 a,
829 3960 937 4026 amice
961 3960 1086 4026 iterum
1112 3959 1272 4047 loquetur
1292 3959 1336 4024 ad
1360 3963 1404 4024 te.
1432 3955 1467 4021 Si
1490 3957 1527 4019 in

215 4062 406 4129 nouissimis
431 4063 546 4129 diebus
576 4085 654 4129 cum
677 4066 766 4129 LXX
787 4065 904 4131 trahas
925 4065 969 4130 ad
999 4067 1130 4154 priora,
1158 4065 1381 4154 praenuntiat
1403 4065 1529 4148 Moyses

216 4190 320 4233 unam
337 4169 489 4258 aliquam
513 4170 664 4236 suturam
681 4169 847 4236 lsraelisa
862 4172 966 4237 lahve
982 4171 1222 4256 delectionem,
1251 4178 1334 4262 puta
1348 4191 1424 4238 eant
1439 4190 1527 4258 quae

215 4273 334 4338 exsilio
352 4275 557 4360 babylonico
581 4276 789 4364 puniebatur
813 4278 947 4364 (uteru).
970 4282 1098 4344 Tamen
1119 4278 1156 4343 in
1178 4278 1243 4344 hac
1269 4277 1431 4367 pericope
1456 4295 1527 4340 nou

215 4381 250 4445 in
277 4402 316 4445 eo
344 4386 392 4446 est
412 4387 552 4469 Moyses,
574 4389 612 4449 ut
631 4383 856 4472 particulares
871 4384 1035 4473 quosdam
1055 4390 1197 4451 eventus
1216 4383 1445 4474 praenuntiet,
1466 4379 1526 4446 sed

216 4493 377 4554 attotam
404 4488 463 4554 Ilei
487 4487 577 4554 eirca
602 4491 760 4556 lsraelem
783 4493 1019 4557 oeconomiam
1037 4491 1182 4579 explicet
1202 4491 1259 4578 (cf.
1283 4489 1327 4555 ad
1340 4495 1436 4556 beut.
1455 4488 1524 4575 32).

215 4598 304 4681 Ergo
316 4596 437 4662 melius
452 4617 529 4661 cnm
545 4598 669 4662 Musae.
694 4595 792 4684 thp.
810 4595 930 4664 Cbald.
949 4596 1012 4662 illa
1027 4595 1132 4664 verba
1145 4597 1262 4663 trahas
1277 4594 1321 4662 ad
1337 4595 1524 4684 sequeutia.

215 4703 401 4770 Novissimi
418 4701 489 4769 dies
508 4702 935 4790 suntcuiusqneeiusmodi
948 4703 1148 4769 delectionis
1165 4709 1353 4770 extremum
1370 4708 1525 4791 tempus3
