3366 5346
657 310 752 356 naeus
771 312 889 355 ruoaaa
909 311 1037 355 rarausi.
1462 300 1500 357 87

189 439 329 521 minata,
347 446 382 507 at
400 441 503 507 simul
527 444 627 532 plena
647 447 795 512 terroris.
818 446 946 524 Quibus
965 444 1089 511 auditis
1108 444 1228 511 debuit
1245 447 1319 532 regi
1337 470 1424 513 unus
1444 448 1500 515 ille

189 547 279 613 liher
299 545 474 614 obversari
496 549 628 631 anime,
657 552 769 640 quiin
798 579 814 611 «
845 557 982 641 patrum
1011 580 1027 613 u
1052 551 1212 618 manibus
1237 552 1359 619 luerat.
1379 558 1500 621 Eratne

188 653 358 721 aerarium
384 656 503 744 templi
525 678 705 723 commune
729 658 987 747 receptaculum
1013 657 1251 746 quorumlibet
1273 660 1503 746 scriptorum?

189 765 334 826 Erantnc
356 761 544 851 antiquarii
565 763 697 830 Heleias
718 770 751 831 et
772 765 884 847 losias,
910 772 947 831 ut
972 763 1016 831 de
1044 764 1202 852 quolibet
1223 772 1359 854 reperto
1380 788 1500 833 manu-

187 867 311 955 scripto
331 868 424 935 illico
438 869 566 936 Heleias
581 872 762 937 certiorem
776 872 902 938 laceret
916 874 1054 957 regem?
1070 871 1273 953 Accedebat,
1293 878 1329 937 ut
1344 873 1502 939 adversa-

187 973 317 1039 riorum
334 979 551 1064 retorqueam
567 984 827 1062 argumentum,
843 977 992 1044 Heleiam
1007 1000 1077 1043 uon
1094 978 1244 1066 primam
1264 979 1502 1066 pronuntiasse

189 1097 439 1152 vocemmeam,
458 1104 546 1171 quae
566 1087 679 1172 primo
702 1083 777 1149 loeo
802 1082 1057 1172 pronuntianda
1079 1088 1169 1167 erat,
1192 1083 1220 1149 si
1240 1083 1283 1150 de
1306 1084 1397 1150 libro
1413 1088 1502 1151 cete-

188 1186 288 1276 roqui
313 1189 433 1272 ignoto
462 1195 598 1278 reperto
619 1189 800 1275 agebatur,
830 1190 891 1256 sed
915 1211 1032 1255 vocem
1048 1202 1120 1264 aso,
1139 1211 1227 1277 quae
1248 1191 1361 1278 prima
1384 1192 1502 1280 utiquc

187 1293 347 1382 elapsura
368 1302 442 1360 erat
466 1317 507 1360 ex
534 1317 591 1361 ore
615 1295 799 1384 loquentis
823 1295 851 1361 si
875 1297 1030 1362 omnium
1047 1300 1180 1362 mentes
1194 1296 1375 1362 obsidebat
1390 1296 1502 1363 deter-

187 1400 310 1466 minati
335 1400 512 1467 cuiusdam
533 1400 614 1467 libri
633 1401 803 1490 deperditi
823 1402 1000 1469 memoria.
1024 1401 1195 1488 Praelegit
1214 1404 1353 1492 Sapban
1372 1403 1500 1471 librum

188 1506 281 1591 regi,
308 1529 378 1573 uon
407 1507 597 1575 necessario
620 1507 714 1574 illico
737 1514 861 1587 totum,
892 1531 959 1575 non
985 1509 1029 1575 ab
1061 1507 1173 1575 initio.
1203 1509 1318 1575 llerito
1345 1510 1501 1597 suggerit

188 1614 331 1692 Moe-crs,
353 1618 432 1680 xlv.
464 1620 538 1693 111»,
568 1615 785 1704 Sapharum,
802 1616 884 1680 dum
909 1615 1142 1704 praelegeret,
1165 1615 1258 1702 regis
1278 1616 1501 1682 attentionem

187 1719 230 1784 ad
256 1719 365 1785 minas
395 1720 473 1786 illas
498 1720 661 1787 direxisse
686 1744 694 1789 :
721 1720 813 1810 quod
848 1720 1122 1787 commodissime
1152 1721 1366 1811 praestabat,
1393 1722 1503 1789 ruinas

186 1826 417 1913 praelegendo
445 1832 524 1893 ante
544 1833 657 1893 cetera
678 1827 807 1893 omnia.
826 1827 953 1905 Quibus
970 1826 1098 1893 auditis
1119 1829 1188 1893 iam
1212 1850 1283 1893 non
1305 1834 1379 1921 erat
1395 1828 1502 1895 dubio
1578 1875 1581 1879 -

188 1931 291 2011 loeus,
319 1938 451 1998 essetne
476 1933 565 1999 liber
592 1932 820 2015 authenticus,
852 1934 1030 2015 mosaicus,
1057 1934 1168 1999 thora.
1198 1937 1318 2000 Coram
1346 1934 1503 2002 adstabat

186 2037 359 2104 redivivus
380 2039 541 2127 antiquus
566 2039 713 2106 foederis
739 2041 843 2106 testis.
872 2044 990 2105 Postea
1017 2040 1109 2125 loges
1133 2040 1265 2125 legere,
1294 2062 1361 2105 non
1385 2063 1502 2107 neees-

184 2143 276 2209 sario
308 2166 427 2210 omnes
453 2166 461 2212 :
491 2146 582 2241 unde
611 2146 755 2212 increvit
774 2152 896 2228 terror,
919 2167 997 2212 cum
1018 2145 1265 2235 perspicerent,
1291 2153 1501 2237 quantopere

186 2250 254 2316 iam
270 2250 341 2316 illis
356 2250 458 2316 minis
477 2255 510 2318 et
524 2250 591 2340 ipsi
606 2257 641 2317 et
656 2251 835 2318 universus
854 2251 1005 2340 populus
1020 2249 1174 2317 obstricti
1189 2258 1397 2319 tenerentur.

230 2362 347 2422 Nonne
364 2356 448 2424 haee
459 2356 597 2446 planior
614 2357 821 2424 narrationis
843 2362 862 2422 li
888 2362 972 2443 Reg.
1000 2363 1043 2423 ⁸22
1064 2380 1116 2447 sq.
1146 2363 1178 2424 et
1198 2365 1219 2423 2
1236 2363 1312 2424 Par.
1331 2366 1371 2426 {tt
1392 2358 1500 2448 expli-

187 2463 291 2543 catio,
310 2463 488 2552 magisque
508 2464 691 2530 conlormis
712 2463 821 2529 indoli
848 2463 1051 2531 ludaeorum
1071 2469 1105 2531 et
1123 2464 1258 2543 thorae,
1281 2487 1385 2554 quam
1413 2488 1501 2553 quae

186 2571 337 2655 gratuito
363 2577 562 2659 supponunt
592 2570 664 2651 alii,
695 2570 823 2637 librum
852 2569 1016 2637 exstitisse
1041 2576 1142 2637 antea
1167 2593 1308 2659 prorsus
1329 2571 1498 2656 ignotum,

187 2675 286 2741 nobis
301 2675 555 2743 defendendum
580 2698 651 2742 esse
673 2674 820 2763 (cornill
840 2700 874 2764 p.
901 2677 977 2763 29),
999 2675 1099 2741 illum
1121 2676 1202 2740 to'tis
1224 2685 1288 2741 700
1310 2677 1422 2755 annis,
1440 2677 1502 2764 qui

187 2804 207 2847 a
234 2786 342 2869 Moyse
367 2782 412 2848 ad
437 2782 558 2849 losiam
580 2782 786 2861 effluxerint,
803 2781 840 2847 in
855 2781 997 2847 latebris
1014 2781 1128 2859 fnisse,
1152 2787 1211 2847 aut
1230 2782 1360 2847 librum
1383 2804 1500 2870 reapse

186 2889 286 2955 luisse
300 2911 419 2955 reeens
432 2890 675 2957 concinnatum
696 2893 729 2955 et
742 2887 1020 2977 supposititium?

231 3003 285 3067 la.
301 2999 394 3062 Lisai
417 3018 584 3063 niraarrrr
603 3017 700 3064 raas.
717 3034 761 3045 —
780 2995 846 3061 Sed
862 2994 933 3060 iam
953 2993 999 3059 ad
1017 2992 1147 3059 librum
1163 2993 1366 3082 bipartitum
1383 2994 1500 3061 redeat

184 3106 318 3191 oportet
337 3103 457 3167 oratio.
480 3101 539 3167 llic
560 3101 651 3167 liber
668 3122 791 3187 regum
812 3122 896 3167 aevo
922 3099 1115 3167 exsistebat.
1136 3102 1215 3167 Eius
1238 3102 1368 3190 quippe
1390 3108 1501 3168 textus

184 3206 371 3297 aliquando
396 3213 446 3273 est
474 3207 671 3274 decurtatus
694 3208 780 3296 (CEL
799 3230 834 3296 p.
865 3213 885 3273 3
907 3225 997 3295 sqq.;
1019 3210 1069 3272 CN
1092 3229 1127 3295 p.
1155 3213 1220 3273 21³
1246 3207 1356 3297 sqq),
1384 3208 1501 3275 excisis

185 3314 493 3381 actissaeerdotum
516 3314 840 3403 praemosaicorum,
857 3335 945 3402 quae
968 3313 1186 3402 sequentium
1206 3314 1388 3379 turbarum
1403 3314 1498 3380 radix

184 3420 287 3487 fuisse
307 3420 478 3501 videntur,
496 3420 608 3487 excisa
625 3421 709 3487 item
731 3418 876 3486 historia
899 3421 1089 3507 apostasiae
1110 3418 1322 3500 cadesianae,
1345 3442 1432 3507 quae
1458 3428 1498 3485 37

184 3527 255 3592 lere
274 3546 382 3593 annos
405 3526 706 3616 complectebatur.
731 3529 818 3591 llaec
837 3524 989 3611 gratuito
1009 3524 1233 3590 affirmaverit
1253 3524 1377 3612 aliquis
1391 3524 1500 3591 excisa

186 3653 257 3699 esse
277 3654 297 3699 a
319 3633 450 3721 ludaeis
469 3632 643 3720 Babylone
663 3631 869 3718 degentibus
885 3629 938 3696 vel
958 3630 1003 3696 ab
1019 3629 1135 3709 Esdra,
1153 3630 1214 3718 qui
1238 3630 1300 3695 toti
1323 3631 1498 3699 incumbe·

184 3737 268 3804 baut
280 3740 383 3805 sacris
397 3739 493 3805 libris
508 3738 710 3825 colligendis
723 3743 768 3819 et,
785 3737 845 3804 ubi
860 3758 946 3825 opus
961 3740 1060 3818 esset,
1079 3736 1314 3821 restituendis,
1334 3760 1404 3804 uon
1417 3760 1499 3805 vero

183 3845 413 3912 decertandis.
431 3851 545 3934 Neque
568 3846 681 3912 excisa
703 3851 783 3910 sunt
802 3851 879 3932 post
898 3842 1056 3924 Esdram,
1084 3865 1161 3910 eum
1185 3843 1356 3910 habeatur
1378 3845 1497 3910 eadem

182 3952 218 4018 in
237 3956 328 4021 Sam.
350 3958 440 4038 Ergo
453 3952 699 4041 inquirendum
713 3956 779 4031 est,
796 3950 908 4017 sintne
928 3950 1038 4015 excisa
1053 3972 1134 4015 aceo
1150 3972 1280 4039 aequin.

225 4057 320 4135 Quod
342 4081 464 4125 aevum
491 4059 629 4125 unicum
659 4062 707 4123 est
735 4057 772 4123 in
802 4057 945 4123 historia
974 4056 1218 4136 Hebraeorum,
1245 4055 1288 4121 de
1311 4078 1380 4144 quo
1410 4055 1498 4123 illud

179 4164 365 4253 probatum
399 4164 577 4245 hahemus,
608 4164 777 4230 Hebraeos
802 4185 882 4229 oum
916 4164 1021 4229 sacris
1049 4162 1198 4229 textibus
1228 4161 1338 4248 egisse
1368 4162 1497 4229 irreve-

181 4276 308 4337 renter.
333 4271 503 4338 llahemus
526 4272 674 4338 alterum
699 4270 864 4358 seriptum
891 4269 1094 4349 mosaicum,
1128 4270 1278 4349 theram,
1302 4268 1396 4357 quod
1426 4268 1498 4335 eius

181 4376 258 4443 aevi
277 4400 375 4464 reges
399 4378 492 4443 onaui
512 4384 636 4445 conatu
655 4377 720 4443 nisi
740 4381 819 4443 sunt
837 4398 905 4441 non
924 4376 1117 4458 decurtare,
1135 4376 1196 4441 sed
1211 4376 1352 4442 omnino
1369 4375 1411 4440 de
1426 4398 1496 4441 me-

181 4480 240 4548 dio
255 4484 388 4550 tollere.
409 4485 580 4551 Habemus
598 4482 778 4550 historiam
799 4480 967 4556 foederis,
989 4480 1047 4545 ubi
1067 4481 1239 4571 adscripta
1256 4481 1373 4547 notula
1391 4487 1498 4546 textus

182 4589 358 4656 restitutor
374 4596 517 4657 testatus
538 4596 598 4671 est,
621 4612 725 4678 alnam
745 4610 886 4675 gravem
906 4587 1145 4654 difficultatem
1169 4594 1327 4677 expertus
1346 4586 1387 4651 sit
1403 4584 1498 4649 resti-

181 4696 304 4762 tuendi
333 4703 451 4764 textus.
483 4703 571 4783 Ergo
600 4695 782 4784 probabile
810 4700 970 4783 apparet,
998 4694 1118 4759 eodem
1153 4716 1237 4759 aevo
1269 4692 1396 4758 excisas
1426 4710 1496 4755 esse
