3366 5346
641 243 725 287 naurs
747 242 898 288 stosmcan
922 246 1059 290 innotus.
1464 238 1501 294 79

189 379 245 446 [lei
270 378 499 468 providentia,
527 399 614 466 quae
641 382 770 465 quantu
794 378 1048 467 imperfectiora
1075 386 1185 447 essent
1209 383 1362 448 humana
1390 384 1502 449 media

187 484 432 576 praeservandi
456 485 542 550 sacri
566 489 691 564 textus,
718 490 812 548 tanto
842 484 952 571 magis
975 487 1313 577 praecavebat'ipsa,
1340 511 1382 554 ne
1397 496 1501 555 com·
1530 478 1532 482 Α

187 592 336 659 muniter
350 591 589 679 reciperentur
608 612 659 672 ea,
677 612 765 678 quae
780 612 800 656 a
816 590 916 657 thora
931 598 1041 659 essent
1055 594 1156 683 plane
1171 595 1297 675 aliena,
1318 595 1501 661 efficiebat-

186 721 265 787 que,
288 698 384 766 utin
409 703 504 764 tanta
527 697 705 763 thorarum
732 696 896 764 varietate
918 721 1098 788 nunquam
1122 701 1308 768 delicerent
1331 701 1502 768 Hebraeos

186 827 238 886 ea,
256 827 345 894 quae
366 804 569 871 adsalutem
585 808 807 893 sanctamque
822 804 1050 897 eruditionem
1071 812 1182 873 essent
1195 809 1396 875 necessaria.
1412 813 1502 885 Quae

186 912 244 977 nei
280 912 394 1000 quoad
434 910 639 977 documenta
676 910 823 977 mosaica
863 910 1080 999 providentia
1115 912 1273 1002 explicite
1312 914 1503 981 affirmatui

186 1022 282 1085 neus.
302 1023 403 1097 abac
418 1018 499 1105 (aa).

484 1205 508 1250 b.
524 1202 635 1250 Historia
649 1203 762 1250 tHoraea
777 1203 891 1250 Samuele
901 1206 934 1251 ad
948 1206 1101 1253 destructam
1116 1208 1208 1256 urbem.

232 1354 285 1415 11.
303 1353 350 1413 Ex
363 1346 416 1429 iis,
429 1366 518 1435 quae
535 1345 710 1433 bucusque
726 1344 768 1411 de
784 1344 926 1414 historia
941 1346 1062 1414 thorae
1073 1347 1306 1427 disseruimus,
1322 1356 1502 1439 sequentes
1543 1348 1546 1353 ’

143 1487 149 1498 ·
186 1455 296 1519 tluunt
311 1452 554 1532 conclusiones,
574 1473 661 1540 quae
677 1451 852 1540 complent
872 1475 912 1519 ea
926 1453 1028 1533 facta,
1044 1476 1133 1543 quae
1147 1477 1182 1543 p.
1201 1462 1237 1522 61
1260 1478 1312 1545 sq.
1330 1464 1371 1521 76
1387 1479 1500 1525 recen-

185 1559 354 1626 cebamus.

230 1666 313 1753 (11).
342 1667 448 1752 Lepas
473 1663 644 1730 brassicae
667 1687 736 1731 aaa
763 1677 863 1731 eram
889 1665 1041 1733 absolate
1065 1667 1308 1734 immutabiles,
1333 1669 1499 1736 Admitte—

185 1771 268 1838 bant
286 1782 488 1860 urcqmcata,
509 1792 587 1836 cum
611 1775 706 1838 losue
727 1778 760 1837 et
783 1773 920 1838 Samuel
940 1795 1059 1839 earum
1079 1773 1196 1860 legum
1218 1775 1497 1858 sacratissimam,

184 1879 321 1943 tboram
352 1877 421 1943 suis
448 1878 604 1942 auxerint
633 1877 890 1943 additamentis.
917 1879 1150 1946 admittebant
1176 1881 1396 1948 atcttationes.
1429 1888 1499 1948 Non

185 1983 407 2050 mutabantur
421 2004 533 2071 neque
547 1983 675 2049 mutari
691 1989 849 2072 poterant
865 1984 1019 2085 quinque
1039 1985 1100 2052 illa
1120 1986 1242 2052 thorae
1259 1987 1295 2052 in
1316 1989 1500 2076 pentalogo

138 2170 145 2180 X
185 2090 364 2167 mandata3
391 2110 515 2177 neque,
543 2088 637 2177 quod
663 2096 781 2177 postea
805 2088 1128 2173 demonstrabimus,
1161 2091 1385 2158 mutabantur
1406 2095 1500 2180 leges

184 2193 264 2260 libri
285 2193 431 2261 foederis
454 2195 579 2282 prioris
598 2196 668 2283 (Ex.
697 2200 815 2277 21-23,
841 2194 993 2284 itemque
1015 2201 1070 2262 Ex.
1100 2197 1156 2285 at)
1187 2217 1194 2263 :
1225 2198 1294 2264 duo
1321 2198 1500 2266 foederum

185 2301 403 2383 documenta,
421 2300 568 2366 foederis
583 2301 724 2390 inquam
739 2305 811 2367 tam
829 2286 976 2368 sinaitioi
995 2325 1099 2391 quam
1121 2303 1309 2383 moabitici,
1334 2327 1404 2370 non
1425 2326 1499 2370 mu-

185 2408 360 2474 tabantur.
383 2406 607 2495 Reliquarum
627 2407 747 2494 legum
771 2407 888 2496 plures
911 2431 931 2474 a
955 2411 1110 2476 Samuele
1135 2410 1171 2476 in
1192 2410 1400 2477 collectaneo
1421 2420 1500 2478 sunt

186 2519 348 2580 mutatae.

234 2621 302 2709 (12)
328 2623 397 2686 Lea
415 2620 568 2687 prosaica
587 2633 662 2686 erat
681 2620 737 2686 lec
754 2642 825 2685 nora
842 2630 991 2703 mortua,
1011 2620 1072 2686 scd
1091 2622 1189 2704 viram·
1208 2644 1275 2687 non
1301 2622 1401 2688 litera
1424 2631 1498 2689 tan-

185 2732 271 2810 tum,
298 2726 357 2793 sed
377 2727 476 2794 litera
500 2726 622 2816 spiritu
647 2726 809 2792 animata.
834 2731 914 2792 Erat
935 2748 980 2792 sc.
1007 2727 1058 2792 lex
1079 2728 1210 2794 credita
1225 2729 1419 2817 prophetis,
1440 2731 1498 2818 qui

185 2855 267 2900 aevo
291 2833 446 2901 iudicum
470 2833 661 2923 pauciores,
688 2853 763 2898 mox
788 2855 871 2899 aevo
897 2854 1020 2918 regum
1047 2834 1189 2921 plurimi
1212 2834 1319 2900 luere.
1348 2841 1496 2913 Quorum

184 2940 335 3007 cilicium
357 2941 518 3030 princeps
541 2960 760 3028 nequaquam
783 2944 856 3006 erat
877 2939 994 3006 futura
1016 2940 1273 3028 praenuntiare,
1300 2939 1359 3007 sed
1383 2941 1499 3029 lloysis

184 3046 389 3134 legislatoris
410 3069 495 3136 opus
518 3048 718 3114 continuare
740 3051 774 3111 et
797 3046 973 3135 perficere,
999 3045 1119 3112 foedus
1142 3069 1205 3136 per
1225 3052 1358 3134 Moysen
1379 3046 1496 3113 datum

184 3176 401 3235 conservare,
435 3152 621 3242 explicare,
650 3157 683 3218 et
717 3174 846 3219 novum
877 3152 1013 3231 foedus,
1047 3174 1110 3242 per
1140 3148 1310 3220 Christum
1345 3152 1497 3221 dandum

184 3282 402 3350 praeparare.
429 3261 476 3327 Cl.
504 3261 651 3347 Coraely
681 3264 706 3324 ll
734 3265 766 3325 2.
792 3264 874 3336 2713
903 3262 987 3325 Prae
1013 3260 1050 3324 S.
1076 3261 1103 3324 Ι.
1128 3249 1286 3325 :Studes
1314 3266 1416 3337 1898,
1445 3264 1494 3340 tv,

183 3390 217 3455 p.
234 3372 276 3432 tt)
289 3389 364 3456 sqq.

228 3478 323 3556 Sunt,
339 3473 451 3563 quiin
467 3473 528 3539 bas
543 3471 795 3562 disquisitiones
809 3471 924 3537 nescio
940 3470 1024 3560 quid
1044 3471 1198 3537 inferunt
1213 3469 1493 3558 protestantismi,

153 3618 158 3627 ·
185 3600 262 3646 cum
291 3579 391 3647 tacite
419 3584 627 3669 supponant,
654 3577 793 3646 unicum
822 3577 903 3643 fidei
930 3578 1058 3642 iontem
1089 3582 1122 3642 et
1148 3577 1305 3663 regulam
1336 3575 1497 3643 Hebraeis

183 3685 287 3752 fuisse
300 3687 424 3776 scripta
439 3686 586 3753 mosaica
604 3708 611 3754 :
630 3708 699 3751 non
720 3684 829 3771 magis
846 3684 923 3751 solis
936 3682 1073 3772 seraptis
1090 3683 1245 3749 mosaicis
1260 3684 1373 3749 vivere
1390 3683 1496 3772 potuit

183 3792 327 3860 ecclesia
349 3792 529 3875 hebraica,
556 3814 659 3881 quam
681 3791 760 3858 solis
784 3790 916 3881 seriptis
939 3789 1127 3877 evangeliis
1149 3790 1290 3856 ecelesia
1311 3789 1495 3855 christiana

181 3899 296 3966 vivere
322 3901 445 3990 potuit.
474 3900 587 3966 Solam
613 3899 749 3964 literam
774 3897 906 3963 habens
928 3902 1004 3985 post
1027 3895 1169 3963 Esdram
1198 3895 1342 3962 ecclesia
1362 3894 1495 3961 iudaica

182 4005 347 4094 obriguit.
374 4007 553 4074 Habebunt
572 4010 709 4095 praeter
732 4003 935 4093 scripturam
964 4003 1106 4070 Hebraei
1132 4003 1235 4070 etiam
1260 4001 1496 4081 traditionem,

182 4113 278 4182 cuius
295 4113 499 4204 interpretes
518 4111 685 4202 potissimi
700 4116 798 4178 erant
813 4110 1014 4201 prophetae.
1035 4114 1107 4176 Non
1124 4109 1235 4217 magis
1253 4131 1271 4175 e
1290 4108 1370 4175 solis
1389 4109 1497 4197 scrip-

181 4221 224 4287 tis
243 4221 399 4288 mosaicis
421 4242 625 4307 cognoscere
649 4223 810 4308 poterant
827 4217 902 4284 aevi
921 4238 1043 4303 regum
1064 4216 1218 4296 Hebraei,
1241 4223 1374 4283 essetne
1394 4215 1497 4281 unica

181 4328 420 4394 tantummodo
449 4329 524 4394 loco
555 4324 840 4408 sacrificandum,
871 4345 974 4414 quam
1002 4346 1020 4389 e
1047 4323 1126 4389 solis
1154 4322 1343 4409 evangeliis
1375 4323 1498 4388 certior

181 4433 256 4502 fieri
274 4440 389 4525 pot-est
403 4433 619 4514 christianus,
638 4437 842 4499 teneaturne
856 4432 1003 4497 fratrum
1019 4431 1134 4498 lavare
1150 4429 1265 4519 pedes.
1284 4434 1391 4506 Quare
1407 4432 1497 4493 ratas

181 4539 304 4609 hahuit
330 4541 466 4609 Samuel
493 4562 549 4607 eas
572 4540 688 4625 legum
719 4538 945 4606 mosaicarum
973 4536 1177 4604 mutationes
1203 4534 1381 4625 quasdam,
1408 4552 1494 4619 qnae

180 4653 258 4715 ante
288 4650 400 4738 ipsum
430 4671 493 4718 usu
521 4647 751 4714 invaluerant.
784 4651 908 4725 Quare,
937 4644 1019 4710 licet
1047 4644 1296 4709 collectaneum
1326 4635 1495 4704 Samuelis
