3366 5346
179 269 237 323 tarr
547 279 689 325 msronm
712 276 944 322 nnsnrurrorus
967 276 1120 322 rouoems.

177 421 311 503 Moysen
326 415 442 482 dicens
458 415 503 503 a).
523 415 654 482 Priores
668 412 748 478 libri
766 413 835 477 lere
851 416 1045 479 constanter
1059 411 1243 479 tradebant
1253 413 1359 480 verba
1375 401 1501 498 lahve,

177 527 272 588 beot.
289 528 397 589 totum
414 529 463 588 cst
478 522 512 587 in
528 520 705 587 tradendis
719 519 847 598 verbis,
864 517 1021 600 monitiS,
1040 518 1253 585 orationibus
1267 521 1397 608 Moysis.
1420 524 1503 586 Huc

177 651 213 694 re
238 632 336 695 Decet.
358 628 552 718 plurimum
574 627 694 717 dissert
713 649 734 691 u
756 623 1037 716 praecedentibus
1058 624 1165 691 libris.
1191 630 1315 692 Verum
1343 627 1430 694 inde
1452 628 1504 694 ab

178 739 278 818 31,lt
305 757 439 802 rursum
460 735 635 800 habentur
647 733 777 799 directa
793 733 895 798 lahve
913 731 958 798 ad
972 737 1104 819 Moysen
1120 732 1274 821 alloquia
1297 755 1305 802 :
1324 757 1357 800 v.
1376 739 1501 800 ma.

181 847 300 921 roan
320 847 439 923 aar&
463 846 555 922 aaa.

220 947 341 1013 Recole
366 969 480 1037 porro,
502 969 589 1036 quae
618 971 652 1036 p.
676 952 736 1011 169
761 968 835 1034 sqq,
859 945 1067 1029 dicebamus,
1085 949 1181 1012 heut.
1207 953 1263 1028 1,3
1290 945 1415 1013 haberi
1436 946 1505 1013 de·

175 1053 339 1144 scriptum
371 1054 461 1121 diem
491 1054 610 1121 mortis
638 1053 770 1141 Moysis;
797 1052 896 1119 illum
928 1074 1063 1119 versum
1094 1053 1259 1142 primitus
1292 1053 1503 1120 immediate

177 1183 344 1228 annexam
359 1161 518 1228 habuisse
537 1161 770 1228 narrationem
788 1159 830 1225 de
851 1159 934 1225 actis
953 1158 1106 1248 supremi
1123 1151 1217 1226 illius
1231 1159 1322 1239 diei;
1341 1160 1503 1250 aliquem

176 1268 265 1333 inter
281 1274 336 1348 1,3
356 1274 389 1334 et
412 1267 503 1334 inter
525 1268 609 1334 haec
624 1272 699 1333 acta
720 1271 830 1334 totum
851 1267 921 1332 lere
941 1270 1036 1333 Dent.
1062 1265 1255 1349 inseruisse,
1279 1266 1403 1354 Moysis
1421 1289 1506 1333 ora·

176 1373 287 1440 tiones
302 1373 549 1441 valedictorias.
566 1373 752 1463 Perspicies
765 1373 930 1462 profecto,
946 1395 1021 1462 cap.
1040 1379 1079 1438 31
1097 1372 1314 1462 deprehendi
1336 1367 1504 1441 suturam

176 1481 266 1548 inter
288 1479 513 1548 recentiorem
542 1487 575 1546 et
597 1479 826 1571 antiquiorem
851 1481 1101 1561 narrationem
1128 1479 1173 1546 ad
1196 1480 1294 1546 illam
1319 1479 1506 1570 pertinere

177 1610 210 1654 v.
239 1593 331 1667 1-13,
360 1610 448 1676 quae
474 1594 549 1654 acta
573 1588 706 1675 Moysis,
732 1609 802 1653 non
827 1586 950 1653 lahvae
974 1586 1140 1668 referant,
1170 1586 1349 1653 historiam
1374 1587 1508 1654 thorae

177 1694 356 1760 absolvant
378 1693 562 1776 narrando,
585 1692 758 1783 quomodo
777 1715 816 1758 ea
847 1691 1016 1782 descripta
1032 1693 1146 1775 luerit,
1168 1698 1341 1761 asservata
1355 1694 1507 1784 suisque

176 1799 386 1889 temporibus
409 1800 598 1889 praelecta;
628 1799 670 1865 ad
701 1800 790 1865 hane
818 1804 971 1888 spectare
1003 1800 1244 1881 31,1t-3a‚5a;
1271 1806 1325 1882 at,
1351 1801 1508 1867 fortasse

176 1907 279 1974 etiam
299 1929 373 1996 cap.
393 1913 446 1974 33.
469 1910 555 1972 Maec
570 1905 728 1995 primitus
743 1905 939 1972 immediate
955 1906 1404 1996 consequebanturtextum
1428 1914 1505 1988 1,3.

177 2012 299 2080 Ultimo
318 2015 407 2080 vitae
427 2013 483 2079 die
498 2014 704 2080 narrabatur
723 2019 845 2100 Moyses
860 2014 1029 2079 canticum
1044 2018 1141 2080 Deut.
1163 2021 1218 2094 32,
1236 2013 1508 2081 so1tasseetiam

176 2120 430 2186 benedictiones
456 2125 549 2187 Dent.
572 2126 613 2186 33
635 2121 806 2200 recitasse,
828 2118 909 2185 dein
933 2126 1092 2186 monente
1120 2120 1223 2187 lahre
1243 2125 1400 2186 montem
1416 2143 1509 2186 con-

177 2225 344 2292 scendisse
364 2227 481 2317 ibique
496 2232 651 2292 mortuus
666 2248 747 2291 esse.

223 2332 332 2417 Igitur
350 2332 565 2398 narrationes
578 2338 717 2412 alp-13
734 2339 767 2397 et
787 2338 887 2398 tt-30
912 2354 928 2396 e
955 2331 1097 2399 diversis
1121 2333 1334 2400 documentis
1351 2334 1506 2422 petitae,

177 2444 256 2506 sunt
283 2438 386 2504 veluti
417 2437 614 2528 parallelae,
645 2445 784 2505 eventus
813 2437 966 2506 eiusdem
994 2440 1064 2506 fere
1088 2443 1253 2530 temporis
1279 2439 1505 2508 describunt.

48 2593 52 2601 .
179 2544 280 2612 lahve
309 2548 386 2610 ante
407 2543 669 2611 tabernaculum
689 2545 724 2610 in
746 2544 906 2612 columna
928 2544 1031 2613 nubis
1055 2568 1229 2635 apparens
1256 2550 1376 2613 losuen
1404 2547 1508 2614 bono

177 2652 292 2718 animo
305 2673 374 2716 esse
388 2650 486 2718 iussit
502 2651 548 2740 (v.
569 2658 608 2719 lt
620 2674 670 2740 sq.
690 2652 766 2740 23),
784 2650 877 2740 quod
896 2657 1022 2738 Moyses
1042 2653 1089 2741 (v.
1107 2660 1127 2718 7
1149 2653 1214 2743 sq.)
1229 2680 1244 2712 «
1268 2674 1385 2719 coram
1402 2654 1508 2720 omni

94 2741 104 2753 ⁸
177 2758 312 2824 lsrael»
337 2757 473 2847 publice
497 2757 645 2847 repetiit,
668 2757 860 2847 praemissis
878 2757 915 2824 in
937 2759 1060 2825 eadem
1088 2781 1171 2826 sane
1193 2757 1356 2825 concione
1383 2759 1510 2827 verbis

178 2887 209 2928 v.
228 2871 300 2930 2-6.
315 2866 463 2930 Thoram
486 2885 602 2953 quam,
626 2865 714 2930 sicut
728 2866 900 2930 canticum
923 2865 968 2954 (v.
989 2864 1121 2953 2230),
1137 2864 1332 2932 credendus
1348 2871 1401 2932 est
1420 2873 1508 2933 ante

177 2970 432 3059 conscripsisse,
448 2992 552 3059 quam
574 2970 668 3035 illam
697 2992 811 3037 coram
833 2971 960 3060 populo
977 2973 1233 3060 pronuntiaret,
1260 2970 1507 3040 sacerdotibus

178 3098 210 3140 v.
241 3081 321 3140 a-ta
359 3074 499 3141 tradidit
527 3076 766 3143 asservandam
793 3083 826 3143 et
849 3078 1129 3166 praelegendam.
1156 3084 1251 3157 Quae
1287 3079 1391 3144 thora
1425 3085 1505 3147 tum

178 3187 251 3247 erat
268 3179 356 3247 liber
375 3181 529 3247 acantici
545 3181 635 3246 libro
648 3204 680 3247 v.
699 3189 740 3247 26
758 3181 920 3250 diversus.
944 3190 1020 3250 Post
1035 3185 1199 3274 scriptam
1218 3185 1354 3251 thoram
1373 3185 1421 3273 (v.
1442 3186 1504 3274 Ἃ)

177 3288 287 3353 iussus
305 3310 325 3355 a
346 3288 446 3354 lahve
464 3287 597 3377 scripsit
621 3288 809 3370 canticum,
828 3290 969 3357 tradidit
992 3291 1116 3373 levitis
1138 3292 1175 3358 in
1193 3292 1313 3382 populi
1329 3292 1505 3360 concione

178 3394 425 3484 pronuntiavit.
450 3394 560 3477 Vides,
587 3395 671 3461 duas
699 3396 772 3462 illas
796 3397 1009 3464 narrationes
1039 3398 1167 3465 habere
1195 3420 1303 3466 unum
1334 3404 1504 3467 eventum

177 3503 249 3568 scre
280 3523 517 3584 communem,
549 3501 738 3590 alloquium
772 3503 815 3569 ad
844 3509 939 3570 losue
970 3505 1110 3585 factum,
1149 3505 1300 3594 reliquos
1325 3528 1504 3595 perquam

178 3609 300 3674 affines
314 3610 404 3674 inter
419 3631 470 3690 sc,
491 3631 560 3675 non
577 3615 691 3675 tamen
703 3610 856 3693 eosdem;
873 3612 1022 3700 priorem
1042 3612 1278 3678 narrationem
1299 3633 1353 3677 res
1368 3611 1504 3680 referre

180 3720 217 3780 ut
234 3720 310 3780 acta
329 3714 448 3802 Moysis
462 3715 587 3804 potius,
604 3715 827 3804 posteriorem
844 3725 880 3783 ul
895 3727 966 3784 acta
985 3718 1101 3785 lahve.

220 3823 304 3910 Ανρ.
328 3859 372 3870 -
392 3821 631 3887 Praenuntiata
654 3845 715 3888 sua
738 3829 848 3889 morte
879 3823 1042 3913 felicique
1076 3826 1302 3915 expeditionis
1339 3847 1504 3894 successu

177 3933 271 3994 losur.
289 3928 397 4008 duco,
415 3933 539 4015 Moyses
561 3930 729 4017 populum
750 3935 782 3996 et
798 3929 911 4019 ipsum
935 3935 1030 3997 losue
1045 3933 1134 3998 bono
1155 3933 1271 3998 animo
1292 3953 1362 3997 osse
1386 3933 1503 4003 iubet.

176 4036 342 4123 Scriptam
367 4036 503 4101 thoram
523 4034 646 4100 Levitis
668 4042 701 4102 et
719 4037 911 4103 senioribus
937 4037 1043 4104 tradit
1067 4037 1325 4105 custodiendam
1345 4042 1379 4103 et
1397 4042 1506 4108 annis

175 4141 357 4206 sabbaticis
388 4141 517 4230 populo
539 4142 822 4229 praelegendam,
842 4149 877 4210 ut
897 4144 924 4208 is
953 4145 989 4209 in
1013 4144 1079 4210 fide
1104 4168 1186 4232 erga
1218 4144 1346 4210 lahven
1367 4147 1505 4214 confir·

182 4251 304 4311 matur.

224 4354 307 4439 Cup.
328 4354 440 4417 XXXI
460 4377 490 4420 v,
523 4362 536 4418 1
565 4385 579 4414 o
602 4355 695 4420 .-toiit
717 4356 834 4445 ituprtc
854 4359 989 4446 Moyses·
1007 4386 1021 4415 »
1040 4397 1085 4408 —
1102 4381 1172 4424 non
1190 4382 1209 4424 a
1225 4356 1401 4447 colloquio
1418 4382 1506 4430 cum

177 4464 242 4525 lleo
263 4463 342 4540 338
363 4457 482 4524 habito
506 4460 670 4547 (nilla),
697 4486 774 4529 cum
801 4464 887 4530 illud
903 4464 1012 4530 nimio
1027 4464 1210 4532 intervallo
1226 4488 1245 4530 a
1261 4470 1381 4531 nostro
1397 4490 1508 4537 versu

176 4571 366 4656 separetur,
383 4588 494 4655 neque
514 4566 686 4633 sufficiens
706 4579 870 4657 appareat
890 4573 977 4637 ratio
997 4571 1103 4638 nostri
1120 4595 1236 4638 versus
1257 4571 1302 4637 ad
1321 4571 1411 4640 illud
1426 4577 1507 4642 col·

175 4672 331 4762 loquium
347 4671 536 4752 referendi;
554 4695 624 4740 non
641 4701 656 4735 a
673 4676 822 4764 perrexit
843 4677 878 4742 in
903 4683 1025 4767 coepto
1047 4700 1201 4745 sermone
1225 4708 1240 4740 u
1260 4678 1421 4770 (biolo),
1440 4705 1508 4752 nc-
