3366 5346
222 283 281 339 331
673 294 904 341 contaminarat
927 294 1079 339 sannaus.

222 437 287 497 tus
308 433 422 518 Neque
448 430 571 495 desunt
592 428 730 507 indicia,
756 427 799 493 ad
820 434 1007 494 ostrearum
1028 429 1116 493 vitae
1140 432 1271 515 Moysen
1287 427 1329 494 de
1347 427 1438 494 tribu
1456 426 1538 493 Levi

220 537 378 616 sensisse,
402 536 452 602 uti
476 541 555 602 ante
575 540 738 601 senserat.
771 539 870 600 lium.
898 541 937 599 31
967 534 1030 622 (CN
1050 557 1082 622 p.
1112 534 1190 622 3i9)
1212 540 1281 600 tam
1298 532 1538 600 sacerdotibus

222 666 325 733 quam
348 643 459 708 levitis
480 648 613 732 partem
635 641 783 731 praedae
803 640 945 706 attribui
959 639 1056 706 iubet
1071 640 1190 707 eadem
1210 641 1281 707 fere
1296 641 1533 730 proportione,

222 772 289 838 qua
304 749 409 814 iidem
431 748 579 815 decimas
602 747 801 813 dividebant
820 746 911 813 inter
930 769 976 814 se.
997 751 1095 813 Num.
1118 754 1228 827 3511,
1247 770 1335 836 quae
1351 752 1451 813 antea
1470 770 1536 836 pro

220 857 462 922 sustentatione
483 855 699 921 sacerdotum
720 859 752 919 et
770 853 953 919 levitarum
976 859 1149 932 sanxerat,
1168 854 1319 942 complet
1339 853 1472 933 iubens,
1498 859 1537 918 ut

220 961 288 1027 illis
306 961 343 1026 in
365 967 457 1027 terra
481 963 649 1051 promissa
673 966 784 1026 certae
808 959 903 1025 sedes
922 964 956 1025 et
976 981 1102 1048 pascua
1125 961 1351 1045 assignentur.
1371 959 1443 1026 lud.
1462 966 1533 1039 27.

224 1075 260 1134 11
284 1090 359 1156 sqq.
383 1067 558 1151 docemur,
576 1067 733 1134 instituta
754 1067 901 1133 mosaica
927 1065 1019 1131 sarta
1042 1071 1131 1132 tecta
1153 1065 1313 1132 mansisse
1333 1087 1440 1155 usque
1456 1072 1536 1155 post

222 1175 355 1240 obitum
369 1179 462 1240 losue
482 1179 516 1239 et
533 1173 706 1240 seniorum
730 1172 802 1239 eius
819 1173 1017 1260 aequalium
1037 1172 1251 1239 :obtinuerit
1273 1173 1381 1258 igitur
1397 1172 1470 1250 illa,
1490 1171 1536 1238 de

223 1304 291 1370 qua
307 1281 459 1367 agimus,
477 1280 676 1369 depravatio
691 1302 772 1345 cero
795 1278 965 1360 indicum,
991 1278 1201 1368 temporibus
1221 1278 1293 1344 illis
1314 1278 1537 1367 perturbatis·

222 1387 327 1469 simis,
346 1387 472 1476 quibus
491 1388 527 1452 in
554 1409 589 1452 re
611 1408 709 1452 sacra
727 1414 742 1445 u
763 1383 910 1452 iaciebat
932 1385 1077 1474 quisque
1101 1383 1193 1472 quod
1207 1384 1271 1451 sibi
1292 1391 1422 1451 rectum
1437 1385 1534 1451 vide-

221 1493 324 1560 batur
344 1522 359 1554 »
378 1494 487 1581 (licut.
508 1494 612 1579 lab).

266 1584 544 1688 Proponebamus
570 1604 670 1664 antea
696 1597 847 1664 rationes
875 1597 975 1672 duas,
1001 1597 1046 1663 ob
1069 1619 1154 1686 quas
1178 1597 1334 1665 iudicum
1355 1620 1440 1665 aevo
1455 1598 1534 1686 plu-

221 1705 345 1772 rimum
373 1703 531 1771 debuerit
551 1704 714 1771 confundi
739 1703 970 1792 primitiarum
998 1703 1263 1792 pendendarum
1281 1703 1459 1790 obligatio,
1479 1704 1533 1769 in-

220 1817 348 1878 certam
383 1810 558 1899 publicam
599 1811 837 1877 auctoritatem
867 1832 956 1898 quae
994 1809 1071 1875 illas
1106 1809 1269 1896 exigeret,
1306 1809 1533 1876 miserrimam

218 1923 412 2006 temporum
430 1916 662 1983 conditionem
688 1939 776 2005 quae
798 1916 875 1983 illas
896 1938 997 2006 saepo
1021 1915 1180 1982 redderet
1199 1915 1450 2005 propemodum
1469 1916 1534 1981 im-

218 2022 408 2112 possibiles.
427 2024 505 2101 alia,
523 2046 615 2091 nune
631 2023 845 2105 subiicimus,
868 2046 955 2112 quae
973 2029 1079 2089 totam
1091 2044 1205 2090 rerum
1221 2044 1395 2089 sacrarum
1412 2023 1535 2111 depra-

220 2131 404 2211 vationem,
422 2130 534 2219 qualis
548 2135 644 2198 Dent.
668 2136 709 2195 12
729 2137 763 2196 et
781 2130 1048 2197 massaritiam
1068 2129 1250 2218 explicant.
1268 2129 1391 2215 Agitur
1406 2132 1534 2218 quippe

220 2235 262 2301 de
282 2235 390 2323 furtis
410 2236 631 2324 explicandis,
663 2258 751 2324 quae
769 2241 878 2301 textus
906 2235 1048 2300 indubie
1064 2235 1186 2316 habet,
1214 2257 1373 2324 quaeque
1399 2236 1470 2301 sive
1493 2256 1535 2301 ex

220 2341 296 2407 aliis
315 2342 410 2406 111111
439 2341 474 2406 11
501 2364 527 2407 s.
552 2347 645 2406 textu
666 2340 829 2420 narratis,
854 2342 924 2407 sive
948 2364 966 2406 e
987 2349 1182 2431 temporum
1209 2342 1348 2408 illorum
1378 2341 1534 2427 generali

220 2445 336 2512 indole
356 2447 536 2536 interpreti
556 2453 634 2514 sunt
653 2447 869 2513 elucidanda.

266 2553 298 2642 1)
316 2558 378 2619 los.
394 2559 496 2635 a1,39
513 2553 676 2621 iubentur
690 2553 769 2619 filiis
784 2553 862 2620 Levi
878 2554 914 2619 in
930 2560 972 2621 18
985 2554 1127 2621 urbibus
1142 2553 1283 2620 attribui
1297 2553 1393 2620 sedes
1407 2558 1441 2618 et
1456 2575 1534 2642 pas-

219 2680 282 2727 cua
298 2680 305 2727 :
321 2665 463 2726 erantne
479 2683 540 2728 eae
554 2659 733 2727 urbesiam
743 2669 817 2741 tum
829 2682 947 2727 omnes
958 2660 993 2726 in
1007 2659 1237 2727 llebraeorum
1250 2663 1533 2748 potestatelnum

216 2764 352 2852 integro
375 2765 530 2833 iudicum
556 2789 640 2833 aevo
662 2766 700 2832 in
725 2767 956 2834 Hebraeorum
982 2772 1145 2856 potestate
1167 2788 1402 2855 permansere,
1419 2788 1533 2855 neque

216 2871 329 2939 verius
351 2871 539 2939 identidem
562 2873 607 2939 ab
623 2872 781 2940 hostibus
796 2872 1033 2962 capiebantur,
1052 2873 1325 2963 diripiebantur?
1343 2873 1376 2940 si
1389 2873 1473 2954 hoc,
1489 2894 1532 2939 111

215 2977 282 3044 tibi
295 3000 479 3043 numerum
495 2978 688 3045 Levitarum
703 3001 870 3065 vagorum
892 2984 926 3044 11
940 2979 1151 3066 indigorum.

263 3082 296 3171 2)
314 3083 455 3150 Gravius
475 3084 608 3173 reliquo
627 3085 750 3173 populo
773 3084 1014 3152 afficiebantur
1034 3086 1184 3152 hostium
1201 3084 1453 3152 incursionibus
1471 3089 1530 3152 Le-

217 3189 305 3254 vitae
329 3209 336 3254 :
360 3189 410 3254 illi
437 3195 567 3275 segetes
589 3190 811 3270 amittebant,
827 3211 930 3277 agros
952 3191 1146 3258 retinebant
1168 3192 1362 3259 suturarum
1376 3196 1532 3278 segetum

217 3317 330 3384 spem;
354 3295 406 3362 his
427 3318 505 3362 oum
526 3296 708 3385 pecoribus
733 3296 976 3363 adimebantur
999 3301 1032 3364 et
1050 3305 1244 3387 praesentes
1262 3320 1344 3386 opes
1368 3304 1401 3364 11
1424 3319 1530 3386 opum

219 3403 535 3491 recuperandarum
551 3394 706 3471 ¹facultas

263 3508 296 3597 3)
318 3509 468 3591 Sichem‚
485 3509 623 3577 urbium
646 3531 714 3576 una
733 3532 821 3598 (quae
842 3508 1004 3577 Caathitis
1016 3510 1112 3577 sedes
1130 3515 1164 3576 11
1178 3532 1304 3599 pascua
1320 3514 1418 3578 erant
1432 3509 1530 3577 attri-

217 3614 379 3695 buturae,
405 3615 478 3683 lud.
508 3622 563 3698 9,1
586 3615 738 3683 habebat
763 3616 881 3683 sanum
904 3615 1101 3683 Baalberith
1129 3637 1136 3682 :
1160 3622 1323 3706 putasne,
1348 3639 1416 3706 quo
1441 3623 1530 3682 tcm-

216 3741 301 3808 pore
314 3720 529 3801 Siohemitae,
549 3743 657 3807 genus
671 3721 850 3788 hominum
871 3721 956 3788 rude
980 3727 1013 3788 et
1032 3723 1234 3807 violentum,
1254 3723 1413 3790 colebant
1432 3721 1528 3806 Baal,

216 3847 273 3892 111
292 3825 460 3893 1111111111
480 3827 583 3894 fuisse
603 3830 795 3895 Levitarum
818 3829 909 3895 intra
933 3850 1012 3895 suos
1033 3828 1116 3896 fines
1136 3829 1233 3896 iura?
1249 3829 1344 3907 Quod
1363 3851 1444 3895 vero
1466 3829 1530 3895 ali-

215 3933 354 4022 quando
367 3934 496 4001 facturn
516 3941 565 4001 est
581 3935 749 4014 sichimis,
776 3935 810 4000 id
834 3956 900 4001 non
927 3935 1116 4024 aliquando
1131 3936 1213 4005 item
1234 3937 1386 4002 evenerit
1403 3935 1439 4001 in
1462 3934 1531 4002 alia

213 4039 363 4128 aliquae
384 4046 425 4107 18
450 4040 519 4107 11111
534 4041 700 4108 urbibus?
714 4045 763 4106 En
786 4040 849 4106 tihi
870 4063 1005 4108 rursum
1023 4043 1162 4109 turbam
1188 4043 1381 4108 levitarum
1402 4063 1530 4128 egeno-

212 4165 306 4224 rum,
332 4168 392 4234 per
415 4152 522 4213 totam
549 4149 679 4213 circum
704 4147 882 4232 regionem
908 4147 1006 4214 sedes
1031 4153 1064 4214 et
1088 4148 1251 4215 alimenta
1276 4148 1528 4237 quaerentium.

260 4253 290 4337 11)
311 4251 373 4316 Ubi
390 4252 461 4318 sive
481 4253 525 4319 ob
547 4252 696 4320 hostium
718 4252 931 4320 incursiones
949 4253 1018 4321 sive
1039 4255 1084 4320 ob
1106 4254 1233 4321 civium
1253 4253 1529 4343 superstitionem

218 4357 352 4423 Levitae
377 4357 412 4423 in
433 4358 588 4447 aliquae
610 4366 651 4427 18
675 4358 819 4427 urbibus
843 4359 912 4426 suis
936 4360 1150 4449 aliquamdiu
1173 4360 1308 4426 iuribus
1328 4359 1527 4440 caruissent,

218 4467 361 4554 putasne
384 4464 549 4532 restitutis
567 4465 616 4533 ib.
640 4466 744 4533 rebus
769 4464 819 4533 nil
840 4466 1013 4555 antiquius
1034 4466 1194 4534 habuisse
1212 4466 1319 4547 11111,
1345 4489 1447 4556 quam
1468 4470 1529 4532 Lc-

216 4569 365 4638 vitarum
392 4571 490 4638 sedes
518 4576 552 4638 et
576 4594 704 4664 pascua
728 4573 927 4638 restituere?
951 4572 1095 4640 Facilius
1118 4572 1325 4640 crediderim
1347 4572 1403 4639 vel
1426 4573 1461 4637 in
1485 4571 1529 4638 iis

217 4677 373 4763 urbibus
395 4701 482 4768 quas
494 4702 606 4771 neque
619 4678 764 4748 bellicae
782 4685 913 4767 strages
927 4701 1038 4770 neque
1051 4679 1309 4769 superstitiones
1328 4677 1527 4770 prostravis-
