3366 5346
718 305 808 349 usur.
834 290 883 361 i,6
905 305 967 357 seo.

584 506 815 557 Paraenassos
834 503 1104 556 commentarius.

435 681 456 727 1.
473 679 712 729 rsaiuursuos
729 679 815 726 raas
830 677 1015 726 meremus
1031 677 1129 726 naun
1145 679 1254 738 nesae.

423 884 454 943 1.
481 876 653 966 Profectio
678 874 720 941 de
743 885 857 941 merite
880 873 983 941 Sinai
1006 878 1106 941 Dent.
1135 879 1261 954 1‚o-18.

229 1049 314 1136 Arq.
339 1084 382 1095 -
406 1050 479 1136 lpse
501 1044 601 1111 Iotae
624 1043 784 1111 Hebraeis
805 1048 925 1111 auctor
946 1042 1023 1124 suit,
1049 1047 1086 1108 ut
1109 1064 1129 1110 a
1152 1045 1268 1110 monte
1290 1041 1384 1108 Sinai
1412 1045 1506 1108 reeta

187 1158 373 1243 pergerent
382 1152 419 1219 in
434 1157 561 1218 terram
576 1149 797 1241 promissam,
811 1173 914 1240 quam
930 1149 964 1216 vi
977 1147 1087 1216 divini
1101 1147 1286 1216 iuramenti
1300 1146 1505 1238 patriarchis

186 1260 267 1326 facti
288 1259 388 1326 facile
408 1264 518 1325 essent
538 1256 722 1351 possessuri
742 1258 786 1325 ab
800 1258 975 1347 Euphrate
990 1254 1035 1322 ad
1051 1259 1257 1345 Aegyptum.
1275 1257 1409 1344 Moyses
1423 1275 1504 1320 vero

187 1387 314 1433 nense
337 1365 492 1432 exhibuit
514 1362 706 1451 tyrannidis
730 1364 911 1453 cupidum,
935 1362 994 1430 sed
1017 1360 1090 1452 ipse
1114 1362 1243 1452 populo
1267 1362 1426 1428 universo
1450 1382 1504 1427 as·

188 1472 353 1539 sentiente
369 1472 551 1558 suggessit,
571 1476 608 1537 ut
623 1492 721 1537 suam
738 1469 813 1559 ipse
832 1474 1034 1560 potestatem
1050 1468 1221 1535 divideret
1236 1489 1314 1535 eum
1332 1466 1504 1535 iudicibus

188 1601 206 1644 e
227 1599 371 1644 numere
391 1577 586 1667 principum
610 1598 685 1643 ase
703 1575 907 1663 deligendis.
929 1575 1057 1656 Quibus
1076 1573 1299 1665 aequissimas
1317 1572 1422 1640 efficii
1443 1594 1504 1660 ge-

188 1683 285 1750 rendi
308 1683 444 1769 regulas
466 1681 538 1772 ipse
560 1681 792 1773 praescripsit.
819 1687 1069 1770 Argumentum
1092 1703 1173 1748 vero
1195 1680 1240 1748 ad
1265 1679 1502 1747 demonstran-

185 1789 265 1856 dam
287 1789 405 1877 Moysis
423 1788 655 1876 integritatem
675 1795 770 1857 tanto
792 1795 843 1857 est
862 1789 1051 1872 efficacius,
1075 1787 1168 1877 quod
1188 1788 1217 1854 is
1236 1792 1292 1854 Ex.
1318 1792 1358 1854 18
1380 1784 1504 1873 egisset

184 1917 254 1962 non
270 1895 500 1985 praecipiente
516 1896 629 1976 Iahve,
644 1895 704 1963 sed
719 1895 883 1963 suadente
900 1897 1071 1962 tethrone.

229 2006 301 2075 Non
321 2023 374 2084 ea,
396 2023 485 2090 quae
505 2000 544 2069 in
563 2007 678 2069 monte
694 2001 788 2069 Sinai
809 2007 887 2068 aeta
903 2002 1050 2083 tuerent,
1072 2001 1195 2089 repetit
1214 2005 1341 2083 orator,
1362 1999 1502 2065 tortasse

184 2107 261 2175 ideo
277 2106 381 2175 etiam
397 2129 439 2174 ne
455 2130 475 2174 a
491 2108 608 2174 limine
621 2108 822 2175 memoriam
838 2109 1013 2174 resuscitet
1027 2105 1151 2192 stragis
1164 2110 1221 2172 En.
1238 2112 1282 2172 32
1301 2105 1498 2173 turbarum-

184 2235 250 2302 que
266 2235 342 2281 eam
358 2221 618 2281 consecutorum
638 2232 646 2280 :
666 2213 725 2280 sed
744 2213 980 2281 narrationem
1003 2212 1138 2281 orditur
1159 2234 1179 2278 a
1199 2210 1317 2279 divino
1338 2209 1501 2277 mandato

185 2318 368 2386 recedendi
385 2318 430 2385 ab
450 2342 489 2386 eo
505 2325 619 2386 mente
635 2325 668 2386 et
685 2325 814 2387 terram
831 2319 1034 2410 promissam
1049 2317 1199 2408 petendi.
1218 2341 1248 2385 v.
1265 2324 1284 2385 6
1303 2347 1318 2379 (ι
1336 2316 1501 2384 Dominus

185 2428 273 2493 Dens
288 2438 400 2492 noster
422 2454 452 2507 »‚
470 2431 557 2493 [teus
575 2448 647 2493 non
666 2427 785 2514 Moysis
801 2426 925 2510 solum,
949 2425 1011 2493 sed
1029 2424 1221 2519 eommunis
1242 2424 1348 2493 tetius
1367 2424 1499 2515 popuii,

187 2558 203 2593 «
228 2531 359 2599 territas
379 2545 427 2600 est
450 2530 497 2599 ad
515 2555 576 2598 nos
595 2531 633 2598 in
650 2534 759 2600 Horeb
780 2531 896 2599 dicens
920 2561 935 2594 »
957 2553 1029 2600 :-
1048 2531 1250 2599 mandatum
1276 2529 1462 2598 recedendi
1482 2552 1502 2597 e

185 2643 300 2705 monte
316 2661 387 2707 non
402 2637 549 2706 habetur
561 2638 720 2729 explicite
732 2639 769 2706 in
782 2644 895 2722 Num,
910 2638 970 2706 sed
984 2637 1177 2705 continetur
1188 2637 1225 2704 in
1238 2637 1395 2723 generati
1407 2636 1501 2703 axio-

184 2751 275 2811 mate
287 2749 385 2812 Num.
398 2749 490 2827 933,
503 2743 642 2813 nonnisi
655 2746 755 2812 iahve
768 2745 909 2812 iubente
921 2744 1093 2812 Hebraeos
1102 2744 1247 2811 statione
1260 2743 1378 2832 aliqua
1388 2764 1500 2809 exces-

183 2851 280 2934 sisse;
298 2852 341 2918 ct.
362 2859 437 2937 10,1
455 2874 532 2942 sqq.
549 2891 593 2902 -
610 2879 626 2913 α
643 2851 785 2942 Sufficit
800 2851 894 2918 vobis
909 2879 924 2911 a
944 2852 1000 2941 (ci.
1015 2852 1100 2938 2,3),
1120 2877 1136 2912 ε(
1154 2849 1249 2941 quod
1261 2850 1297 2915 in
1309 2849 1372 2915 hoc
1387 2861 1500 2917 monte

183 2957 358 3024 recusastis
376 2986 405 3024 s.
423 2961 514 3026 LXX
530 2968 691 3027 ἱκανούσθω
709 2981 716 3024 :
737 2965 788 3027 sat
803 2957 863 3025 diu
878 2959 936 3026 hic
955 2956 1160 3044 substitistis.
1177 2955 1396 3047 Loquebatur
1415 2960 1501 3024 Deus
1525 3037 1526 3040 Ἴ

183 3064 227 3131 ad
248 3066 414 3155 populum
432 3088 496 3155 per
517 3070 667 3153 heysem
690 3065 745 3132 hic
762 3065 968 3148 inculcetur,
988 3069 1092 3132 Deum
1116 3063 1271 3132 loeutum
1292 3086 1362 3131 esse
1381 3062 1425 3130 ad
1442 3085 1499 3153 po·

182 3171 319 3260 pulum;
340 3176 473 3239 tacetur
491 3172 644 3240 locutum
667 3193 737 3239 esse
758 3171 907 3239 mediate
923 3158 1070 3240 tantum.
1089 3192 1121 3236 v.
1144 3177 1164 3237 *i
1187 3199 1205 3233 a
1225 3169 1450 3238 Revertimini
1468 3183 1500 3236 ct

181 3277 293 3347 vertite
320 3307 336 3338 υ
358 3318 403 3329 -
423 3263 525 3345 Hctr.
549 3298 562 3344 .·
583 3279 692 3368 capite,
715 3292 845 3346 movete
871 3292 984 3346 castra
1009 3291 1041 3346 et
1063 3279 1129 3363 ite;
1150 3276 1271 3344 eadem
1297 3278 1369 3344 fere
1394 3276 1500 3344 verba

183 3383 287 3475 (Dr),
312 3384 438 3474 quibus
461 3389 560 3454 Num.
587 3390 687 3470 ¹fh25
709 3385 921 3454 iubebantur
943 3384 1088 3452 Hebraei
1112 3383 1271 3451 recedere
1296 3382 1339 3450 de
1364 3383 1499 3450 deserto

182 3491 318 3557 Pharan
339 3513 453 3559 versus
472 3497 559 3559 itare
578 3493 674 3582 Suph
695 3530 738 3543 -
756 3492 772 3554 i<
793 3493 841 3559 art
859 3504 1008 3560 montem
1030 3489 1317 3558 Amorrhaeorum
1335 3489 1433 3556 etad
1450 3511 1500 3556 ee-

183 3607 267 3675 tere,
286 3619 375 3685 quae
394 3598 427 3664 ei
440 3599 603 3688 proxima
618 3612 707 3686 sant,
731 3599 936 3689 earnpestrr'a
956 3610 1059 3688 atque
1078 3609 1241 3663 montana
1257 3607 1290 3663 et
1308 3594 1497 3663 humiliora

183 3701 256 3768 loce
272 3714 391 3769 contra
404 3705 596 3786 rrrerirlient,
612 3719 645 3773 et
660 3706 759 3774 iuxta
777 3707 791 3772 l
799 3706 860 3772 'tus
880 3706 997 3792 naaria,
1019 3718 1145 3772 terram
1168 3702 1451 3771 chananaeorum
1467 3717 1498 3771 et

182 3808 305 3875 Libani
321 3831 427 3899 ctsqrte
445 3811 493 3878 ad
509 3813 641 3901 sternten
660 3813 827 3903 rrrcqn'ant
846 3812 1049 3902 Euphraten
1072 3840 1101 3878 a.
1119 3834 1152 3878 v.
1174 3816 1194 3878 8
1218 3839 1234 3872 «
1256 3813 1321 3895 En,
1341 3810 1497 3898 hirquini

180 3915 314 3982 tradidi
332 3917 423 3982 vobis
443 3939 457 3982 .·
477 3917 699 4007 ingredimini
718 3933 749 3987 et
767 3919 937 4010 possidete
957 3941 1047 3999 eant,
1068 3940 1171 4008 super
1191 3941 1261 4009 qao
1281 3917 1411 3984 iuravit
1430 3921 1495 3984 Do-

180 4023 293 4089 minus
309 4023 467 4113 patribus
487 4026 605 4092 vestris
624 4026 815 4110 Abraham,
837 4028 932 4093 Isaac
956 4039 988 4093 et
1010 4027 1125 4108 Iacob,
1146 4037 1184 4091 ut
1209 4022 1308 4091 deret
1328 4022 1428 4092 illam
1449 4025 1498 4093 eis

180 4142 211 4195 ct
226 4129 350 4196 sentiret
367 4154 484 4198 eorum
498 4146 576 4223 post
595 4155 650 4200 eos
671 4162 700 4200 a.
720 4138 881 4224 Imperat.
898 4133 988 4221 sing.
1007 4149 1069 4197 nai
1086 4134 1195 4200 iaetus
1208 4138 1257 4200 est
1272 4131 1378 4199 veluti
1392 4132 1498 4200 inter·

180 4236 279 4303 ieetio
300 4265 342 4300 =
358 4254 417 4301 ain
430 4237 551 4327 (Keil),
576 4239 828 4330 adhibeturque
853 4240 955 4307 etiam
976 4238 1116 4331 quande
1133 4239 1178 4305 ad
1198 4238 1315 4328 plures
1335 4238 1496 4327 dirigitur

181 4365 294 4410 sermo
316 4368 324 4412 τ
344 4346 388 4411 ef.
412 4350 485 4426 e,5;
508 4352 619 4427 1136.

217 4533 375 4585 Secundum
396 4539 632 4589 constructionem
656 4539 805 4590 hebraeam
826 4539 958 4590 videntur
972 4553 998 4587 v.
1017 4538 1032 4588 7
1048 4539 1189 4589 numerari
1212 4543 1269 4588 tres
1284 4538 1408 4599 regionis
1429 4547 1495 4597 par·

95 4615 97 4618 ’
179 4625 243 4671 tes:
259 4628 570 4676 monrimorrhoeoram
586 4625 629 4693 (et.
653 4641 682 4677 ν.
707 4629 736 4678 19
752 4641 794 4691 sq.
822 4628 868 4688 tt;
886 4627 922 4678 ct.
946 4629 1029 4678 Num.
1050 4626 1206 4691 13.³0[29])‚
1224 4634 1299 4676 terro
1318 4626 1494 4674 cttananoeo-

180 4725 240 4759 runa
260 4718 288 4762 ct
306 4713 427 4764 tibanon
444 4730 525 4779 usqae
545 4717 712 4781 Euphraten.
735 4717 816 4768 Certe
837 4717 933 4767 Easor.
952 4732 968 4767 a
987 4717 1182 4782 praecentibus
1199 4713 1376 4776 distinguunt
1396 4718 1494 4759 terram
