3366 5346
190 279 249 336 31ἱῦ
640 288 868 334 cocrscxxxacu
890 287 1050 332 suranus.

190 426 371 515 positivam
392 447 508 490 unam.
529 428 611 490 Cum
629 421 883 489 conditionibus
904 421 970 486 illis
983 420 1153 508 negativis
1168 421 1211 486 ci.
1228 420 1356 509 prarin
1371 420 1506 508 (narn,

190 533 309 599 eadem
326 555 389 597 vox
404 537 506 620 atque
519 536 614 597 Dent.
633 530 737 616 18,3),
755 549 859 617 quam
878 534 891 592 1
908 531 1082 613 Reg.8,1t
1098 549 1173 616 sqq.
1192 525 1354 594 describit
1366 524 1509 592 Samuel

191 640 340 706 suturam
367 660 437 703 esse
451 649 579 722 'regum
594 648 737 715 corum,
762 635 822 725 qui
848 635 938 700 hauc
960 633 1074 719 legem
1095 632 1285 719 neglecturi
1304 633 1384 698 siut.
1407 656 1439 696 v.
1467 640 1507 700 16

192 774 207 804 «
236 748 401 832 lCrunqne
420 743 526 832 [uerit
547 742 777 827 corcslitutusl,
803 763 873 806 rcere
895 738 1142 830 multiplicabit
1163 738 1230 805 sibi
1247 762 1349 829 eqrros
1374 768 1405 806 u.
1432 743 1508 806 Non

190 851 419 940 probibentur
449 871 568 916 currus
601 855 633 916 et
656 850 827 937 equitatus
856 847 901 912 ad
935 847 1032 933 regni
1063 845 1297 912 defensionem
1321 845 1507 913 necessarii

190 956 351 1044 (Bonsrl,
368 955 456 1021 sicut
470 977 582 1044 neque
599 954 829 1044 prohibentur
844 977 876 1018 v.
897 959 937 1018 17
954 974 1084 1033 uxores,
1106 952 1166 1018 sed
1182 973 1336 1019 excessus
1349 958 1384 1019 et
1396 953 1507 1020 fastus

189 1062 429 1152 prohibentur.
458 1062 606 1148 Longius
624 1082 821 1150 progressus
847 1063 903 1125 Ps.
929 1060 1001 1124 Ion.
1030 1057 1105 1146 regi
1133 1058 1218 1125 duos
1244 1064 1378 1125 tautum
1397 1081 1507 1147 equos

189 1168 355 1236 concedit.
374 1173 447 1234 Non
470 1167 699 1257 prohibentur
717 1167 796 1255 equi
814 1165 893 1232 ideo
914 1166 1025 1233 solum
1050 1164 1170 1255 (cai),
1192 1188 1235 1232 ne
1254 1168 1505 1232 commercium

190 1297 267 1343 cum
284 1279 438 1364 Aegypto
462 1273 660 1357 haberetur,
680 1295 758 1340 cum
781 1273 861 1361 equi
883 1295 921 1338 ex
945 1271 1023 1338 aliis
1044 1273 1126 1340 item
1146 1272 1345 1359 regionibus
1362 1266 1506 1362 compa·

191 1386 350 1448 rarentur
372 1381 419 1469 (v.
445 1380 500 1469 s).
523 1380 640 1447 Verius
661 1379 709 1446 ait
727 1377 849 1464 Calua,
879 1379 944 1445 hac
959 1379 1036 1465 lege
1052 1377 1182 1445 retrahi
1197 1401 1315 1465 regem
1331 1401 1351 1444 a
1367 1378 1505 1465 longin-

190 1488 266 1576 quis
281 1486 565 1576 expeditionibus,
581 1508 670 1577 quae
685 1486 802 1571 legum
817 1484 929 1553 studio
943 1485 1111 1551 obessent.
1131 1514 1146 1546 «
1164 1487 1233 1552 Nec
1249 1483 1387 1551 reducet
1392 1507 1506 1574 popu-

190 1593 261 1659 lura
284 1594 320 1658 iu
345 1595 538 1682 Aeqyptum
559 1621 588 1658 ».
615 1597 688 1658 Non
707 1592 825 1678 agitur
850 1591 892 1657 de
917 1590 1141 1680 prohibendis
1167 1590 1426 1671 mercatoribus,
1459 1614 1504 1658 ne

188 1705 382 1789 Aegyptum
398 1705 517 1788 petant
535 1697 579 1765 ad
602 1698 804 1765 coemendos
828 1719 931 1786 equos
949 1696 1054 1783 (Coi.)
1075 1719 1082 1764 :
1108 1704 1315 1764 mercatores
1332 1681 1401 1765 noxi
1420 1704 1504 1764 sunt

183 1807 348 1896 populna,
374 1827 486 1893 neque
512 1804 620 1871 alium
639 1825 775 1871 sensum
799 1802 905 1870 verba
929 1802 1116 1869 admittunt
1142 1810 1280 1893 praeter
1301 1806 1404 1885 hunc,
1427 1824 1502 1870 non

189 1935 258 1979 csse
273 1911 506 1979 reducendum
516 1909 553 1977 in
566 1916 760 2000 Aegyptum
775 1909 956 1999 populum,
973 1931 1076 1999 quem
1092 1914 1221 1996 Moyses
1237 1911 1316 1977 inde
1331 1908 1500 1977 eduxerit.

191 2024 292 2085 Porro
312 2019 398 2084 haec
414 2017 603 2108 prohibitio
624 2015 727 2084 scribi
746 2039 817 2083 non
832 2015 943 2105 potuit
958 2021 1033 2105 post
1051 2015 1247 2083 institutum
1260 2037 1420 2101 regnum.
1440 2020 1504 2083 Rc-

188 2146 272 2210 gum
292 2124 408 2190 nullus
423 2123 586 2210 cogitavit
598 2145 710 2212 neque
725 2125 877 2208 cogitare
892 2121 1004 2211 potuit
1019 2121 1061 2188 de
1076 2120 1228 2211 palatiis,
1243 2121 1372 2203 fundis,
1388 2127 1503 2188 aucto·

190 2230 288 2295 ritate
306 2229 515 2309 abdicanda;
538 2250 651 2318 neque
670 2229 819 2318 populus
845 2227 912 2294 tale
934 2227 1020 2317 quid
1039 2227 1270 2306 desiderabat,
1297 2228 1505 2318 pugnabant

189 2356 253 2423 pro
267 2336 336 2401 aris
352 2340 385 2400 et
400 2335 493 2402 sucis.
511 2339 624 2422 Neque
639 2333 793 2399 iudicum
809 2354 893 2399 aevo
908 2332 1117 2399 desiderium
1133 2333 1281 2423 Aegypti
1293 2335 1503 2424 repetendae

188 2439 321 2508 animos
337 2439 538 2528 occupabat.
555 2438 656 2506 Cuius
669 2439 719 2504 rei
730 2438 861 2505 nullum
875 2439 1012 2530 penitus
1024 2439 1062 2507 in
1074 2439 1178 2506 sacris
1192 2440 1340 2506 historiis
1355 2441 1505 2510 hahetur

189 2545 382 2633 vestigium.
400 2550 491 2612 Aevo
506 2546 658 2612 iudicum
672 2545 825 2613 familiae
843 2544 998 2632 singulae
1015 2568 1113 2613 suam
1128 2551 1248 2613 nactae
1263 2552 1362 2614 erant
1371 2569 1504 2636 posses-

188 2651 328 2735 sionem,
347 2674 457 2742 neque
471 2658 542 2720 tam
558 2651 656 2718 iacile
669 2674 876 2719 consuevere
889 2653 1045 2719 nationes
1057 2652 1213 2739 integrae
1227 2675 1325 2720 suam
1340 2653 1504 2722 abdicare

192 2758 448 2850 possessionem,
469 2756 602 2825 etiamsi
622 2758 658 2824 in
682 2757 742 2844 illa
762 2757 878 2825 mullis
896 2764 1100 2848 premantur
1120 2758 1277 2842 miseriis,
1294 2759 1355 2826 sed
1369 2767 1505 2828 retenta

187 2864 394 2955 possessione
410 2864 522 2932 media
537 2865 721 2953 requirunt
735 2864 807 2930 eius
820 2863 992 2930 efficacius
1006 2864 1252 2954 protegendae.
1269 2866 1402 2956 Optime
1422 2889 1503 2932 vero

154 2985 163 3003 ·
187 2972 393 3057 intelligitur
407 2992 447 3037 ea
466 2971 654 3060 prohibitio
670 2992 710 3035 ex
724 2992 781 3036 ore
794 2970 913 3058 Moysis
928 2992 999 3037 esse
1012 2971 1177 3059 prolecta.
1195 2977 1266 3050 Quo
1278 2972 1362 3039 duce
1376 2972 1502 3038 iterato

188 3077 335 3165 populus
358 3078 525 3165 protessus
553 3080 626 3141 erat
659 3075 865 3164 repetendae
901 3076 1048 3166 Aegypti
1081 3078 1297 3145 voluntatem
1328 3097 1336 3145 :
1362 3083 1503 3169 praeter

188 3181 291 3248 Exodi
307 3187 416 3248 textus
434 3181 477 3248 01.
494 3183 590 3248 Num.
611 3187 645 3246 11
656 3188 706 3262 ,5;
726 3189 803 3262 tta
818 3204 870 3270 sq.
893 3186 971 3248 Erat
983 3182 1092 3268 igitur
1105 3206 1246 3274 prorsus
1260 3208 1279 3251 e
1294 3207 1344 3266 re,
1362 3189 1400 3251 ut
1414 3190 1502 3273 Moy·

187 3309 450 3377 sessupremum
463 3287 665 3354 solemniter
681 3291 926 3354 contestaretur
943 3288 1110 3378 populum
1127 3312 1315 3381 regemque
1330 3291 1499 3372 futurum,

187 3416 230 3461 ne
248 3394 452 3484 repetendae
471 3393 620 3483 Aegypti
635 3394 816 3463 consilium
835 3394 974 3462 inirent.

232 3501 423 3568 inculcatur
442 3523 547 3591 porro
565 3500 755 3590 prohibitio
771 3524 839 3568 non
861 3501 1067 3590 repetendae
1087 3504 1235 3592 Aegypti
1253 3503 1429 3594 appellato
1449 3502 1502 3569 di·
1540 3554 1544 3561 .

188 3609 268 3672 vino
285 3608 385 3673 aliato
406 3629 413 3674 :
435 3635 450 3667 «
468 3607 1020 3697 191110111111111101111110111,
1045 3598 1269 3699 [praesertim]
1293 3632 1369 3677 curn
1384 3609 1501 3676 Domi·

188 3735 252 3779 aru
265 3713 476 3802 praeceperit
487 3713 587 3796 cebir,
607 3726 644 3779 ut
657 3737 875 3804 neptraqraeam
887 3715 1038 3804 amplias
1050 3739 1113 3806 per
1124 3716 1268 3783 eandem
1282 3717 1375 3784 ciam
1390 3739 1501 3784 rever·

188 3818 313 3886 lamini
329 3847 360 3886 a.
375 3823 420 3884 Ne
440 3818 591 3886 redirent
610 3821 646 3887 in
662 3826 867 3910 Aegyptum,
885 3844 955 3889 non
970 3821 1055 3888 dixit
1070 3823 1211 3912 quidem
1226 3823 1368 3890 totidem
1388 3823 1502 3890 verbis

188 3932 284 4008 Deus,
301 3927 337 3993 in
353 3927 395 3993 iis
409 3931 499 3992 certe
520 3925 644 3992 divinis
666 3927 786 4009 effatis,
803 3950 892 4019 quae
912 3928 957 3994 ad
978 3950 1039 3997 nos
1053 3936 1285 4017 pervenerunt
1303 3951 1310 3998 :
1328 3935 1364 3996 at
1385 3951 1501 3997 nonne

110 4016 117 4032 ⁹
184 4032 221 4102 id
250 4032 400 4115 dicebat,
439 4032 572 4122 quoties
605 4032 672 4098 illis
706 4034 978 4101 Chanaanitidcn
1009 4035 1220 4102 attribuebat
1249 4035 1501 4108 haereditatem

186 4144 384 4226 perpetuam
399 4140 488 4204 ete?
509 4160 539 4205 v.
563 4145 603 4204 t'l
622 4166 637 4199 α
655 4142 732 4204 Non
746 4138 882 4206 lrabebit
898 4163 1020 4208 tenores
1027 4140 1213 4231 plurimae,
1230 4165 1319 4231 qaue
1338 4142 1501 4209 alliciant

185 4243 340 4309 animum
358 4244 439 4326 eius,
464 4267 572 4334 neque
597 4246 733 4332 aryerrli
753 4258 784 4311 et
806 4247 885 4312 artri
905 4247 1071 4315 immensu
1081 4249 1238 4338 pondera
1255 4277 1286 4316 1.
1308 4251 1411 4316 Hedr.
1432 4271 1501 4317 :ne

186 4347 332 4416 declinet
348 4370 405 4415 cor
419 4348 505 4430 eius,
521 4379 537 4412 «
557 4373 598 4416 uc
618 4350 786 4418 efficiatur
800 4353 945 4420 ¹mollior
961 4360 994 4421 et
1013 4354 1252 4436 effeminatior,
1270 4355 1314 4422 ob
1331 4356 1437 4445 idque
1452 4356 1499 4422 ad

186 4477 240 4521 res
253 4453 423 4541 gerendas
438 4455 550 4523 minus
565 4463 664 4548 aptus
679 4486 693 4516 a
713 4459 878 4547 (Borcsr.);
897 4460 975 4527 dein
992 4461 1052 4527 ubi
1066 4484 1188 4529 uxores
1203 4463 1331 4552 plures,
1349 4461 1399 4528 ibi
1417 4483 1500 4530 sane

184 4564 287 4629 eliam
300 4561 515 4649 alienigenae
535 4569 568 4630 ct
584 4564 775 4652 periculum
794 4566 1055 4655 superstitionis.

230 4666 339 4757 Igitur
353 4694 383 4737 v.
404 4676 445 4736 16
465 4692 516 4760 sq.
532 4671 752 4763 proferuntur
767 4676 915 4760 quatuor
929 4673 1115 4742 concinnae
1130 4674 1379 4764 prohibitiones
1401 4695 1408 4742 :
1429 4698 1498 4744 non
