3366 5346
189 290 249 352 432
745 299 841 344 sanae
863 296 960 342 rosus.

188 438 313 527 signat,
345 445 448 529 atque
471 460 545 529 cap.
577 443 657 504 5·ss
687 456 694 503 :
722 433 779 501 sed
804 453 920 501 nonne
944 429 1117 497 diversum
1147 436 1281 522 tempus
1302 436 1427 504 eadem
1455 462 1521 506 vox

187 545 407 633 significabat
432 547 468 613 in
490 543 648 611 formulis
674 539 1264 626 13,18(19);15,5.15clarisonae
1287 543 1389 610 Hebr.
1416 551 1438 612 3
1462 568 1516 636 sq.

189 652 273 720 actis
300 652 459 720 mosaicis
487 656 665 739 tamquam
686 648 748 716 uni
772 643 873 711 lodie
900 643 1043 735 opponit
1067 649 1099 711 S.
1126 646 1251 714 Paulus
1270 649 1351 715 novi
1365 650 1519 720 foederis

188 759 437 827 institutionem
456 764 634 847 tamquam
660 756 807 823 alterum
827 749 949 818 lodie?
978 755 1067 838 Ergo
1081 757 1176 821 Dent.
1201 760 1279 821 5-11
1301 754 1403 824 hodie
1424 758 1519 827 desi·

187 871 273 952 gnat
289 864 382 932 diem
407 863 556 932 restituti
576 884 639 953 per
665 867 801 948 Moysen
818 863 914 925 trans
935 857 1115 925 Iordanem
1144 859 1305 945 foederis,
1335 864 1514 955 13,1a(19)

187 977 253 1040 etc.
276 971 369 1039 diem
396 971 639 1062 promulgatae
661 992 681 1035 a
702 965 860 1035 Samuele
884 963 972 1052 logis
996 964 1107 1050 regni,
1130 970 1185 1048 26,
1220 973 1325 1035 16-18
1344 969 1438 1038 diem
1462 993 1518 1040 re·

186 1079 304 1147 novati
318 1101 381 1169 per
396 1083 517 1145 losuen
531 1074 682 1143 foederis
696 1075 769 1164 [los.
787 1071 958 1159 8,30-35).
1411 1097 1415 1106 ·

231 1184 266 1252 d.
295 1185 380 1262 Quia
410 1190 587 1273 tantopere
619 1179 845 1249 idiomatibus
866 1177 1026 1245 insistunt
1049 1176 1173 1262 critici,
1201 1179 1304 1248 liceat
1330 1186 1430 1252 Deut.
1454 1191 1512 1270 26,

188 1297 229 1358 17
245 1313 296 1381 sq.
319 1313 426 1359 unum
451 1290 687 1357 demonstrare
707 1286 850 1367 idioma,
876 1284 968 1375 quod
993 1306 1063 1351 non
1079 1307 1099 1350 a
1117 1284 1257 1376 reliquo.
1273 1292 1374 1358 Dent.
1398 1291 1515 1361 solum

185 1398 244 1466 sed
272 1421 294 1465 a
320 1404 390 1465 toto
414 1397 548 1487 reliquo
578 1400 615 1462 V.
643 1400 679 1462 T.
700 1393 830 1460 exsulat
855 1415 862 1461 :
886 1389 1001 1480 hiphil
1020 1389 1115 1458 verbi
1136 1392 1409 1483 frequentissimi
1427 1413 1512 1468 rnre.

186 1502 292 1594 idque
309 1505 475 1592 scriptum
495 1503 541 1570 ad
560 1499 824 1592 exprimendum
848 1495 968 1564 foedus
982 1495 1119 1582 initum,
1142 1520 1302 1588 quaeres
1321 1524 1420 1571 secus
1432 1505 1517 1572 aliis

187 1609 418 1678 usitatissimis
439 1608 720 1699 expressionibus
735 1604 946 1673 enuntiatur.

233 1723 264 1783 t.
284 1720 367 1783 Cum
389 1737 472 1802 ergo
497 1720 659 1796 16,16-19
684 1709 1368 1800 nonvideaturimmediateiungendum
1391 1737 1514 1807 neque

186 1843 265 1913 cum
287 1828 387 1903 11,32
402 1844 513 1911 neque
526 1842 605 1888 cum
627 1826 729 1901 sats
751 1840 864 1907 neque
880 1838 959 1886 cum
969 1822 1062 1900 28,t.
1082 1817 1166 1908 quid
1177 1825 1297 1904 restat,
1315 1821 1380 1889 nisi
1394 1831 1434 1892 ut
1449 1846 1514 1892 ac-

186 1933 306 1995 curate
328 1927 569 2018 dispiciamus,
597 1947 713 1994 annon
736 1924 824 1995 illud
851 1924 1028 1991 commode
1050 1923 1216 2013 iungatur
1242 1949 1321 1995 cum
1346 1934 1441 2012 tm,
1473 1938 1515 1998 ut

186 2038 406 2117 rodomas
428 2055 531 2101 unam
556 2032 683 2100 efficiat
705 2031 915 2122 pericopen?
940 2030 1040 2097 Cuius
1070 2031 1242 2120 opinionis
1266 2034 1401 2124 aliquas
1427 2059 1513 2128 pro-

184 2139 318 2207 babiles
350 2139 503 2207 rationes
538 2138 641 2206 modo
676 2138 952 2228 proferebamus,
989 2136 1241 2226 probabiliores
1276 2142 1509 2230 proferemus,

185 2245 325 2336 quando
343 2269 418 2336 cap.
438 2253 481 2313 27
502 2245 763 2336 explicabimus.
781 2243 876 2324 Vide,
894 2264 1011 2310 annon
1026 2243 1111 2310 haec
1126 2252 1242 2313 nostra
1263 2247 1381 2338 opinio
1402 2250 1510 2338 longe

184 2351 419 2420 verisimilior
439 2352 504 2419 tibi
517 2351 675 2418 videatur
688 2350 741 2432 iis,
764 2372 849 2439 quas
864 2349 972 2416 critici
987 2350 1195 2418 recentiores
1209 2358 1432 2440 suggessere?

229 2481 262 2526 v.
284 2466 324 2526 16
344 2487 360 2521 u
379 2457 490 2526 Hodie
501 2457 668 2524 Dominus
680 2460 771 2524 Deus
782 2468 861 2523 tuus
869 2456 1051 2546 proecepit
1067 2457 1137 2539 libi,
1157 2470 1196 2524 ut
1209 2459 1325 2548 facias
1338 2461 1510 2530 mandate

185 2564 267 2632 lraee
289 2576 393 2656 etque
413 2564 546 2633 iusticia
568 2592 599 2632 a.
621 2568 711 2642 Quae
726 2563 869 2631 nomina
891 2565 937 2653 (v.
964 2566 1006 2649 s.)
1022 2564 1222 2654 exprimunt
1247 2568 1413 2636 mandata
1427 2592 1506 2661 cap.

185 2679 279 2753 5-11,
297 2672 502 2759 decalogum
530 2694 609 2738 oum
630 2672 827 2762 pentalogo,
851 2693 920 2736 non
935 2692 1017 2738 vero
1030 2670 1274 2741 collectaneum
1292 2681 1506 2761 12,1-26,15.

184 2784 256 2846 Non
272 2778 437 2846 dicuntur
451 2779 537 2846 haec
552 2801 574 2845 a
589 2784 656 2846 [teo
672 2784 859 2867 praecepta
873 2799 945 2845 esse
959 2775 1061 2844 hodie
1071 2777 1230 2867 priorum
1245 2802 1252 2847 :
1270 2782 1405 2870 quoties
1419 2789 1509 2852 [teus

184 2890 367 2975 praccepta
404 2885 539 2974 pridem
574 2884 666 2950 edita
691 2906 827 2952 rursum
854 2884 1054 2951 solemniter
1078 2884 1245 2970 inculcat,
1276 2887 1350 2979 ipse
1380 2884 1507 2959 eadem

183 3014 302 3058 rursus
328 2991 515 3080 praecipit,
544 2990 713 3080 populum
739 3012 856 3058 rursus
883 2990 994 3078 eligit,
1013 3012 1034 3057 a
1055 2993 1186 3081 populo
1205 2999 1506 3086 praeceptarcve-

84 3180 89 3188 .
184 3102 300 3163 renter
318 3096 521 3163 exaudiente
537 3117 654 3163 rursus
667 3096 818 3183 eligitur.
836 3101 1023 3186 Sequentes
1035 3104 1151 3165 aufem
1164 3098 1250 3167 duos
1267 3103 1507 3171 coniunctivos

183 3203 301 3292 accipe
324 3224 386 3291 pro
400 3201 614 3291 imperativis
640 3225 647 3270 :
676 3229 691 3263 s
718 3202 773 3291 [et]
796 3202 969 3268 custodias
983 3216 1015 3269 et
1028 3204 1172 3294 impleas
1188 3230 1229 3273 ee
1245 3218 1313 3275 toto
1331 3207 1505 3278 cordetuo

183 3321 216 3377 et
232 3333 275 3376 er
293 3322 366 3376 tote
384 3309 504 3377 enimc
529 3321 590 3377 tea
610 3338 641 3376 ».
660 3314 737 3376 Post
751 3308 833 3377 data
847 3310 1012 3378 mandata
1026 3333 1133 3379 unum
1153 3320 1320 3403 superest,
1342 3321 1379 3383 ut
1398 3340 1506 3407 opere

180 3417 404 3507 impleantur.
423 3416 680 3506 Implendorum
697 3421 813 3485 autem
825 3416 992 3504 obligatio
1002 3416 1132 3507 foedus
1146 3421 1368 3511 consequitur
1384 3444 1440 3490 zv.
1462 3432 1503 3492 17

179 3550 200 3585 a
223 3525 405 3591 Dominum
424 3523 561 3614 eleqr'sti
577 3522 691 3607 bodie,
709 3536 746 3590 ut
767 3524 812 3590 sit
828 3523 892 3590 tibi
905 3527 1008 3609 Deus,
1032 3536 1065 3591 et
1086 3527 1238 3594 ambules
1264 3528 1302 3594 in
1324 3528 1391 3596 ciis
1412 3531 1501 3619 eius,

180 3643 213 3696 et
234 3630 405 3696 custodias
425 3631 634 3697 ceremonias
655 3630 749 3698 illius
773 3643 806 3696 et
826 3631 995 3698 macedam
1017 3643 1120 3722 atqcee
1141 3632 1285 3718 iudicia,
1309 3647 1341 3702 et
1360 3635 1505 3706 obedias

179 3735 252 3802 eius
275 3736 417 3826 cbtperio
437 3765 452 3796 »
469 3759 527 3802 seu
548 3737 634 3803 uoci.
660 3760 691 3803 v.
717 3744 757 3804 18
784 3764 800 3798 a
823 3740 866 3803 Et
891 3738 1057 3805 Dominus
1079 3738 1183 3828 clepit
1203 3753 1234 3807 le
1258 3740 1371 3823 hodie,
1395 3755 1434 3810 at
1455 3745 1506 3812 sis

179 3841 213 3909 ei
234 3845 388 3934 populus
416 3842 621 3933 prosilieris,
646 3843 737 3910 sicut
764 3844 897 3910 loculus
931 3857 980 3910 est
1014 3845 1089 3930 tibi,
1117 3858 1149 3912 el
1174 3848 1344 3916 custodias
1382 3852 1507 3919 omnia

176 3963 361 4041 praecepta
380 3949 475 4018 illius
496 3977 531 4033 u,
559 3973 591 4019 v.
611 3957 651 4017 19
673 3978 689 4011 a
710 3963 742 4016 et
766 3949 880 4038 [ariol
898 3963 929 4017 te
946 3951 1163 4020 excelsiorem
1180 3955 1311 4022 carriotis
1325 3956 1502 4044 pentibus,

178 4079 265 4144 quas
287 4057 426 4143 crearit,
454 4057 490 4122 in
513 4055 651 4123 lacedem
678 4068 709 4123 et
731 4079 856 4123 nomen
877 4070 909 4124 et
925 4057 1073 4146 ploriam
1100 4083 1211 4147 suam,
1241 4075 1279 4129 ut
1292 4062 1337 4129 sr's
1346 4065 1505 4154 populus

178 4176 317 4228 sanctus
332 4162 472 4230 Deretini
493 4163 557 4230 Dei
571 4163 637 4243 tui,
660 4163 750 4230 sicot
776 4163 908 4231 loeutus
933 4178 981 4232 est
1004 4193 1034 4234 n.
1053 4170 1233 4235 Contextac
1248 4174 1324 4237 sunt
1339 4170 1406 4236 hae
1421 4195 1505 4240 sen-

178 4268 303 4335 tentiae
316 4269 587 4358 expressionibus
606 4293 625 4337 e
651 4275 747 4337 licut.
772 4277 851 4338 1-11
869 4277 902 4338 et
921 4271 1090 4363 imprimis
1106 4297 1124 4341 c
1139 4275 1323 4364 pentalogo
1341 4278 1472 4346 coactis
1490 4301 1499 4348 :

177 4375 220 4443 er.
242 4376 332 4442 inter
360 4375 429 4443 aria
454 4377 627 4467 s,33(ao);
657 4384 970 4461 o,5;r‚1a·,a‚ao.
996 4380 1048 4446 xa
1069 4370 1240 4468 castales
1256 4372 1347 4448 nam
1365 4384 1409 4452 of.
1438 4390 1498 4455 ax.

177 4490 234 4565 o,7
252 4488 336 4564 eto,
359 4482 419 4550 sed
438 4483 473 4551 h.
496 4485 518 4551 l.
548 4484 718 4575 expressio
747 4485 948 4572 exigebatur
975 4493 1117 4578 propter
1136 4489 1389 4579 oppositionem
1417 4513 1501 4561 cum

177 4578 255 4657 abac
272 4581 332 4660 nub
345 4580 375 4657 15
391 4578 493 4664 atrab,
527 4613 615 4680 quae
648 4592 803 4682 proxime
835 4593 972 4661 videtur
1005 4594 1180 4663 fluxissee
1209 4597 1396 4686 pentalogo
1423 4607 1498 4683 7,6‚

175 4701 338 4767 remotius
364 4722 405 4766 cx
426 4704 483 4767 Ex.
508 4704 599 4783 19‚5,
622 4698 682 4766 ubi
703 4698 920 4767 desideratur
941 4688 1012 4770 nt't.
1031 4705 1113 4768 ltem
1129 4716 1201 4795 terp,
1213 4718 1256 4772 cx
1268 4693 1381 4795 ’11111115
1397 4704 1501 4775 fluxit
