3366 5346
237 274 274 329 ts
792 280 997 325 raraonucrxo.

234 421 273 487 in
288 419 440 486 historiis
455 419 683 509 posteriorum
706 421 900 504 temporum
922 415 1016 500 loges
1034 414 1235 479 collectanei
1250 413 1467 483 affirmantur
1483 440 1556 484 esse

236 528 332 612 leges
346 527 480 605 thorae,
498 524 599 590 thora
615 522 826 590 collectaneo
840 527 939 589 aucta
954 527 1092 587 vocatur
1107 521 1207 587 thora
1221 524 1350 608 Moysis.
1367 527 1415 591 116
1432 529 1448 590 t
1467 528 1553 612 Reg.

239 639 316 714 tao
333 639 367 698 ct
383 639 402 696 2
417 637 492 697 Par.
515 636 611 713 1536,
627 631 662 696 16
678 629 760 695 66116
775 628 946 710 amasiae,
968 628 1022 695 lex
1036 626 1238 694 collectanei
1253 633 1348 694 11661.
1367 634 1426 710 Mt,
1451 638 1492 697 16
1512 631 1555 697 (16

236 739 316 805 filiis
337 761 405 805 non
435 737 626 826 plectendis
656 758 720 825 pro
753 734 885 800 delictis
914 740 1066 824 patrum,
1084 734 1278 800 affirmatur
1298 762 1314 795 a
1337 737 1464 824 scripta
1482 759 1555 805 esse

135 920 140 933 ,
234 847 269 911 16
289 845 379 911 libro
400 847 517 910 thorae
533 843 652 930 Moysis
674 871 705 909 ».
728 847 765 908 ln
784 842 867 907 actis
883 840 999 922 locine,
1018 841 1071 907 lex
1086 839 1128 907 de
1143 841 1248 907 Phase
1266 846 1361 908 Deut.
1383 850 1457 926 16,1
1475 866 1551 934 sqq.

233 957 266 1017 et
280 974 318 1017 ea
332 959 450 1017 contra
461 950 629 1040 pythones
645 955 708 1016 etc.
731 955 830 1030 18,1o
845 971 896 1037 sq.
911 948 1108 1014 referuntur
1122 953 1139 1012 t
1156 951 1241 1034 Reg.
1259 954 1373 1030 2331.
1390 955 1431 1017 21
1447 950 1554 1040 scrip-

230 1065 284 1124 tae
304 1058 409 1125 fuisse
427 1058 463 1123 in
483 1078 522 1123 eo
541 1056 644 1135 libr0,
662 1056 722 1144 qui
743 1061 763 1119 1
785 1060 861 1120 Ρ66.
883 1059 1145 1135 31,1“16666166
1167 1081 1182 1114 «
1205 1055 1305 1120 thora
1325 1078 1389 1145 per
1410 1079 1552 1125 manum

232 1165 353 1251 Moysis
386 1194 415 1230 6.
444 1171 464 1229 2
491 1162 584 1228 Esdr.
618 1168 692 1241 13,1
723 1160 777 1227 lex
808 1167 930 1227 contra
957 1160 1169 1227 Ammonitas
1197 1164 1262 1226 etc.
1293 1163 1552 1250 praelegiture

233 1270 410 1338 volumine
424 1270 552 1358 Moysis.
567 1269 662 1346 Quod
677 1273 771 1334 11661.
795 1274 875 1346 20,5
891 1288 965 1356 sqq.
986 1266 1132 1333 habetur
1151 1267 1192 1332 de
1213 1266 1429 1336 dimittendis
1444 1293 1462 1336 6
1477 1293 1550 1336 cas-

234 1379 306 1460 1616,
332 1385 348 1443 1
366 1377 470 1443 Mach.
493 1383 573 1459 3,56
588 1375 714 1441 dicitur
734 1374 857 1440 haberi
875 1373 910 1439 16
929 1402 944 1435 «
962 1373 1063 1439 thora
1080 1404 1108 1438 »¹
1128 1379 1217 1451 Quae
1237 1374 1351 1441 omnia
1366 1398 1442 1443 vere
1460 1376 1551 1444 dice-

235 1485 363 1550 bantur
385 1483 635 1551 :habebantur
659 1504 700 1547 ea
720 1482 757 1548 in
777 1481 879 1546 thora
900 1478 1178 1569 postsamuelica‚
1203 1485 1302 1546 aucta
1327 1481 1548 1567 collectane0,

236 1613 323 1678 quae
339 1611 409 1655 666
429 1594 508 1656 6616
529 1588 686 1656 exsilium
708 1610 811 1677 penas
832 1608 949 1654 arcam
974 1586 1225 1669 asservabatur,
1244 1593 1319 1676 post
1338 1589 1493 1656 exsilium
1512 1591 1550 1657 in

235 1695 465 1783 pentateucho
496 1694 693 1761 haberetur.
728 1694 882 1760 Produut
912 1701 1027 1760 tamen
1061 1715 1121 1760 eac
1151 1694 1398 1782 expressiones,
1427 1695 1552 1762 oblitos

232 1803 303 1869 iam
327 1824 397 1868 esse
420 1823 537 1869 eorum
563 1807 760 1890 temporum
787 1800 954 1882 homines,
976 1800 1092 1888 aliqua
1115 1799 1152 1865 in
1178 1800 1281 1865 thora
1306 1801 1439 1882 haberi,
1461 1825 1550 1891 quae

231 1908 349 1996 Moysis
377 1930 447 1974 non
476 1913 601 1985 essent;
627 1907 780 1996 produnt
805 1907 885 1973 illos
908 1906 1064 1973 homines
1087 1927 1206 1973 omnes
1229 1906 1323 1993 leges
1346 1908 1551 1976 existimasse

232 2037 302 2081 esse
330 2014 483 2081 eiusdem
508 2013 654 2100 originis
682 2020 715 2080 et
739 2013 892 2080 eiusdem
920 2012 1141 2079 auctoritatis.
1173 2016 1218 2079 De
1245 2035 1312 2101 qua
1339 2037 1375 2080 re
1400 2014 1551 2082 dicemus

232 2121 335 2210 plura
354 2123 456 2187 intra.

277 2226 549 2293 Coniicicbamus
570 2249 686 2315 supra,
710 2227 898 2315 oportuisse
918 2227 1011 2314 apud
1033 2225 1202 2291 Hebraeos
1215 2224 1306 2292 nasci
1329 2228 1449 2294 thorae
1469 2250 1550 2317 apo-

234 2331 368 2421 grapha
392 2332 582 2420 plurimum
602 2330 736 2398 diversa
753 2333 844 2398 inter
862 2354 908 2411 se,
927 2353 1073 2420 quorum
1095 2331 1211 2420 aliqua
1232 2331 1341 2399 solam
1364 2334 1549 2400 secundam

236 2437 427 2504 orationem
443 2461 501 2506 seu
519 2437 649 2503 librum
669 2438 791 2504 thorae
811 2437 925 2504 stricte
943 2437 1072 2506 dictum
1091 2437 1271 2520 haberent,
1290 2439 1356 2505 alia
1372 2444 1550 2526 praeterea

234 2550 294 2611 661
319 2544 469 2633 priorem
497 2543 705 2626 orationem,
734 2550 793 2611 661
819 2545 966 2611 foederis
994 2544 1189 2626 historiam,
1219 2552 1278 2612 661
1304 2544 1549 2612 documentum

234 2657 431 2740 utrumque.
450 2651 666 2737 Coniicimus‚
685 2673 760 2718 eam
778 2652 1060 2741 apographorum
1080 2651 1314 2718 diversitatem
1336 2666 1405 2718 nou¹
1426 2674 1549 2741 parum

235 2765 370 2826 auctam
403 2780 472 2825 csse
503 2781 555 2837 ec,
587 2759 681 2847 quod
709 2760 930 2847 autographo
958 2759 1079 2845 Moysis
1105 2781 1211 2848 prope
1239 2761 1551 2825 arcam'asservato

232 2887 294 2931 666
325 2864 523 2931 addiderint
547 2870 642 2932 losue
671 2871 703 2931 et
730 2864 880 2930 Samuel.
912 2865 1063 2930 Gratuito
1087 2865 1323 2954 supposueris,
1352 2864 1549 2954 quicunque

232 2970 434 3058 apographa
461 2970 646 3050 haberent,
675 2970 769 3036 illico
800 2970 927 3036 eisdem
959 2969 1179 3060 adscripsisse
1208 2976 1241 3038 61
1266 2970 1373 3037 verba
1397 2976 1491 3037 16666
1517 2976 1552 3036 61

231 3073 398 3142 iudicium
429 3075 604 3141 Samuelis
632 3077 733 3141 Plura
761 3076 966 3142 crediderim
997 3078 1201 3167 apographa
1225 3077 1278 3144 his
1304 3079 1467 3164 caruisse,
1496 3077 1551 3143 vel

231 3181 410 3246 bominum
425 3181 569 3263 incuria,
586 3182 642 3248 vel
661 3181 751 3269 quod
774 3187 939 3271 cuperent
956 3182 1065 3272 aliqui
1086 3183 1121 3249 in
1142 3183 1211 3250 suis
1230 3183 1339 3250 thoris
1360 3184 1491 3251 habere
1511 3206 1551 3250 66

231 3292 380 3360 tantum,
408 3310 496 3377 quae
527 3310 606 3354 vere
640 3294 753 3354 essent
777 3290 895 3376 Moysis
925 3291 1085 3356 auctoris.
1114 3289 1181 3355 Alii
1212 3289 1456 3379 adscripserint
1480 3290 1551 3357 sola

232 3394 338 3461 verba
363 3398 474 3477 losue,
504 3393 563 3462 alii
591 3396 701 3462 solum
731 3395 895 3461 iudicium
924 3396 1106 3478 Samuelis,
1132 3395 1191 3462 alii
1214 3403 1412 3486 utrumque.
1439 3402 1547 3477 Certe,

233 3525 302 3590 quo
319 3525 402 3569 6666
417 3502 570 3570 iudicum
584 3502 639 3570 661
653 3502 691 3569 16
711 3501 785 3591 ipsa
805 3524 841 3568 rc
861 3503 1104 3569 sacrificiorum
1121 3503 1357 3593 uuusquisque
1373 3531 1389 3565 «
1403 3503 1551 3570 faciebat

234 3608 282 3686 io,
304 3608 396 3695 quod
417 3608 580 3696 placitum
603 3616 688 3676 esset
707 3609 743 3675 in
766 3608 872 3675 oculis
894 3609 964 3675 suis
983 3637 1013 3690 »,
1034 3632 1104 3677 non
1126 3615 1176 3676 est
1197 3609 1334 3677 facilius
1354 3632 1550 3699 supponen-

234 3713 330 3794 dum,
347 3713 384 3778 in
400 3716 611 3803 apographis
627 3718 745 3782 thorae
764 3715 1012 3783 concinnandis
1026 3721 1154 3782 certam
1170 3717 1328 3809 regulam
1346 3739 1416 3783 esse
1432 3717 1549 3783 obser-

233 3827 359 3886 vatam.
384 3824 453 3886 Non
477 3821 594 3887 omnia
617 3822 758 3889 fortasse
781 3825 865 3889 haec
889 3822 1096 3889 documenta
1117 3823 1154 3889 in
1178 3823 1333 3891 omnium
1356 3822 1548 3889 scribarum

233 3927 392 3995 manibus
415 3932 530 4008 crant;
552 3928 702 4013 agebant
723 3930 855 3996 scribae
874 3928 1004 4015 singuli
1026 3928 1124 4011 illud,
1148 3930 1242 4019 quod
1263 3930 1382 4020 pietas,
1403 3926 1546 4006 utilitas,

234 4034 414 4119 angustiae
439 4033 605 4124 temporis
631 4041 664 4099 et
687 4034 970 4101 documentorum
995 4036 1240 4122 suggerebant.
1268 4041 1340 4102 Non
1363 4040 1437 4102 6661
1460 4032 1549 4099 illud

233 4137 432 4205 criticarum
452 4140 643 4207 editionum
659 4163 792 4206 aevum.
811 4145 920 4207 Unum
935 4141 1071 4208 videtur
1090 4143 1270 4210 hominum
1291 4141 1463 4209 mentibus
1482 4142 1549 4207 alte

230 4244 405 4326 insedisse,
430 4244 713 4313 documentorum
735 4246 961 4313 mosaicorum
986 4249 1147 4316 nucleum
1168 4255 1201 4315 et
1220 4249 1357 4316 theram
1379 4253 1458 4314 ver'e
1478 4248 1548 4336 pri·

233 4351 421 4436 migeniam
438 4375 508 4419 esse
528 4354 714 4421 secundam
730 4355 846 4442 Moysis
865 4355 1069 4436 orationem,
1087 4356 1313 4422 atrocissimas
1328 4356 1406 4423 illas
1420 4355 1551 4422 haben-

233 4464 302 4525 tem
331 4457 454 4524 minas.
484 4460 552 4525 Nisi
579 4460 615 4526 id
644 4483 762 4526 omnes
788 4461 983 4528 firmissime
1009 4461 1208 4528 habuissent
1233 4485 1450 4552 persuasum,
1479 4484 1548 4528 666

236 4565 352 4633 1616661
375 4587 460 4632 6666
481 4558 635 4654 proxime
655 4567 812 4656 sequenti
832 4567 946 4656 impiis
968 4567 1107 4654 regibus
1126 4574 1196 4635 tam
1220 4569 1384 4636 violenter
1410 4575 1551 4635 conten-

238 4673 405 4747 dendum,
423 4677 460 4739 ut
477 4695 553 4740 eam
571 4674 707 4740 theram
722 4697 740 4740 e
761 4672 874 4739 medio
888 4674 1058 4741 tollerent.
1076 4679 1191 4765 Neque
1212 4675 1393 4743 deficiebat
1410 4675 1548 4742 interim
