3366 5346
199 297 257 355 :th
650 307 881 351 coniecissem
903 305 1061 351 sautans.

203 445 285 511 dum
319 440 604 532 praecedentibus
638 463 645 506 :
679 441 830 506 remittas
860 462 1001 506 manum
1029 446 1139 519 tuam,
1162 461 1273 528 neque
1307 444 1423 505 tamen
1454 440 1524 506 erit

198 573 328 640 pauper
349 551 386 614 in
408 556 453 627 te,
472 570 540 614 non
561 547 727 632 redigeris
747 547 790 620 ad
816 553 1055 635 paupertatem
1075 547 1149 634 ipse
1174 567 1334 611 concessa
1356 546 1524 635 pauperi·

197 659 260 722 bus
275 656 490 721 debitoribus
504 655 585 719 anni
604 652 771 719 sabbatici
784 652 1020 738 indulgentia;
1038 652 1073 718 id
1089 675 1132 717 ne
1150 651 1221 726 liat,
1244 652 1346 717 lahve
1362 674 1424 718 sua
1436 675 1523 741 pro-

198 761 347 828 videntia
373 768 405 827 et
429 759 669 826 benedictione
692 759 817 825 efficiet
844 759 961 847 (Cei).
980 758 1039 824 Vel
1062 757 1165 833 dicas,
1187 757 1333 824 incisum
1357 765 1521 825 contextu

196 869 356 953 restringi
375 868 418 932 ad
434 888 564 931 annum
584 865 780 954 septimum.
797 870 868 940 Quo
892 888 983 930 anno
1004 864 1033 930 si
1053 885 1170 930 omnes
1190 864 1335 929 vixerint
1354 864 1408 946 iis,
1430 888 1522 955 quae

194 981 253 1040 aut
267 999 285 1040 e
300 972 587 1063 praecedentibus
609 971 708 1037 amnis
727 971 968 1061 superfuerint,
986 976 1046 1037 aut
1068 971 1104 1037 in
1126 972 1218 1055 agris
1236 971 1324 1036 forte
1348 971 1520 1058 colligan-

193 1087 261 1160 tur,
283 1081 436 1169 prolecto
457 1101 526 1144 non
541 1078 658 1164 egebit
677 1079 876 1166 quisquam3
892 1078 920 1143 si
939 1079 1000 1166 qui
1016 1100 1097 1142 vero
1117 1099 1159 1143 eo
1177 1099 1268 1143 anno
1289 1077 1523 1163 adigerentur

193 1186 238 1252 ad
268 1186 384 1252 debita
408 1191 585 1275 praeterea
611 1183 791 1263 solvenda,
817 1183 854 1248 bi
876 1183 950 1251 sine
973 1183 1079 1249 dubio
1102 1183 1146 1248 ad
1168 1189 1355 1269 egestatem
1376 1184 1519 1270 redige-

197 1298 328 1358 rentur.

238 1421 269 1463 v.
290 1405 308 1464 5
328 1397 363 1463 in
381 1397 583 1463 memoriam
604 1401 741 1461 revocat
760 1395 993 1462 conditionem
1011 1395 1112 1461 huius
1130 1394 1378 1462 benedictionis
1397 1400 1518 1487 acqui-

194 1504 348 1570 rendae:
374 1532 388 1563 «
407 1503 447 1570 Si
462 1516 576 1567 terrica
594 1529 610 1561 »
628 1540 672 1550 -—
691 1501 713 1568 i.
735 1501 1020 1567 e.!a1vtronmodo
1043 1541 1086 1550 —
1107 1533 1121 1561 «
1139 1501 1293 1567 audieris
1315 1524 1428 1569 ccccm
1446 1507 1517 1569 Do-

193 1609 281 1675 mini
303 1608 363 1674 nei
382 1609 434 1673 lui
454 1621 486 1673 et
512 1607 710 1675 custodieris
725 1602 907 1687 'traicerem
932 1631 1022 1696 perere
1042 1608 1140 1673 iussit
1167 1621 1200 1673 rt
1219 1631 1308 1697 pirae
1326 1631 1387 1696 epo
1412 1608 1517 1676 bodie

186 1715 366 1803 praecipio
393 1715 456 1780 tibi
484 1744 514 1791 a,
543 1716 695 1802 prolecto
727 1742 741 1774 u
771 1714 944 1780 benedicet
971 1714 1033 1779 libi
1064 1742 1080 1776 »
1112 1715 1277 1781 lldvnireus
1298 1704 1385 1780 Deus·
1415 1728 1510 1802 leeris,

194 1848 209 1881 «
238 1835 273 1885 u!
295 1820 472 1909 pollicitus
498 1833 548 1887 est
579 1849 593 1879 »
619 1819 694 1885 tibi.
724 1824 878 1886 Ceterum
905 1823 1005 1888 llebr.
1036 1843 1043 1888 :
1073 1833 1180 1885 totum
1207 1819 1267 1886 bec
1291 1818 1511 1903 utendarum,

191 1927 286 2016 quod
317 1950 378 2016 eqo
418 1925 518 1993 bodie
549 1925 730 2016 Jieoeee'pio
763 1926 837 1993 tibi.
864 1932 935 1992 Non
971 1933 1021 1993 est
1052 1926 1223 2013 generalis
1257 1926 1514 1994 commendatio

191 2036 345 2100 omnium
378 2033 631 2113 mandatorum,
655 2033 714 2099 sed
742 2033 843 2100 huius
870 2039 1004 2100 tantum
1032 2032 1199 2100 mandati.
1227 2032 1422 2123 Explicatur
1451 2056 1514 2101 au·

189 2145 257 2204 tem
284 2163 314 2205 v.
346 2141 472 2207 bhaeo
503 2140 697 2205 benedictio
725 2159 739 2204 ε·
764 2139 844 2206 dum
878 2139 1022 2206 Hebraei
1055 2139 1145 2206 inter
1172 2162 1207 2206 se
1239 2139 1510 2209 misericordiam

189 2236 409 2327 exercebunt,
425 2246 559 2311 curabit
581 2251 678 2325 beuS,
699 2253 735 2311 ut
751 2269 791 2310 ex
810 2244 887 2312 aliis
911 2246 1071 2332 gentibus
1087 2245 1261 2312 ditescant.
1281 2269 1311 2311 v.
1337 2253 1363 2337 6,
1383 2273 1399 2307 u
1425 2250 1513 2314 Foc-

189 2351 323 2416 aerabis
344 2353 503 2439 pentibus·
522 2351 656 2435 irretitis,
679 2365 711 2416 et
733 2351 806 2441 ipae
825 2376 846 2417 a
866 2352 961 2418 acillo
981 2352 1129 2440 accipies
1147 2365 1329 2437 nautarum·
1347 2352 1512 2420 domine-

189 2456 276 2522 beeis
298 2458 496 2524 erationibus
514 2457 689 2548 plurium,
715 2471 746 2522 et
772 2457 824 2523 tui
847 2481 947 2525 nevero
972 2458 1206 2525 elovvu'vurbitur
1230 2487 1259 2527 υ.
1285 2475 1355 2527 222·
1374 2458 1511 2546 signill-

189 2566 322 2629 oatione
342 2578 501 2631 vvvvctuum
521 2563 604 2630 dare
627 2565 739 2632 solum
763 2566 797 2631 h.
820 2565 859 2646 l.;
885 2566 943 2630 sed
958 2566 1000 2632 cl.
1019 2581 1113 2636 urm,
1128 2565 1260 2654 pipicus
1282 2573 1341 2646 lt,
1363 2573 1480 2634 10-12.

232 2672 483 2739 praecendente
505 2672 581 2757 lege
602 2694 634 2738 v.
654 2677 712 2737 1-o
728 2671 804 2738 lieri
824 2676 933 2760 potest
958 2678 994 2738 ut
1016 2672 1122 2760 aliqui
1143 2672 1364 2753 inducantur,
1385 2679 1425 2738 ut
1444 2673 1510 2739 ivn·

189 2777 340 2843 minente
360 2779 428 2844 iam
448 2801 539 2845 enno
554 2778 700 2867 septimo
716 2800 843 2862 egenos
858 2778 967 2844 nolint
987 2778 1162 2845 adiuvare.
1182 2778 1309 2855 Quibus
1330 2779 1512 2868 proposita

188 2882 267 2946 bine
291 2883 408 2950 divina
428 2885 679 2971 indignatione,
708 2883 804 2949 illinc
832 2883 949 2950 divina
977 2884 1215 2950 benedictione
1241 2885 1444 2971 iniungitur,
1471 2893 1510 2952 ut

187 3008 313 3071 egenos
336 2996 408 3054 tum
432 2990 621 3055 liberaliter
639 2990 812 3056 adiuvent.
831 3013 862 3055 v.
887 2998 917 3060 7,
934 2991 984 3056 uti
1001 3013 1033 3055 v.
1049 2998 1089 3056 1³2
1109 3013 1175 3080 sq.,
1194 2990 1327 3056 orditur
1344 2991 1510 3058 coniunc-
1546 3058 1552 3073 ,

186 3093 278 3157 tione
299 3111 339 3161 πὶ,
363 3118 394 3162 v.
419 3104 470 3159 7«
488 3095 528 3161 Si
546 3117 633 3159 arrives
653 3094 694 3160 ele
710 3098 878 3182 frutribus
898 3096 979 3176 tuis,
998 3097 1060 3185 qui
1079 3110 1257 3163 avocentur
1277 3097 1370 3163 intra
1387 3109 1510 3184 poetes

187 3203 361 3291 [civitatis]
383 3214 461 3267 triac
475 3200 513 3266 iu
529 3213 629 3281 (ervo,
646 3223 750 3289 perone
766 3201 931 3266 Douvinus
947 3205 1035 3268 Deus
1050 3215 1128 3268 terres
1142 3201 1285 3269 dratinus
1303 3204 1441 3289 esttibi,
1461 3204 1511 3269 ad

182 3321 419 3403 pierepertuteue
445 3306 572 3373 reaeric
597 3336 627 3386 »,
657 3345 702 3356 -
732 3307 864 3375 locutus
892 3314 965 3373 erat
991 3314 1107 3374 orator
1134 3332 1165 3375 ν.
1190 3317 1209 3377 t
1231 3309 1274 3375 de
1302 3317 1507 3398 paupertate

184 3417 297 3507 quoad
314 3437 443 3483 annum
462 3413 658 3503 septimum,
676 3436 721 3480 sc.
740 3414 940 3503 providente
961 3416 1062 3481 labve
1076 3416 1290 3482 observatam
1305 3415 1414 3499 legem
1431 3437 1465 3480 v.
1484 3423 1505 3481 2

183 3548 232 3613 sq.
252 3523 382 3590 nemini
400 3524 471 3587 l'ore
484 3522 706 3599 ¹occasionem
724 3519 960 3606 indigentiae:
978 3521 1132 3610 loquitur
1147 3524 1215 3587 iam
1235 3521 1278 3587 de
1293 3519 1505 3610 pauperibus

183 3637 262 3695 ante
283 3631 380 3695 illum
400 3650 541 3693 anuum.
562 3627 623 3693 t'bi
642 3628 791 3714 primum
809 3628 939 3693 lactvvm
958 3626 1109 3693 affirmat
1124 3627 1311 3693 secundum
1330 3627 1505 3694 naturales

184 3736 332 3802 rationes
346 3734 575 3822 probabiliter
594 3741 797 3800 eventurum
822 3755 829 3800 ε
849 3745 881 3797 et
905 3734 968 3799 erit
987 3733 1084 3823 oprrd
1096 3746 1128 3799 le
1144 3757 1279 3823 lrozrpcr
1298 3756 1386 3800 urceis
1402 3755 1419 3799 e
1429 3736 1505 3822 [ra-

184 3843 291 3909 tribus
309 3841 377 3907 teris
395 3863 437 3906 ec
454 3862 523 3904 eene
544 3840 678 3904 urbium
695 3852 834 3905 terarum
849 3840 885 3905 in
901 3852 991 3905 terro
1007 3853 1077 3907 teia.
1096 3841 1172 3906 t'eri
1188 3840 1343 3907 absimile
1362 3841 1505 3907 omnino

183 3957 243 4025 est,
267 3957 303 4015 ut
324 3951 359 4013 in
377 3946 516 4031 regione
537 3953 607 4011 tam
626 3948 692 4011 late
714 3952 864 4034 patente,
885 3951 936 4012 tot
957 3948 1059 4014 urbes
1076 3947 1282 4035 urbiumque
1297 3946 1426 4013 incolas
1440 3946 1505 4012 ha-

182 4055 296 4135 bente,
326 4053 440 4120 nullus
462 4050 653 4141 reperiatur
672 4074 804 4140 [uivrper
821 4092 864 4100 -
888 4083 902 4112 α
927 4076 995 4118 non
1019 4052 1200 4119 obdurabis
1220 4076 1276 4119 eor
1301 4065 1412 4132 turim,
1441 4075 1504 4117 viee

182 4161 358 4225 coreb-ebes
376 4181 518 4224 verrinum
533 4186 548 4218 »
567 4180 588 4222 o
602 4159 710 4244 frob-e
722 4172 779 4222 trevi
790 4180 943 4247 precipicio
949 4179 963 4242 ,·
977 4183 1009 4225 v.
1026 4166 1045 4225 8
1067 4189 1082 4222 e
1101 4159 1162 4226 sed
1179 4159 1311 4249 (elverico
1327 4182 1403 4226 earn
1413 4181 1505 4248 puer-

174 4266 256 4355 peri
278 4279 308 4330 er
330 4264 427 4330 viabis
441 4276 609 4348 eventuum,
626 4287 693 4352 quo
709 4287 785 4329 euin
809 4264 964 4353 indigere
984 4266 1218 4356 [perspecere]
1238 4294 1266 4333 n.
1287 4267 1388 4333 Hebe.
1408 4269 1504 4351 :sus-

176 4372 295 4461 ficirus
312 4371 539 4458 indigentiae,
557 4393 661 4459 perum
677 4371 823 4460 petitur.
842 4377 928 4438 llaec
944 4373 1044 4439 unica
1063 4375 1196 4459 gratiae
1210 4393 1380 4439 mensura.

225 4503 255 4546 v.
283 4485 301 4544 9
323 4502 373 4567 sq.
398 4477 490 4543 idem
511 4477 679 4543 monitum
701 4477 888 4565 expressius
907 4479 1084 4567 repetitur.
1108 4502 1138 4545 v.
1158 4487 1176 4545 9
1195 4509 1209 4540 «
1235 4483 1335 4561 Cave,
1356 4479 1502 4566 ecferte

176 4586 338 4677 subrepat
358 4583 422 4651 tibi
444 4584 552 4673 impie
575 4583 753 4671 cogitatio,
768 4597 801 4649 et
820 4583 915 4650 elices
936 4585 972 4650 in
995 4585 1092 4651 corde
1119 4599 1176 4652 leo
1199 4609 1210 4653 :
1233 4584 1504 4676 Appropinquut

176 4695 339 4785 septimus·
361 4716 473 4760 (varicis
499 4689 725 4771 remissiorem
744 4703 775 4757 ct
800 4704 933 4756 aceruos
953 4692 1068 4758 oculos
1087 4705 1162 4759 tuos
1184 4716 1206 4759 a
1216 4715 1372 4782 pairpere
1388 4692 1502 4779 fratre
