<?xml version="1.0" encoding="UTF-8"?>
<!DOCTYPE html PUBLIC "-//W3C//DTD XHTML 1.0 Transitional//EN"
    "http://www.w3.org/TR/xhtml1/DTD/xhtml1-transitional.dtd">
<html xmlns="http://www.w3.org/1999/xhtml" xml:lang="en" lang="en">
 <head>
  <title>
</title>
<meta http-equiv="Content-Type" content="text/html;charset=utf-8" />
  <meta name='ocr-system' content='tesseract 3.04.00' />
  <meta name='ocr-capabilities' content='ocr_page ocr_carea ocr_par ocr_line ocrx_word'/>
</head>
<body>
  <div class='ocr_page' id='page_1' title='image "./commentariusind00hummgoog/commentariusind00hummgoog_0319.png"; bbox 0 0 3366 5346; ppageno 0'>
   <div class='ocr_carea' id='block_1_1' title="bbox 256 296 1114 354">
    <p class='ocr_par' dir='ltr' id='par_1_1' title="bbox 256 296 1114 354">
     <span class='ocr_line' id='line_1_1' title="bbox 256 296 1114 354; baseline -0.006 0"><span class='ocrx_word' id='word_1_1' title='bbox 256 296 315 354; x_wconf 76' lang='lat'>296</span> <span class='ocrx_word' id='word_1_2' title='bbox 706 305 938 349; x_wconf 75' lang='lat' dir='ltr'>corincrauaou</span> <span class='ocrx_word' id='word_1_3' title='bbox 960 303 1114 349; x_wconf 70' lang='lat' dir='ltr'>sonorus.</span> 
     </span>
    </p>
   </div>
   <div class='ocr_carea' id='block_1_2' title="bbox 255 437 1641 4778">
    <p class='ocr_par' dir='ltr' id='par_1_2' title="bbox 255 437 1576 936">
     <span class='ocr_line' id='line_1_2' title="bbox 255 437 1575 530; baseline -0.003 -20"><span class='ocrx_word' id='word_1_4' title='bbox 255 457 260 464; x_wconf 86' lang='lat'>&#39;</span> <span class='ocrx_word' id='word_1_5' title='bbox 302 442 495 511; x_wconf 79' lang='lat' dir='ltr'>Samuelem</span> <span class='ocrx_word' id='word_1_6' title='bbox 507 440 714 506; x_wconf 76' lang='lat' dir='ltr'><strong>adstruimus</strong></span> <span class='ocrx_word' id='word_1_7' title='bbox 729 437 930 504; x_wconf 78' lang='lat' dir='ltr'>collectanei</span> <span class='ocrx_word' id='word_1_8' title='bbox 941 459 1011 503; x_wconf 89' lang='lat' dir='ltr'>esse</span> <span class='ocrx_word' id='word_1_9' title='bbox 1025 443 1213 518; x_wconf 78' lang='lat' dir='ltr'><strong>auctorem,</strong></span> <span class='ocrx_word' id='word_1_10' title='bbox 1227 459 1305 504; x_wconf 92' lang='lat' dir='ltr'>cum</span> <span class='ocrx_word' id='word_1_11' title='bbox 1319 438 1414 530; x_wconf 88' lang='lat' dir='ltr'>quod</span> <span class='ocrx_word' id='word_1_12' title='bbox 1427 462 1575 528; x_wconf 87' lang='lat' dir='ltr'>persua·</span> 
     </span>
     <span class='ocr_line' id='line_1_3' title="bbox 256 543 1574 634; baseline -0.003 -17"><span class='ocrx_word' id='word_1_13' title='bbox 256 566 334 617; x_wconf 86' lang='lat' dir='ltr'>¹som</span> <span class='ocrx_word' id='word_1_14' title='bbox 353 550 541 616; x_wconf 81' lang='lat' dir='ltr'>habeamus</span> <span class='ocrx_word' id='word_1_15' title='bbox 562 553 736 613; x_wconf 80' lang='lat' dir='ltr'>auctorem</span> <span class='ocrx_word' id='word_1_16' title='bbox 756 545 857 611; x_wconf 85' lang='lat' dir='ltr'>luisse</span> <span class='ocrx_word' id='word_1_17' title='bbox 876 543 1075 632; x_wconf 87' lang='lat' dir='ltr'>posterioris</span> <span class='ocrx_word' id='word_1_18' title='bbox 1097 545 1171 610; x_wconf 85' lang='lat' dir='ltr'>aevi</span> <span class='ocrx_word' id='word_1_19' title='bbox 1191 544 1345 612; x_wconf 91' lang='lat' dir='ltr'>iudicum</span> <span class='ocrx_word' id='word_1_20' title='bbox 1363 547 1574 634; x_wconf 87' lang='lat' dir='ltr'>prophetam</span> 
     </span>
     <span class='ocr_line' id='line_1_4' title="bbox 259 650 1576 745; baseline -0.005 -21"><span class='ocrx_word' id='word_1_21' title='bbox 259 657 426 745; x_wconf 88' lang='lat' dir='ltr'>aliquem,</span> <span class='ocrx_word' id='word_1_22' title='bbox 444 661 516 722; x_wconf 90' lang='lat' dir='ltr'>tum</span> <span class='ocrx_word' id='word_1_23' title='bbox 538 652 632 742; x_wconf 89' lang='lat' dir='ltr'>quod</span> <span class='ocrx_word' id='word_1_24' title='bbox 654 674 723 718; x_wconf 92' lang='lat' dir='ltr'>non</span> <span class='ocrx_word' id='word_1_25' title='bbox 743 656 821 717; x_wconf 90' lang='lat' dir='ltr'>ante</span> <span class='ocrx_word' id='word_1_26' title='bbox 841 650 1007 717; x_wconf 90' lang='lat' dir='ltr'>Samuelis</span> <span class='ocrx_word' id='word_1_27' title='bbox 1027 672 1151 716; x_wconf 88' lang='lat' dir='ltr'>aevum</span> <span class='ocrx_word' id='word_1_28' title='bbox 1175 651 1357 719; x_wconf 88' lang='lat' dir='ltr'>videantur</span> <span class='ocrx_word' id='word_1_29' title='bbox 1370 652 1576 719; x_wconf 87' lang='lat' dir='ltr'>Philisthaci</span> 
     </span>
     <span class='ocr_line' id='line_1_5' title="bbox 259 757 1576 848; baseline -0.001 -21"><span class='ocrx_word' id='word_1_30' title='bbox 259 770 328 830; x_wconf 90' lang='lat' dir='ltr'>tam</span> <span class='ocrx_word' id='word_1_31' title='bbox 355 763 506 848; x_wconf 81' lang='lat' dir='ltr'>graviter</span> <span class='ocrx_word' id='word_1_32' title='bbox 530 767 563 825; x_wconf 88' lang='lat' dir='ltr'>et</span> <span class='ocrx_word' id='word_1_33' title='bbox 596 763 788 824; x_wconf 77' lang='lat' dir='ltr'>constanter</span> <span class='ocrx_word' id='word_1_34' title='bbox 817 758 988 823; x_wconf 87' lang='lat' dir='ltr'>llebraeos</span> <span class='ocrx_word' id='word_1_35' title='bbox 1014 757 1238 845; x_wconf 82' lang='lat' dir='ltr'>oppressisse,</span> <span class='ocrx_word' id='word_1_36' title='bbox 1262 765 1300 824; x_wconf 92' lang='lat' dir='ltr'>ut</span> <span class='ocrx_word' id='word_1_37' title='bbox 1329 758 1466 846; x_wconf 88' lang='lat' dir='ltr'>aequali</span> <span class='ocrx_word' id='word_1_38' title='bbox 1494 782 1576 826; x_wconf 90' lang='lat' dir='ltr'>cum</span> 
     </span>
     <span class='ocr_line' id='line_1_6' title="bbox 257 862 1216 936; baseline -0.006 -1"><span class='ocrx_word' id='word_1_39' title='bbox 257 867 461 935; x_wconf 81' lang='lat' dir='ltr'>Ammonitis</span> <span class='ocrx_word' id='word_1_40' title='bbox 476 872 509 932; x_wconf 93' lang='lat' dir='ltr'>et</span> <span class='ocrx_word' id='word_1_41' title='bbox 527 865 676 932; x_wconf 88' lang='lat' dir='ltr'>Moabitis</span> <span class='ocrx_word' id='word_1_42' title='bbox 690 862 843 929; x_wconf 90' lang='lat' dir='ltr'>habendi</span> <span class='ocrx_word' id='word_1_43' title='bbox 856 869 965 930; x_wconf 89' lang='lat' dir='ltr'>essent</span> <span class='ocrx_word' id='word_1_44' title='bbox 982 864 1216 936; x_wconf 80' lang='lat' dir='ltr'>exsecrationi.</span> 
     </span>
    </p>

    <p class='ocr_par' dir='ltr' id='par_1_3' title="bbox 255 968 1641 2230">
     <span class='ocr_line' id='line_1_7' title="bbox 303 968 1575 1060; baseline -0.001 -20"><span class='ocrx_word' id='word_1_45' title='bbox 303 973 512 1052; x_wconf 89' lang='lat' dir='ltr'>Samuelem,</span> <span class='ocrx_word' id='word_1_46' title='bbox 528 972 588 1060; x_wconf 92' lang='lat' dir='ltr'>qui</span> <span class='ocrx_word' id='word_1_47' title='bbox 601 977 779 1060; x_wconf 82' lang='lat' dir='ltr'>tantopere</span> <span class='ocrx_word' id='word_1_48' title='bbox 797 969 833 1035; x_wconf 93' lang='lat' dir='ltr'>in</span> <span class='ocrx_word' id='word_1_49' title='bbox 849 971 935 1035; x_wconf 84' lang='lat' dir='ltr'>votis</span> <span class='ocrx_word' id='word_1_50' title='bbox 950 968 1072 1035; x_wconf 91' lang='lat' dir='ltr'>habuit</span> <span class='ocrx_word' id='word_1_51' title='bbox 1082 969 1332 1037; x_wconf 88' lang='lat' dir='ltr'>institutionem</span> <span class='ocrx_word' id='word_1_52' title='bbox 1345 973 1456 1058; x_wconf 80' lang='lat' dir='ltr'>regni,</span> <span class='ocrx_word' id='word_1_53' title='bbox 1473 973 1575 1039; x_wconf 90' lang='lat' dir='ltr'>duos-</span> 
     </span>
     <span class='ocr_line' id='line_1_8' title="bbox 260 1075 1574 1170; baseline -0.001 -25"><span class='ocrx_word' id='word_1_54' title='bbox 260 1102 326 1170; x_wconf 89' lang='lat' dir='ltr'>que</span> <span class='ocrx_word' id='word_1_55' title='bbox 346 1081 475 1168; x_wconf 90' lang='lat' dir='ltr'>primos</span> <span class='ocrx_word' id='word_1_56' title='bbox 490 1101 590 1165; x_wconf 79' lang='lat' dir='ltr'>reges</span> <span class='ocrx_word' id='word_1_57' title='bbox 604 1079 676 1166; x_wconf 88' lang='lat' dir='ltr'>ipse</span> <span class='ocrx_word' id='word_1_58' title='bbox 692 1077 804 1158; x_wconf 84' lang='lat' dir='ltr'>unxit,</span> <span class='ocrx_word' id='word_1_59' title='bbox 823 1075 1122 1141; x_wconf 76' lang='lat' dir='ltr'>sollicitum-luisse</span> <span class='ocrx_word' id='word_1_60' title='bbox 1136 1075 1177 1141; x_wconf 91' lang='lat' dir='ltr'>de</span> <span class='ocrx_word' id='word_1_61' title='bbox 1195 1077 1384 1145; x_wconf 82' lang='lat' dir='ltr'>condendis</span> <span class='ocrx_word' id='word_1_62' title='bbox 1401 1080 1454 1145; x_wconf 88' lang='lat' dir='ltr'>vel</span> <span class='ocrx_word' id='word_1_63' title='bbox 1475 1079 1574 1146; x_wconf 93' lang='lat' dir='ltr'>colli-</span> 
     </span>
     <span class='ocr_line' id='line_1_9' title="bbox 257 1181 1571 1274; baseline 0 -21"><span class='ocrx_word' id='word_1_64' title='bbox 257 1185 376 1274; x_wconf 83' lang='lat' dir='ltr'>gendis</span> <span class='ocrx_word' id='word_1_65' title='bbox 396 1187 475 1251; x_wconf 90' lang='lat' dir='ltr'>novi</span> <span class='ocrx_word' id='word_1_66' title='bbox 496 1185 593 1271; x_wconf 83' lang='lat' dir='ltr'>regni</span> <span class='ocrx_word' id='word_1_67' title='bbox 614 1184 762 1270; x_wconf 82' lang='lat' dir='ltr'>legibus,</span> <span class='ocrx_word' id='word_1_68' title='bbox 788 1182 888 1248; x_wconf 87' lang='lat' dir='ltr'>facile</span> <span class='ocrx_word' id='word_1_69' title='bbox 915 1181 1094 1248; x_wconf 87' lang='lat' dir='ltr'>concedes.</span> <span class='ocrx_word' id='word_1_70' title='bbox 1117 1188 1247 1272; x_wconf 81' lang='lat' dir='ltr'>Reapsc</span> <span class='ocrx_word' id='word_1_71' title='bbox 1269 1191 1284 1249; x_wconf 85' lang='lat'><strong>1</strong></span> <span class='ocrx_word' id='word_1_72' title='bbox 1306 1188 1390 1271; x_wconf 85' lang='lat' dir='ltr'>ch.</span> <span class='ocrx_word' id='word_1_73' title='bbox 1416 1192 1571 1269; x_wconf 74' lang='lat' dir='ltr'>all-18,</span> 
     </span>
     <span class='ocr_line' id='line_1_10' title="bbox 259 1289 1572 1379; baseline -0.002 -21"><span class='ocrx_word' id='word_1_74' title='bbox 259 1316 328 1359; x_wconf 94' lang='lat' dir='ltr'>non</span> <span class='ocrx_word' id='word_1_75' title='bbox 350 1292 422 1358; x_wconf 92' lang='lat' dir='ltr'>sine</span> <span class='ocrx_word' id='word_1_76' title='bbox 444 1293 565 1372; x_wconf 87' lang='lat' dir='ltr'>ironia,</span> <span class='ocrx_word' id='word_1_77' title='bbox 592 1290 755 1379; x_wconf 91' lang='lat' dir='ltr'>proponit</span> <span class='ocrx_word' id='word_1_78' title='bbox 777 1289 904 1378; x_wconf 89' lang='lat' dir='ltr'>populo</span> <span class='ocrx_word' id='word_1_79' title='bbox 929 1289 1123 1355; x_wconf 87' lang='lat' dir='ltr'>luturorum</span> <span class='ocrx_word' id='word_1_80' title='bbox 1148 1311 1266 1379; x_wconf 76' lang='lat' dir='ltr'>aequm</span> <span class='ocrx_word' id='word_1_81' title='bbox 1286 1291 1416 1379; x_wconf 73' lang='lat' dir='ltr'>prurio</span> <span class='ocrx_word' id='word_1_82' title='bbox 1441 1296 1572 1369; x_wconf 65' lang='lat' dir='ltr'>(utun,</span> 
     </span>
     <span class='ocr_line' id='line_1_11' title="bbox 259 1390 1641 1486; baseline -0.001 -21"><span class='ocrx_word' id='word_1_83' title='bbox 259 1400 301 1466; x_wconf 83' lang='lat' dir='ltr'>cf.</span> <span class='ocrx_word' id='word_1_84' title='bbox 314 1403 409 1465; x_wconf 87' lang='lat' dir='ltr'>Deut.</span> <span class='ocrx_word' id='word_1_85' title='bbox 431 1397 539 1486; x_wconf 65' lang='lat' dir='ltr'>lau),</span> <span class='ocrx_word' id='word_1_86' title='bbox 561 1399 684 1463; x_wconf 89' lang='lat' dir='ltr'>fastum</span> <span class='ocrx_word' id='word_1_87' title='bbox 699 1401 732 1461; x_wconf 89' lang='lat' dir='ltr'>ct</span> <span class='ocrx_word' id='word_1_88' title='bbox 746 1395 942 1475; x_wconf 91' lang='lat' dir='ltr'>avaritiam,</span> <span class='ocrx_word' id='word_1_89' title='bbox 961 1416 1048 1482; x_wconf 88' lang='lat' dir='ltr'>quae</span> <span class='ocrx_word' id='word_1_90' title='bbox 1060 1400 1130 1460; x_wconf 89' lang='lat' dir='ltr'>tam</span> <span class='ocrx_word' id='word_1_91' title='bbox 1147 1395 1248 1481; x_wconf 84' lang='lat' dir='ltr'>longe</span> <span class='ocrx_word' id='word_1_92' title='bbox 1261 1396 1424 1465; x_wconf 86' lang='lat' dir='ltr'>ablutura</span> <span class='ocrx_word' id='word_1_93' title='bbox 1438 1404 1536 1464; x_wconf 89' lang='lat' dir='ltr'>erant</span> <span class='ocrx_word' id='word_1_94' title='bbox 1552 1421 1574 1464; x_wconf 90' lang='lat' dir='ltr'>a</span> <span class='ocrx_word' id='word_1_95' title='bbox 1638 1390 1641 1396; x_wconf 47' lang='lat'><strong><em>‘</em></strong></span> 
     </span>
     <span class='ocr_line' id='line_1_12' title="bbox 258 1500 1573 1591; baseline -0.001 -21"><span class='ocrx_word' id='word_1_96' title='bbox 258 1506 336 1591; x_wconf 83' lang='lat' dir='ltr'>lege</span> <span class='ocrx_word' id='word_1_97' title='bbox 349 1503 550 1570; x_wconf 82' lang='lat' dir='ltr'>collectanei</span> <span class='ocrx_word' id='word_1_98' title='bbox 567 1507 740 1584; x_wconf 60' lang='lat' dir='ltr'>rull-20.</span> <span class='ocrx_word' id='word_1_99' title='bbox 760 1506 936 1567; x_wconf 87' lang='lat' dir='ltr'>Praeterea</span> <span class='ocrx_word' id='word_1_100' title='bbox 952 1500 1107 1566; x_wconf 88' lang='lat' dir='ltr'>condidit</span> <span class='ocrx_word' id='word_1_101' title='bbox 1126 1500 1197 1588; x_wconf 89' lang='lat' dir='ltr'>ipse</span> <span class='ocrx_word' id='word_1_102' title='bbox 1214 1501 1383 1568; x_wconf 79' lang='lat' dir='ltr'>iudicium</span> <span class='ocrx_word' id='word_1_103' title='bbox 1398 1504 1498 1591; x_wconf 78' lang='lat' dir='ltr'>requi</span> <span class='ocrx_word' id='word_1_104' title='bbox 1512 1527 1573 1570; x_wconf 90' lang='lat' dir='ltr'>seu</span> 
     </span>
     <span class='ocr_line' id='line_1_13' title="bbox 255 1607 1572 1700; baseline 0.001 -25"><span class='ocrx_word' id='word_1_105' title='bbox 255 1611 386 1700; x_wconf 76' lang='lat' dir='ltr'>procia</span> <span class='ocrx_word' id='word_1_106' title='bbox 402 1610 528 1698; x_wconf 79' lang='lat' dir='ltr'>reqru&#39;l</span> <span class='ocrx_word' id='word_1_107' title='bbox 547 1615 630 1695; x_wconf 80' lang='lat' dir='ltr'>Reg.</span> <span class='ocrx_word' id='word_1_108' title='bbox 647 1615 758 1691; x_wconf 57' lang='lat'>1025,</span> <span class='ocrx_word' id='word_1_109' title='bbox 772 1629 839 1695; x_wconf 91' lang='lat' dir='ltr'>quo</span> <span class='ocrx_word' id='word_1_110' title='bbox 851 1608 925 1697; x_wconf 90' lang='lat' dir='ltr'>ipso</span> <span class='ocrx_word' id='word_1_111' title='bbox 935 1608 1074 1673; x_wconf 89' lang='lat' dir='ltr'>fortasse</span> <span class='ocrx_word' id='word_1_112' title='bbox 1084 1607 1224 1673; x_wconf 89' lang='lat' dir='ltr'>nomine</span> <span class='ocrx_word' id='word_1_113' title='bbox 1235 1609 1458 1697; x_wconf 86' lang='lat' dir='ltr'>exprimebat,</span> <span class='ocrx_word' id='word_1_114' title='bbox 1471 1632 1572 1676; x_wconf 92' lang='lat' dir='ltr'>suum</span> 
     </span>
     <span class='ocr_line' id='line_1_14' title="bbox 260 1713 1573 1806; baseline 0 -23"><span class='ocrx_word' id='word_1_115' title='bbox 260 1717 424 1806; x_wconf 91' lang='lat' dir='ltr'>scriptum</span> <span class='ocrx_word' id='word_1_116' title='bbox 435 1739 504 1782; x_wconf 92' lang='lat' dir='ltr'>non</span> <span class='ocrx_word' id='word_1_117' title='bbox 517 1738 588 1782; x_wconf 88' lang='lat' dir='ltr'>esse</span> <span class='ocrx_word' id='word_1_118' title='bbox 599 1715 666 1781; x_wconf 92' lang='lat' dir='ltr'>nisi</span> <span class='ocrx_word' id='word_1_119' title='bbox 679 1715 792 1801; x_wconf 82' lang='lat' dir='ltr'>legem</span> <span class='ocrx_word' id='word_1_120' title='bbox 807 1713 850 1778; x_wconf 88' lang='lat' dir='ltr'>ad</span> <span class='ocrx_word' id='word_1_121' title='bbox 863 1719 995 1801; x_wconf 89' lang='lat' dir='ltr'>tempus</span> <span class='ocrx_word' id='word_1_122' title='bbox 1007 1718 1180 1794; x_wconf 87' lang='lat' dir='ltr'>statutam,</span> <span class='ocrx_word' id='word_1_123' title='bbox 1196 1736 1365 1780; x_wconf 89' lang='lat' dir='ltr'>cessuram</span> <span class='ocrx_word' id='word_1_124' title='bbox 1380 1715 1573 1802; x_wconf 88' lang='lat' dir='ltr'>aliquando</span> 
     </span>
     <span class='ocr_line' id='line_1_15' title="bbox 261 1819 1573 1913; baseline -0.001 -25"><span class='ocrx_word' id='word_1_125' title='bbox 261 1824 330 1910; x_wconf 80' lang='lat' dir='ltr'>legi</span> <span class='ocrx_word' id='word_1_126' title='bbox 350 1822 556 1913; x_wconf 85' lang='lat' dir='ltr'>perfectiori.</span> <span class='ocrx_word' id='word_1_127' title='bbox 572 1826 654 1887; x_wconf 86' lang='lat' dir='ltr'>Cum</span> <span class='ocrx_word' id='word_1_128' title='bbox 670 1820 777 1907; x_wconf 82' lang='lat' dir='ltr'>igitur</span> <span class='ocrx_word' id='word_1_129' title='bbox 797 1819 921 1908; x_wconf 90' lang='lat' dir='ltr'>aliquis</span> <span class='ocrx_word' id='word_1_130' title='bbox 941 1819 1015 1885; x_wconf 91' lang='lat' dir='ltr'>aevi</span> <span class='ocrx_word' id='word_1_131' title='bbox 1034 1819 1188 1886; x_wconf 91' lang='lat' dir='ltr'>iudicum</span> <span class='ocrx_word' id='word_1_132' title='bbox 1208 1820 1378 1910; x_wconf 82' lang='lat' dir='ltr'>propheta</span> <span class='ocrx_word' id='word_1_133' title='bbox 1395 1821 1573 1909; x_wconf 90' lang='lat' dir='ltr'>scripserit</span> 
     </span>
     <span class='ocr_line' id='line_1_16' title="bbox 258 1925 1573 2015; baseline -0.002 -19"><span class='ocrx_word' id='word_1_134' title='bbox 258 1930 505 1996; x_wconf 87' lang='lat' dir='ltr'>collectaneum</span> <span class='ocrx_word' id='word_1_135' title='bbox 535 1930 667 2014; x_wconf 83' lang='lat' dir='ltr'>legum,</span> <span class='ocrx_word' id='word_1_136' title='bbox 696 1949 774 1992; x_wconf 89' lang='lat' dir='ltr'>cum</span> <span class='ocrx_word' id='word_1_137' title='bbox 799 1925 938 1992; x_wconf 87' lang='lat' dir='ltr'>Samuel</span> <span class='ocrx_word' id='word_1_138' title='bbox 963 1931 1054 1991; x_wconf 85' lang='lat' dir='ltr'>certe</span> <span class='ocrx_word' id='word_1_139' title='bbox 1079 1925 1253 2014; x_wconf 90' lang='lat' dir='ltr'>scripserit</span> <span class='ocrx_word' id='word_1_140' title='bbox 1276 1925 1425 2015; x_wconf 86' lang='lat' dir='ltr'>aliquem</span> <span class='ocrx_word' id='word_1_141' title='bbox 1451 1927 1573 2013; x_wconf 82' lang='lat' dir='ltr'>legum</span> 
     </span>
     <span class='ocr_line' id='line_1_17' title="bbox 258 2031 1574 2126; baseline -0.002 -24"><span class='ocrx_word' id='word_1_142' title='bbox 258 2044 479 2126; x_wconf 86' lang='lat' dir='ltr'>apparatum,</span> <span class='ocrx_word' id='word_1_143' title='bbox 502 2056 618 2101; x_wconf 94' lang='lat' dir='ltr'>nonne</span> <span class='ocrx_word' id='word_1_144' title='bbox 641 2032 791 2120; x_wconf 82' lang='lat' dir='ltr'>legitime</span> <span class='ocrx_word' id='word_1_145' title='bbox 814 2031 1008 2113; x_wconf 85' lang='lat' dir='ltr'>inferimus,</span> <span class='ocrx_word' id='word_1_146' title='bbox 1033 2032 1126 2097; x_wconf 91' lang='lat' dir='ltr'>hunc</span> <span class='ocrx_word' id='word_1_147' title='bbox 1150 2038 1371 2121; x_wconf 88' lang='lat' dir='ltr'>apparatum,</span> <span class='ocrx_word' id='word_1_148' title='bbox 1393 2033 1458 2100; x_wconf 90' lang='lat' dir='ltr'>hoc</span> <span class='ocrx_word' id='word_1_149' title='bbox 1483 2033 1574 2100; x_wconf 91' lang='lat' dir='ltr'>iudi-</span> 
     </span>
     <span class='ocr_line' id='line_1_18' title="bbox 259 2140 962 2230; baseline -0.006 -23"><span class='ocrx_word' id='word_1_150' title='bbox 259 2144 349 2208; x_wconf 90' lang='lat' dir='ltr'>cium</span> <span class='ocrx_word' id='word_1_151' title='bbox 367 2143 464 2228; x_wconf 85' lang='lat' dir='ltr'>regni</span> <span class='ocrx_word' id='word_1_152' title='bbox 478 2143 591 2230; x_wconf 89' lang='lat' dir='ltr'>ipsum</span> <span class='ocrx_word' id='word_1_153' title='bbox 607 2162 677 2206; x_wconf 84' lang='lat' dir='ltr'>esse</span> <span class='ocrx_word' id='word_1_154' title='bbox 694 2140 962 2206; x_wconf 87' lang='lat' dir='ltr'>collectaneum?</span> 
     </span>
    </p>

    <p class='ocr_par' dir='ltr' id='par_1_4' title="bbox 259 2245 1576 3080">
     <span class='ocr_line' id='line_1_19' title="bbox 304 2245 1576 2337; baseline 0.002 -26"><span class='ocrx_word' id='word_1_155' title='bbox 304 2252 426 2312; x_wconf 88' lang='lat' dir='ltr'>Verum</span> <span class='ocrx_word' id='word_1_156' title='bbox 456 2271 526 2312; x_wconf 92' lang='lat' dir='ltr'>non</span> <span class='ocrx_word' id='word_1_157' title='bbox 547 2246 680 2334; x_wconf 91' lang='lat' dir='ltr'>scripsit</span> <span class='ocrx_word' id='word_1_158' title='bbox 702 2247 810 2310; x_wconf 90' lang='lat' dir='ltr'>solum</span> <span class='ocrx_word' id='word_1_159' title='bbox 838 2245 1005 2311; x_wconf 90' lang='lat' dir='ltr'>iudicium</span> <span class='ocrx_word' id='word_1_160' title='bbox 1040 2248 1138 2331; x_wconf 81' lang='lat' dir='ltr'>regni</span> <span class='ocrx_word' id='word_1_161' title='bbox 1161 2247 1313 2329; x_wconf 88' lang='lat' dir='ltr'>Samuel,</span> <span class='ocrx_word' id='word_1_162' title='bbox 1340 2247 1400 2313; x_wconf 92' lang='lat' dir='ltr'>sed</span> <span class='ocrx_word' id='word_1_163' title='bbox 1423 2249 1576 2337; x_wconf 90' lang='lat' dir='ltr'>reposuit</span> 
     </span>
     <span class='ocr_line' id='line_1_20' title="bbox 263 2352 1575 2443; baseline 0.002 -25"><span class='ocrx_word' id='word_1_164' title='bbox 263 2375 377 2419; x_wconf 87' lang='lat' dir='ltr'>coram</span> <span class='ocrx_word' id='word_1_165' title='bbox 397 2352 509 2432; x_wconf 76' lang='lat' dir='ltr'>labae,</span> <span class='ocrx_word' id='word_1_166' title='bbox 529 2376 569 2418; x_wconf 91' lang='lat' dir='ltr'>eo</span> <span class='ocrx_word' id='word_1_167' title='bbox 589 2352 663 2440; x_wconf 90' lang='lat' dir='ltr'>ipso</span> <span class='ocrx_word' id='word_1_168' title='bbox 680 2352 766 2432; x_wconf 88' lang='lat' dir='ltr'>loco,</span> <span class='ocrx_word' id='word_1_169' title='bbox 785 2373 852 2439; x_wconf 93' lang='lat' dir='ltr'>quo</span> <span class='ocrx_word' id='word_1_170' title='bbox 877 2355 1001 2436; x_wconf 67' lang='lat' dir='ltr'>lloyses</span> <span class='ocrx_word' id='word_1_171' title='bbox 1020 2357 1053 2416; x_wconf 87' lang='lat' dir='ltr'>ct</span> <span class='ocrx_word' id='word_1_172' title='bbox 1072 2353 1208 2418; x_wconf 89' lang='lat' dir='ltr'>thoram</span> <span class='ocrx_word' id='word_1_173' title='bbox 1226 2357 1258 2418; x_wconf 88' lang='lat' dir='ltr'>et</span> <span class='ocrx_word' id='word_1_174' title='bbox 1279 2353 1449 2420; x_wconf 85' lang='lat' dir='ltr'>canticum</span> <span class='ocrx_word' id='word_1_175' title='bbox 1472 2377 1575 2443; x_wconf 89' lang='lat' dir='ltr'>repo·</span> 
     </span>
     <span class='ocr_line' id='line_1_21' title="bbox 260 2457 1573 2550; baseline 0.002 -24"><span class='ocrx_word' id='word_1_176' title='bbox 260 2465 383 2526; x_wconf 86' lang='lat' dir='ltr'>suerat.</span> <span class='ocrx_word' id='word_1_177' title='bbox 402 2460 438 2525; x_wconf 95' lang='lat' dir='ltr'>ld</span> <span class='ocrx_word' id='word_1_178' title='bbox 456 2459 535 2524; x_wconf 83' lang='lat' dir='ltr'>fecit</span> <span class='ocrx_word' id='word_1_179' title='bbox 554 2458 749 2546; x_wconf 79' lang='lat' dir='ltr'>exemplum</span> <span class='ocrx_word' id='word_1_180' title='bbox 764 2462 898 2523; x_wconf 89' lang='lat' dir='ltr'>secutus</span> <span class='ocrx_word' id='word_1_181' title='bbox 914 2462 1023 2539; x_wconf 91' lang='lat' dir='ltr'>losue,</span> <span class='ocrx_word' id='word_1_182' title='bbox 1042 2457 1101 2546; x_wconf 93' lang='lat' dir='ltr'>qui</span> <span class='ocrx_word' id='word_1_183' title='bbox 1119 2480 1182 2523; x_wconf 90' lang='lat' dir='ltr'>sna</span> <span class='ocrx_word' id='word_1_184' title='bbox 1197 2460 1315 2525; x_wconf 89' lang='lat' dir='ltr'>thorae</span> <span class='ocrx_word' id='word_1_185' title='bbox 1332 2460 1573 2550; x_wconf 84' lang='lat' dir='ltr'>adscripscrat,</span> 
     </span>
     <span class='ocr_line' id='line_1_22' title="bbox 261 2563 1575 2655; baseline 0.002 -24"><span class='ocrx_word' id='word_1_186' title='bbox 261 2571 363 2655; x_wconf 90' lang='lat' dir='ltr'>atque</span> <span class='ocrx_word' id='word_1_187' title='bbox 379 2567 498 2632; x_wconf 90' lang='lat' dir='ltr'>thorae</span> <span class='ocrx_word' id='word_1_188' title='bbox 514 2565 688 2653; x_wconf 88' lang='lat' dir='ltr'>adscripta</span> <span class='ocrx_word' id='word_1_189' title='bbox 711 2586 751 2630; x_wconf 88' lang='lat' dir='ltr'>eo</span> <span class='ocrx_word' id='word_1_190' title='bbox 773 2563 847 2630; x_wconf 87' lang='lat' dir='ltr'>loco</span> <span class='ocrx_word' id='word_1_191' title='bbox 873 2571 1083 2652; x_wconf 89' lang='lat' dir='ltr'>reposuerat,</span> <span class='ocrx_word' id='word_1_192' title='bbox 1107 2587 1208 2654; x_wconf 90' lang='lat' dir='ltr'>quem</span> <span class='ocrx_word' id='word_1_193' title='bbox 1230 2566 1349 2633; x_wconf 90' lang='lat' dir='ltr'>thorae</span> <span class='ocrx_word' id='word_1_194' title='bbox 1379 2571 1506 2653; x_wconf 80' lang='lat' dir='ltr'>lloyses</span> <span class='ocrx_word' id='word_1_195' title='bbox 1521 2574 1575 2633; x_wconf 92' lang='lat' dir='ltr'>at·</span> 
     </span>
     <span class='ocr_line' id='line_1_23' title="bbox 259 2671 1576 2762; baseline 0.002 -24"><span class='ocrx_word' id='word_1_196' title='bbox 259 2672 443 2754; x_wconf 88' lang='lat' dir='ltr'>tribuerat,</span> <span class='ocrx_word' id='word_1_197' title='bbox 462 2694 576 2738; x_wconf 90' lang='lat' dir='ltr'>coram</span> <span class='ocrx_word' id='word_1_198' title='bbox 597 2671 710 2737; x_wconf 88' lang='lat' dir='ltr'>lahve.</span> <span class='ocrx_word' id='word_1_199' title='bbox 738 2676 826 2756; x_wconf 79' lang='lat' dir='ltr'>Ergo</span> <span class='ocrx_word' id='word_1_200' title='bbox 849 2671 921 2759; x_wconf 89' lang='lat' dir='ltr'>ipse</span> <span class='ocrx_word' id='word_1_201' title='bbox 939 2693 1076 2759; x_wconf 90' lang='lat' dir='ltr'>quoque</span> <span class='ocrx_word' id='word_1_202' title='bbox 1096 2693 1157 2737; x_wconf 91' lang='lat' dir='ltr'>sua</span> <span class='ocrx_word' id='word_1_203' title='bbox 1175 2672 1319 2738; x_wconf 89' lang='lat' dir='ltr'>inscruit</span> <span class='ocrx_word' id='word_1_204' title='bbox 1333 2673 1452 2739; x_wconf 89' lang='lat' dir='ltr'>thorae</span> <span class='ocrx_word' id='word_1_205' title='bbox 1470 2680 1576 2762; x_wconf 87' lang='lat' dir='ltr'>atquc</span> 
     </span>
     <span class='ocr_line' id='line_1_24' title="bbox 259 2777 1576 2867; baseline 0.002 -23"><span class='ocrx_word' id='word_1_206' title='bbox 259 2779 306 2847; x_wconf 88' lang='lat' dir='ltr'>ila</span> <span class='ocrx_word' id='word_1_207' title='bbox 320 2780 441 2861; x_wconf 86' lang='lat' dir='ltr'>effecit,</span> <span class='ocrx_word' id='word_1_208' title='bbox 456 2785 492 2846; x_wconf 93' lang='lat' dir='ltr'>ut</span> <span class='ocrx_word' id='word_1_209' title='bbox 502 2778 700 2845; x_wconf 88' lang='lat' dir='ltr'>iuremerito</span> <span class='ocrx_word' id='word_1_210' title='bbox 712 2777 773 2843; x_wconf 91' lang='lat' dir='ltr'>illa</span> <span class='ocrx_word' id='word_1_211' title='bbox 784 2799 950 2865; x_wconf 87' lang='lat' dir='ltr'>reponere</span> <span class='ocrx_word' id='word_1_212' title='bbox 961 2782 1074 2865; x_wconf 89' lang='lat' dir='ltr'>posset</span> <span class='ocrx_word' id='word_1_213' title='bbox 1086 2799 1126 2843; x_wconf 89' lang='lat' dir='ltr'>co</span> <span class='ocrx_word' id='word_1_214' title='bbox 1138 2777 1225 2856; x_wconf 85' lang='lat' dir='ltr'>loco,</span> <span class='ocrx_word' id='word_1_215' title='bbox 1243 2779 1384 2867; x_wconf 91' lang='lat' dir='ltr'>quinon</span> <span class='ocrx_word' id='word_1_216' title='bbox 1398 2786 1484 2846; x_wconf 88' lang='lat' dir='ltr'>esset</span> <span class='ocrx_word' id='word_1_217' title='bbox 1497 2780 1576 2846; x_wconf 90' lang='lat' dir='ltr'>uui-</span> 
     </span>
     <span class='ocr_line' id='line_1_25' title="bbox 260 2883 1575 2974; baseline 0.002 -23"><span class='ocrx_word' id='word_1_218' title='bbox 260 2887 397 2951; x_wconf 89' lang='lat' dir='ltr'>versalis</span> <span class='ocrx_word' id='word_1_219' title='bbox 418 2886 587 2974; x_wconf 87' lang='lat' dir='ltr'>quaedam</span> <span class='ocrx_word' id='word_1_220' title='bbox 603 2884 815 2949; x_wconf 86' lang='lat' dir='ltr'>bibliotheca</span> <span class='ocrx_word' id='word_1_221' title='bbox 835 2905 948 2961; x_wconf 89' lang='lat' dir='ltr'>sacra,</span> <span class='ocrx_word' id='word_1_222' title='bbox 973 2884 1033 2948; x_wconf 87' lang='lat' dir='ltr'>sed</span> <span class='ocrx_word' id='word_1_223' title='bbox 1050 2883 1291 2968; x_wconf 80' lang='lat' dir='ltr'>augustissimo</span> <span class='ocrx_word' id='word_1_224' title='bbox 1306 2886 1426 2972; x_wconf 78' lang='lat' dir='ltr'>Moysis</span> <span class='ocrx_word' id='word_1_225' title='bbox 1446 2886 1575 2974; x_wconf 89' lang='lat' dir='ltr'>scripto</span> 
     </span>
     <span class='ocr_line' id='line_1_26' title="bbox 260 2988 1470 3080; baseline 0 -22"><span class='ocrx_word' id='word_1_226' title='bbox 260 2992 452 3080; x_wconf 89' lang='lat' dir='ltr'>specialiter</span> <span class='ocrx_word' id='word_1_227' title='bbox 471 2997 671 3056; x_wconf 78' lang='lat' dir='ltr'>reservatus</span> <span class='ocrx_word' id='word_1_228' title='bbox 691 2995 714 3054; x_wconf 85' lang='lat' dir='ltr'>E</span> <span class='ocrx_word' id='word_1_229' title='bbox 735 2990 927 3077; x_wconf 88' lang='lat' dir='ltr'>praemissis</span> <span class='ocrx_word' id='word_1_230' title='bbox 946 2988 1015 3054; x_wconf 90' lang='lat' dir='ltr'>iam</span> <span class='ocrx_word' id='word_1_231' title='bbox 1040 2990 1167 3056; x_wconf 86' lang='lat' dir='ltr'>inferas</span> <span class='ocrx_word' id='word_1_232' title='bbox 1186 2991 1439 3058; x_wconf 88' lang='lat' dir='ltr'>conclusionem</span> <span class='ocrx_word' id='word_1_233' title='bbox 1462 3013 1470 3058; x_wconf 90' lang='lat'>:</span> 
     </span>
    </p>

    <p class='ocr_par' dir='ltr' id='par_1_5' title="bbox 263 3093 1577 3395">
     <span class='ocr_line' id='line_1_27' title="bbox 305 3093 1577 3186; baseline 0.002 -25"><span class='ocrx_word' id='word_1_234' title='bbox 305 3096 404 3161; x_wconf 78' lang='lat' dir='ltr'>bobes</span> <span class='ocrx_word' id='word_1_235' title='bbox 422 3094 437 3161; x_wconf 78' lang='lat' dir='ltr'>l</span> <span class='ocrx_word' id='word_1_236' title='bbox 456 3099 534 3183; x_wconf 75' lang='lat' dir='ltr'>ch.</span> <span class='ocrx_word' id='word_1_237' title='bbox 561 3093 666 3180; x_wconf 73' lang='lat'>10,‘)5</span> <span class='ocrx_word' id='word_1_238' title='bbox 681 3094 875 3160; x_wconf 82' lang='lat' dir='ltr'>Samuelem</span> <span class='ocrx_word' id='word_1_239' title='bbox 901 3093 1017 3160; x_wconf 75' lang='lat' dir='ltr'>thorae</span> <span class='ocrx_word' id='word_1_240' title='bbox 1043 3095 1243 3162; x_wconf 81' lang='lat' dir='ltr'>inserentem</span> <span class='ocrx_word' id='word_1_241' title='bbox 1265 3095 1434 3163; x_wconf 76' lang='lat' dir='ltr'>iudicium</span> <span class='ocrx_word' id='word_1_242' title='bbox 1455 3099 1577 3186; x_wconf 74' lang='lat' dir='ltr'>rapui,¹</span> 
     </span>
     <span class='ocr_line' id='line_1_28' title="bbox 263 3200 1577 3290; baseline 0.004 -23"><span class='ocrx_word' id='word_1_243' title='bbox 263 3203 363 3268; x_wconf 82' lang='lat' dir='ltr'>habes</span> <span class='ocrx_word' id='word_1_244' title='bbox 392 3201 593 3290; x_wconf 73' lang='lat' dir='ltr'>proplietam</span> <span class='ocrx_word' id='word_1_245' title='bbox 625 3200 777 3288; x_wconf 81' lang='lat' dir='ltr'>aliquem</span> <span class='ocrx_word' id='word_1_246' title='bbox 799 3201 996 3289; x_wconf 76' lang='lat' dir='ltr'>posterioris</span> <span class='ocrx_word' id='word_1_247' title='bbox 1020 3201 1096 3266; x_wconf 71' lang='lat' dir='ltr'>ocari</span> <span class='ocrx_word' id='word_1_248' title='bbox 1128 3202 1283 3269; x_wconf 81' lang='lat' dir='ltr'>iudicum</span> <span class='ocrx_word' id='word_1_249' title='bbox 1313 3202 1424 3269; x_wconf 81' lang='lat' dir='ltr'>eidem</span> <span class='ocrx_word' id='word_1_250' title='bbox 1457 3202 1577 3272; x_wconf 72' lang='lat' dir='ltr'>thorae</span> 
     </span>
     <span class='ocr_line' id='line_1_29' title="bbox 263 3304 1230 3395; baseline 0.001 -20"><span class='ocrx_word' id='word_1_251' title='bbox 263 3309 464 3375; x_wconf 79' lang='lat' dir='ltr'>inserentem</span> <span class='ocrx_word' id='word_1_252' title='bbox 480 3307 725 3387; x_wconf 73' lang='lat' dir='ltr'>collectaneum</span> <span class='ocrx_word' id='word_1_253' title='bbox 740 3305 854 3395; x_wconf 68' lang='lat' dir='ltr'>layum</span> <span class='ocrx_word' id='word_1_254' title='bbox 870 3310 968 3372; x_wconf 80' lang='lat' dir='ltr'>Deut.</span> <span class='ocrx_word' id='word_1_255' title='bbox 990 3304 1202 3391; x_wconf 50' lang='lat' dir='ltr'>lul-wart</span> <span class='ocrx_word' id='word_1_256' title='bbox 1217 3330 1230 3373; x_wconf 90' lang='grc'>.·</span> 
     </span>
    </p>

    <p class='ocr_par' dir='ltr' id='par_1_6' title="bbox 261 3412 1577 3716">
     <span class='ocr_line' id='line_1_30' title="bbox 305 3412 1577 3506; baseline 0 -23"><span class='ocrx_word' id='word_1_257' title='bbox 305 3439 384 3506; x_wconf 74' lang='lat' dir='ltr'>erqo</span> <span class='ocrx_word' id='word_1_258' title='bbox 401 3415 643 3482; x_wconf 82' lang='lat' dir='ltr'>collectaneum</span> <span class='ocrx_word' id='word_1_259' title='bbox 656 3414 767 3504; x_wconf 71' lang='lat' dir='ltr'>sperem</span> <span class='ocrx_word' id='word_1_260' title='bbox 780 3426 828 3479; x_wconf 83' lang='lat' dir='ltr'>est</span> <span class='ocrx_word' id='word_1_261' title='bbox 843 3412 1011 3478; x_wconf 78' lang='lat' dir='ltr'>iudicium</span> <span class='ocrx_word' id='word_1_262' title='bbox 1024 3415 1139 3501; x_wconf 79' lang='lat' dir='ltr'>requi,</span> <span class='ocrx_word' id='word_1_263' title='bbox 1157 3428 1189 3480; x_wconf 80' lang='lat' dir='ltr'>et</span> <span class='ocrx_word' id='word_1_264' title='bbox 1196 3417 1364 3506; x_wconf 77' lang='lat' dir='ltr'>propbeta</span> <span class='ocrx_word' id='word_1_265' title='bbox 1377 3413 1435 3481; x_wconf 83' lang='lat' dir='ltr'>ille</span> <span class='ocrx_word' id='word_1_266' title='bbox 1447 3428 1496 3481; x_wconf 82' lang='lat' dir='ltr'>est</span> <span class='ocrx_word' id='word_1_267' title='bbox 1509 3419 1577 3483; x_wconf 78' lang='lat' dir='ltr'>Sa-</span> 
     </span>
     <span class='ocr_line' id='line_1_31' title="bbox 261 3520 1574 3610; baseline 0.001 -21"><span class='ocrx_word' id='word_1_268' title='bbox 261 3522 363 3589; x_wconf 85' lang='lat' dir='ltr'>muel.</span> <span class='ocrx_word' id='word_1_269' title='bbox 380 3528 497 3589; x_wconf 91' lang='lat' dir='ltr'>Nonne</span> <span class='ocrx_word' id='word_1_270' title='bbox 513 3523 603 3588; x_wconf 93' lang='lat' dir='ltr'>hanc</span> <span class='ocrx_word' id='word_1_271' title='bbox 626 3526 777 3587; x_wconf 91' lang='lat' dir='ltr'>nostram</span> <span class='ocrx_word' id='word_1_272' title='bbox 801 3520 1000 3608; x_wconf 90' lang='lat' dir='ltr'>opinionem</span> <span class='ocrx_word' id='word_1_273' title='bbox 1023 3520 1151 3608; x_wconf 91' lang='lat' dir='ltr'>potiori</span> <span class='ocrx_word' id='word_1_274' title='bbox 1172 3520 1246 3588; x_wconf 91' lang='lat' dir='ltr'>iure</span> <span class='ocrx_word' id='word_1_275' title='bbox 1269 3521 1451 3604; x_wconf 87' lang='lat' dir='ltr'>tuebimur,</span> <span class='ocrx_word' id='word_1_276' title='bbox 1466 3545 1574 3610; x_wconf 87' lang='lat' dir='ltr'>quam</span> 
     </span>
     <span class='ocr_line' id='line_1_32' title="bbox 261 3626 1173 3716; baseline -0.002 -22"><span class='ocrx_word' id='word_1_277' title='bbox 261 3631 362 3716; x_wconf 88' lang='lat' dir='ltr'>plura</span> <span class='ocrx_word' id='word_1_278' title='bbox 376 3628 608 3694; x_wconf 84' lang='lat' dir='ltr'>defenduntur</span> <span class='ocrx_word' id='word_1_279' title='bbox 624 3628 811 3693; x_wconf 90' lang='lat' dir='ltr'>modernae</span> <span class='ocrx_word' id='word_1_280' title='bbox 832 3626 968 3692; x_wconf 78' lang='lat' dir='ltr'>criticae</span> <span class='ocrx_word' id='word_1_281' title='bbox 978 3627 1173 3692; x_wconf 79' lang='lat' dir='ltr'>axiomata?</span> 
     </span>
    </p>

    <p class='ocr_par' dir='ltr' id='par_1_7' title="bbox 261 3731 1576 4140">
     <span class='ocr_line' id='line_1_33' title="bbox 306 3731 1576 3819; baseline 0.003 -21"><span class='ocrx_word' id='word_1_282' title='bbox 306 3740 394 3819; x_wconf 83' lang='lat' dir='ltr'>Ergo</span> <span class='ocrx_word' id='word_1_283' title='bbox 415 3733 505 3798; x_wconf 89' lang='lat' dir='ltr'>liber</span> <span class='ocrx_word' id='word_1_284' title='bbox 529 3735 598 3816; x_wconf 89' lang='lat' dir='ltr'>ille,</span> <span class='ocrx_word' id='word_1_285' title='bbox 624 3734 679 3800; x_wconf 91' lang='lat' dir='ltr'>cui</span> <span class='ocrx_word' id='word_1_286' title='bbox 697 3755 796 3800; x_wconf 91' lang='lat' dir='ltr'>suum</span> <span class='ocrx_word' id='word_1_287' title='bbox 822 3733 960 3799; x_wconf 92' lang='lat' dir='ltr'>Samuel</span> <span class='ocrx_word' id='word_1_288' title='bbox 980 3732 1125 3799; x_wconf 90' lang='lat' dir='ltr'>inseruit</span> <span class='ocrx_word' id='word_1_289' title='bbox 1140 3731 1398 3815; x_wconf 87' lang='lat' dir='ltr'>collectaneum,</span> <span class='ocrx_word' id='word_1_290' title='bbox 1416 3757 1486 3801; x_wconf 90' lang='lat' dir='ltr'>non</span> <span class='ocrx_word' id='word_1_291' title='bbox 1501 3743 1576 3803; x_wconf 88' lang='lat' dir='ltr'>erat</span> 
     </span>
     <span class='ocr_line' id='line_1_34' title="bbox 261 3838 1572 3928; baseline 0.002 -22"><span class='ocrx_word' id='word_1_292' title='bbox 261 3841 375 3906; x_wconf 89' lang='lat' dir='ltr'>nudus</span> <span class='ocrx_word' id='word_1_293' title='bbox 403 3839 617 3928; x_wconf 78' lang='lat' dir='ltr'>pentaloguS,</span> <span class='ocrx_word' id='word_1_294' title='bbox 644 3840 704 3904; x_wconf 87' lang='lat' dir='ltr'>sed</span> <span class='ocrx_word' id='word_1_295' title='bbox 733 3839 826 3905; x_wconf 90' lang='lat' dir='ltr'>idem</span> <span class='ocrx_word' id='word_1_296' title='bbox 845 3845 964 3905; x_wconf 92' lang='lat' dir='ltr'>auctus</span> <span class='ocrx_word' id='word_1_297' title='bbox 986 3838 1104 3904; x_wconf 86' lang='lat' dir='ltr'>saltem</span> <span class='ocrx_word' id='word_1_298' title='bbox 1132 3840 1310 3927; x_wconf 90' lang='lat' dir='ltr'>paraenesi</span> <span class='ocrx_word' id='word_1_299' title='bbox 1335 3846 1539 3922; x_wconf 76' lang='lat' dir='ltr'>7,1a-11,32</span> <span class='ocrx_word' id='word_1_300' title='bbox 1564 3863 1572 3910; x_wconf 91' lang='lat'>:</span> 
     </span>
     <span class='ocr_line' id='line_1_35' title="bbox 261 3945 1572 4036; baseline 0.002 -24"><span class='ocrx_word' id='word_1_301' title='bbox 261 3948 426 4012; x_wconf 91' lang='lat' dir='ltr'>Samuelis</span> <span class='ocrx_word' id='word_1_302' title='bbox 448 3952 602 4035; x_wconf 87' lang='lat' dir='ltr'>tempore</span> <span class='ocrx_word' id='word_1_303' title='bbox 621 3945 690 4010; x_wconf 92' lang='lat' dir='ltr'>iam</span> <span class='ocrx_word' id='word_1_304' title='bbox 715 3945 867 4012; x_wconf 80' lang='lat' dir='ltr'>exstabat</span> <span class='ocrx_word' id='word_1_305' title='bbox 894 3945 1100 4034; x_wconf 80' lang='lat' dir='ltr'>pentalogus</span> <span class='ocrx_word' id='word_1_306' title='bbox 1124 3951 1243 4011; x_wconf 89' lang='lat' dir='ltr'>auctus</span> <span class='ocrx_word' id='word_1_307' title='bbox 1270 3946 1449 4036; x_wconf 85' lang='lat' dir='ltr'>paraenesi</span> <span class='ocrx_word' id='word_1_308' title='bbox 1474 3951 1572 4014; x_wconf 79' lang='lat' dir='ltr'>lteut.</span> 
     </span>
     <span class='ocr_line' id='line_1_36' title="bbox 261 4051 1174 4140; baseline -0.001 -22"><span class='ocrx_word' id='word_1_309' title='bbox 261 4060 450 4133; x_wconf 74' lang='lat'>5‚1-11,32,</span> <span class='ocrx_word' id='word_1_310' title='bbox 473 4053 733 4140; x_wconf 89' lang='lat' dir='ltr'>habebaturque</span> <span class='ocrx_word' id='word_1_311' title='bbox 752 4051 842 4116; x_wconf 90' lang='lat' dir='ltr'>liber</span> <span class='ocrx_word' id='word_1_312' title='bbox 861 4053 925 4120; x_wconf 66' lang='grc' dir='ltr'>κατ’</span> <span class='ocrx_word' id='word_1_313' title='bbox 942 4057 1049 4139; x_wconf 72' lang='grc' dir='ltr'>ἐξοχὴν</span> <span class='ocrx_word' id='word_1_314' title='bbox 1068 4073 1174 4118; x_wconf 89' lang='lat' dir='ltr'>sacer.</span> 
     </span>
    </p>

    <p class='ocr_par' dir='ltr' id='par_1_8' title="bbox 262 4156 1579 4778">
     <span class='ocr_line' id='line_1_37' title="bbox 305 4156 1561 4248; baseline 0.002 -25"><span class='ocrx_word' id='word_1_315' title='bbox 305 4164 460 4224; x_wconf 83' lang='lat' dir='ltr'>Econtra</span> <span class='ocrx_word' id='word_1_316' title='bbox 480 4159 615 4224; x_wconf 89' lang='lat' dir='ltr'>Samuel</span> <span class='ocrx_word' id='word_1_317' title='bbox 635 4180 702 4222; x_wconf 93' lang='lat' dir='ltr'>non</span> <span class='ocrx_word' id='word_1_318' title='bbox 723 4156 856 4245; x_wconf 91' lang='lat' dir='ltr'>scripsit</span> <span class='ocrx_word' id='word_1_319' title='bbox 873 4180 922 4236; x_wconf 86' lang='lat' dir='ltr'>oa,</span> <span class='ocrx_word' id='word_1_320' title='bbox 947 4180 1034 4245; x_wconf 89' lang='lat' dir='ltr'>quae</span> <span class='ocrx_word' id='word_1_321' title='bbox 1047 4158 1245 4225; x_wconf 90' lang='lat' dir='ltr'>immediate</span> <span class='ocrx_word' id='word_1_322' title='bbox 1262 4164 1454 4248; x_wconf 90' lang='lat' dir='ltr'>sequuntur</span> <span class='ocrx_word' id='word_1_323' title='bbox 1475 4164 1561 4226; x_wconf 87' lang='lat' dir='ltr'>Dent</span> 
     </span>
     <span class='ocr_line' id='line_1_38' title="bbox 262 4263 1574 4354; baseline 0.003 -27"><span class='ocrx_word' id='word_1_324' title='bbox 262 4270 375 4343; x_wconf 75' lang='lat' dir='ltr'>no,15.</span> <span class='ocrx_word' id='word_1_325' title='bbox 393 4264 501 4330; x_wconf 80' lang='lat' dir='ltr'>Verba</span> <span class='ocrx_word' id='word_1_326' title='bbox 523 4287 555 4329; x_wconf 94' lang='lat' dir='ltr'>v.</span> <span class='ocrx_word' id='word_1_327' title='bbox 576 4271 614 4329; x_wconf 82' lang='lat'>17</span> <span class='ocrx_word' id='word_1_328' title='bbox 633 4290 648 4322; x_wconf 73' lang='lat' dir='ltr'>a</span> <span class='ocrx_word' id='word_1_329' title='bbox 670 4263 794 4328; x_wconf 88' lang='lat' dir='ltr'>lahvcn</span> <span class='ocrx_word' id='word_1_330' title='bbox 813 4264 944 4349; x_wconf 82' lang='lat' dir='ltr'>elegisti</span> <span class='ocrx_word' id='word_1_331' title='bbox 963 4263 1068 4329; x_wconf 90' lang='lat' dir='ltr'>hodie</span> <span class='ocrx_word' id='word_1_332' title='bbox 1088 4292 1103 4325; x_wconf 87' lang='lat'>»</span> <span class='ocrx_word' id='word_1_333' title='bbox 1120 4265 1215 4332; x_wconf 91' lang='lat' dir='ltr'>haud</span> <span class='ocrx_word' id='word_1_334' title='bbox 1229 4264 1421 4332; x_wconf 90' lang='lat' dir='ltr'>credendus</span> <span class='ocrx_word' id='word_1_335' title='bbox 1435 4271 1484 4332; x_wconf 88' lang='lat' dir='ltr'>est</span> <span class='ocrx_word' id='word_1_336' title='bbox 1498 4266 1574 4354; x_wconf 91' lang='lat' dir='ltr'>pri-</span> 
     </span>
     <span class='ocr_line' id='line_1_39' title="bbox 264 4368 1575 4460; baseline 0.005 -26"><span class='ocrx_word' id='word_1_337' title='bbox 264 4391 340 4434; x_wconf 90' lang='lat' dir='ltr'>mus</span> <span class='ocrx_word' id='word_1_338' title='bbox 355 4369 542 4457; x_wconf 86' lang='lat' dir='ltr'>scripturus</span> <span class='ocrx_word' id='word_1_339' title='bbox 557 4371 659 4436; x_wconf 85' lang='lat' dir='ltr'>luisse</span> <span class='ocrx_word' id='word_1_340' title='bbox 675 4368 824 4450; x_wconf 89' lang='lat' dir='ltr'>Samuel,</span> <span class='ocrx_word' id='word_1_341' title='bbox 843 4369 903 4457; x_wconf 86' lang='lat' dir='ltr'>qni</span> <span class='ocrx_word' id='word_1_342' title='bbox 919 4371 953 4435; x_wconf 92' lang='lat' dir='ltr'>in</span> <span class='ocrx_word' id='word_1_343' title='bbox 973 4369 1093 4436; x_wconf 91' lang='lat' dir='ltr'>eadem</span> <span class='ocrx_word' id='word_1_344' title='bbox 1113 4370 1237 4460; x_wconf 92' lang='lat' dir='ltr'>populi</span> <span class='ocrx_word' id='word_1_345' title='bbox 1258 4372 1422 4439; x_wconf 86' lang='lat' dir='ltr'>concione</span> <span class='ocrx_word' id='word_1_346' title='bbox 1446 4378 1462 4438; x_wconf 91' lang='lat'>1</span> <span class='ocrx_word' id='word_1_347' title='bbox 1486 4376 1575 4459; x_wconf 80' lang='lat' dir='ltr'>Reg.</span> 
     </span>
     <span class='ocr_line' id='line_1_40' title="bbox 264 4475 1579 4564; baseline 0.003 -22"><span class='ocrx_word' id='word_1_348' title='bbox 264 4475 459 4559; x_wconf 61' lang='lat' dir='ltr'>mundarit</span> <span class='ocrx_word' id='word_1_349' title='bbox 478 4497 485 4543; x_wconf 91' lang='lat'><strong>:</strong></span> <span class='ocrx_word' id='word_1_350' title='bbox 507 4503 522 4537; x_wconf 79' lang='lat' dir='ltr'>u</span> <span class='ocrx_word' id='word_1_351' title='bbox 541 4482 601 4542; x_wconf 81' lang='lat' dir='ltr'>t&#39;os</span> <span class='ocrx_word' id='word_1_352' title='bbox 616 4477 717 4543; x_wconf 90' lang='lat' dir='ltr'>hodic</span> <span class='ocrx_word' id='word_1_353' title='bbox 741 4475 926 4564; x_wconf 85' lang='lat' dir='ltr'>proiecistis</span> <span class='ocrx_word' id='word_1_354' title='bbox 946 4480 1050 4542; x_wconf 83' lang='lat' dir='ltr'>lleum</span> <span class='ocrx_word' id='word_1_355' title='bbox 1068 4482 1216 4543; x_wconf 89' lang='lat' dir='ltr'>vestrum</span> <span class='ocrx_word' id='word_1_356' title='bbox 1237 4506 1267 4544; x_wconf 88' lang='lat'>».</span> <span class='ocrx_word' id='word_1_357' title='bbox 1293 4479 1449 4545; x_wconf 80' lang='lat' dir='ltr'>l&#39;ocderis</span> <span class='ocrx_word' id='word_1_358' title='bbox 1473 4501 1579 4545; x_wconf 87' lang='lat' dir='ltr'>reno·</span> 
     </span>
     <span class='ocr_line' id='line_1_41' title="bbox 263 4582 1578 4674; baseline 0.004 -26"><span class='ocrx_word' id='word_1_359' title='bbox 263 4585 352 4650; x_wconf 88' lang='lat' dir='ltr'>vatio</span> <span class='ocrx_word' id='word_1_360' title='bbox 377 4606 398 4649; x_wconf 98' lang='lat' dir='ltr'>a</span> <span class='ocrx_word' id='word_1_361' title='bbox 425 4583 582 4649; x_wconf 88' lang='lat' dir='ltr'>Samuele</span> <span class='ocrx_word' id='word_1_362' title='bbox 611 4589 754 4649; x_wconf 89' lang='lat' dir='ltr'>nonest</span> <span class='ocrx_word' id='word_1_363' title='bbox 784 4582 956 4647; x_wconf 84' lang='lat' dir='ltr'>celebrata</span> <span class='ocrx_word' id='word_1_364' title='bbox 993 4583 1174 4671; x_wconf 86' lang='lat' dir='ltr'>llasphac,</span> <span class='ocrx_word' id='word_1_365' title='bbox 1200 4584 1261 4650; x_wconf 92' lang='lat' dir='ltr'>sod</span> <span class='ocrx_word' id='word_1_366' title='bbox 1286 4585 1463 4674; x_wconf 87' lang='lat' dir='ltr'>aliquanto</span> <span class='ocrx_word' id='word_1_367' title='bbox 1495 4594 1578 4674; x_wconf 90' lang='lat' dir='ltr'>post</span> 
     </span>
     <span class='ocr_line' id='line_1_42' title="bbox 265 4688 726 4778; baseline -0.007 -22"><span class='ocrx_word' id='word_1_368' title='bbox 265 4690 296 4778; x_wconf 89' lang='lat' dir='ltr'>(l</span> <span class='ocrx_word' id='word_1_369' title='bbox 327 4696 409 4777; x_wconf 77' lang='lat' dir='ltr'>lleg.</span> <span class='ocrx_word' id='word_1_370' title='bbox 439 4689 551 4778; x_wconf 88' lang='lat'>11,15)</span> <span class='ocrx_word' id='word_1_371' title='bbox 569 4688 726 4776; x_wconf 81' lang='lat' dir='ltr'>Galgalis.</span> 
     </span>
    </p>
   </div>
   <div class='ocr_carea' id='block_1_3' title="bbox 0 0 1691 5346">
    <p class='ocr_par' dir='ltr' id='par_1_9' title="bbox 0 0 1691 5346">
     <span class='ocr_line' id='line_1_43' title="bbox 0 0 1691 5346; baseline 0 0"><span class='ocrx_word' id='word_1_372' title='bbox 0 0 1691 5346; x_wconf 95' lang='lat' dir='ltr'> </span> 
     </span>
    </p>
   </div>
  </div>
 </body>
</html>
