3366 5346
523 271 636 316 rosbes
657 249 818 316 secuaouu
843 272 1044 317 ironarrrcsu.
1402 259 1435 316 ‘it

125 428 204 473 vere
218 404 357 471 tandem
378 428 416 471 ac
436 405 536 494 plene
548 404 629 471 laeti
645 410 755 471 essent
768 406 924 495 populus,
948 405 1184 495 perfect-iorem
1199 406 1314 493 adepti
1330 416 1440 474 essent

126 513 176 578 rei
206 512 365 602 publicae
395 513 558 586 formam,
591 511 732 599 regibus
762 513 994 599 gloriarentur
1024 512 1149 578 [tavide
1176 517 1210 578 et
1240 513 1442 580 Salomone?

127 618 334 707 Perspicitur
359 619 529 707 profecte,
552 639 613 685 cur
637 618 713 685 aevi
735 640 857 705 regum
882 619 1040 685 homines
1062 618 1099 684 in
1124 618 1269 685 restituti
1295 618 1442 685 foederis

125 724 302 791 historiam
319 725 511 805 saevierint,
529 747 606 792 eam
623 725 720 791 esuis
735 724 885 792 historiis
899 725 1097 791 exciderint.

162 926 225 976 Fuit
242 927 328 988 igitur
346 928 487 976 restitutio
508 927 555 976 itta
574 925 695 976 ioedcrts
714 926 801 989 Moysi
823 939 957 977 concessa
980 928 1063 976 simui
1082 926 1161 977 lavor
1182 928 1210 977 et
1233 939 1334 990 poena.
1352 927 1439 976 Simul

126 1016 174 1065 itta
193 1014 359 1079 providebat
377 1014 492 1075 tuturis,
506 1016 530 1064 si
545 1027 618 1078 quae
635 1015 805 1075 acciderent,
823 1016 908 1065 totius
925 1016 1021 1079 populi
1041 1017 1199 1079 apostasiis.
1216 1016 1313 1065 Editae
1332 1016 1441 1067 inerant

125 1105 217 1153 minae
231 1105 277 1154 vel
291 1109 384 1154 antea.
401 1104 469 1154 Ler.
487 1103 520 1153 ic
528 1117 535 1164 ;
549 1117 624 1153 nunc
640 1103 754 1154 eaedem
766 1105 858 1154 minae
869 1103 1031 1154 lactaesunt
1042 1117 1107 1169 pars
1119 1107 1296 1155 instrumenti
1311 1105 1440 1155 ioceleris.

126 1193 288 1243 solemniter
302 1192 485 1257 profitebatur
505 1192 592 1242 iahve
612 1194 704 1256 ipsum
719 1205 749 1242 se
764 1205 813 1242 eas
828 1194 985 1255 apostasiae
1001 1192 1060 1243 tore
1081 1193 1219 1243 ulturum.
1236 1206 1292 1242 non
1308 1193 1441 1256 populum

126 1282 347 1333 exterminando.
362 1277 411 1330 sed
427 1281 494 1330 (liris
508 1281 601 1344 plagis
613 1280 804 1344 percutiendo.
823 1281 885 1341 Qtto
903 1294 976 1331 novo
992 1284 1097 1332 statuto
1110 1284 1267 1346 opportune
1282 1282 1440 1345 compleba-

126 1373 171 1420 tur
188 1370 233 1420 lex
249 1370 301 1419 Ex.
316 1370 363 1423 te.
379 1369 423 1418 20.
440 1369 545 1432 Plagae
559 1369 624 1419 illac
638 1368 748 1419 tuturae
763 1376 843 1420 erant
857 1369 921 1420 loco
935 1372 1033 1420 mortis
1048 1372 1203 1434 corporalis
1220 1373 1248 1420 et
1262 1371 1352 1419 civilis
1367 1383 1373 1417 ι
1389 1371 1441 1419 ha-

126 1458 244 1508 bebatur
258 1461 287 1507 in
302 1458 355 1508 boc
370 1458 529 1507 necessaria
543 1457 681 1521 quaedam
696 1458 832 1508 relaxatio
847 1458 920 1520 tegis
933 1458 983 1508 Ex.
999 1459 1042 1509 i‘t.
1059 1459 1103 1509 20.

162 1547 287 1610 Longius
304 1548 389 1596 etiam
408 1550 466 1595 tum
486 1546 572 1596 latire
589 1558 757 1609 progressus
776 1552 828 1597 est.
849 1547 914 1598 Non
933 1554 993 1622 crat
1009 1547 1122 1610 quidem
1137 1549 1165 1596 tn
1181 1548 1243 1610 ipso
1257 1547 1378 1598 foederis
1398 1549 1441 1596 in-

125 1640 281 1685 strumento
293 1635 371 1683 iocus
380 1634 579 1697 proponendae
591 1634 769 1687 conditionis.
781 1648 838 1699 qna
850 1634 970 1687 laederis
984 1635 1071 1686 lutari
1082 1637 1322 1699 praevaricatores
1334 1637 1364 1683 in
1376 1649 1441 1698 gra-

127 1726 193 1773 tiam
213 1728 307 1773 essent
325 1722 537 1787 reeipiendt.1d
556 1725 696 1787 praestitit
716 1724 802 1773 labve
822 1724 912 1775 altero
931 1724 1115 1775 documento.
1132 1724 1208 1787 quod
1227 1726 1296 1775 item
1316 1723 1350 1774 ad
1369 1725 1442 1774 latus

126 1824 208 1863 arcae
222 1811 333 1874 Moyses
347 1813 473 1875 reposuit
487 1814 516 1861 in
531 1814 737 1871 testimonium,
752 1810 861 1864 cantico
873 1810 1003 1877 (quocum
1018 1811 1054 1862 et.
1067 1813 1290 1873 Decidit-ih
1306 1811 1441 1871 aar-tet,

127 1901 173 1950 ubi
195 1895 315 1950 inculcat
336 1900 447 1962 Moyses
467 1900 556 1950 solam
575 1902 680 1964 requiri
694 1903 912 1963 poenitentiam,
929 1915 985 1965 qua
1007 1906 1071 1965 post
1093 1902 1264 1964 apostasiam
1281 1903 1308 1949 in
1331 1901 1444 1963 plenam

128 1990 235 2039 Jabvae
249 1990 368 2050 gratiam
386 1988 502 2038 redeant
518 1988 647 2039 Hebraei.
665 1989 791 2052 Populus
808 1990 987 2041 idololatriae
1001 1994 1118 2053 peceato
1135 2002 1192 2038 non
1215 1988 1362 2039 excidebat
1383 1988 1443 2038 ioe·
1528 2056 1530 2060 Δ

126 2078 203 2135 dere,
216 2076 322 2126 iuribus
338 2084 366 2128 ct
383 2078 618 2140 promissionibus
637 2079 696 2128 suis
713 2091 719 2127 :
741 2092 797 2128 non
813 2083 872 2128 erat
887 2078 1019 2140 deinceps
1035 2092 1106 2142 opus
1121 2079 1289 2127 restitutione
1307 2076 1441 2127 toederis.

122 2164 176 2215 'sed
191 2166 252 2215 sola
266 2168 449 2228 poenitentia.
473 2167 583 2229 Reapse
597 2171 662 2230 post
680 2166 794 2228 Moysen
810 2180 867 2217 non
882 2172 925 2216 est
941 2167 1098 2227 celebrata,
1115 2168 1197 2217 novis
1211 2167 1363 2231 suppositis
1375 2179 1443 2216 eon-

126 2253 292 2313 ditiontbus,
317 2254 372 2303 alia
393 2254 489 2318 aliqua
510 2253 632 2304 foederis
650 2256 806 2314 restitutio,
823 2254 872 2305 sed
891 2255 1078 2305 renovationes
1098 2257 1206 2305 tantum
1230 2267 1236 2303 :
1261 2262 1324 2319 post
1346 2255 1443 2317 populi

127 2343 284 2406 apostasias
299 2356 315 2390 a
332 2341 476 2399 Samuele,
501 2342 634 2399 Ezechia,
657 2343 745 2403 tosta,
768 2343 870 2401 Esdra;
888 2344 966 2393 nulia
987 2344 1179 2395 intercedente
1194 2345 1336 2406 apostasia
1361 2343 1404 2392 bis
1427 2356 1443 2391 a

129 2431 221 2481 losue.

163 2519 230 2569 Erat
245 2532 278 2570 ea
292 2532 403 2568 rursum
419 2520 519 2581 prioris
534 2520 606 2582 legis
621 2520 761 2582 mitigatio
778 2520 855 2570 baud
868 2522 981 2583 exigna.
997 2521 1076 2579 Quae
1091 2522 1185 2585 aliqua
1200 2520 1282 2571 luerit
1298 2522 1378 2578 ratio,
1395 2532 1443 2569 cnr

125 2607 232 2659 toederi
251 2608 400 2658 moabitico
421 2607 534 2658 additae
548 2609 604 2658 sint
619 2608 712 2657 minae
730 2610 786 2657 tam
804 2612 922 2658 atroces.
940 2608 1066 2660 celanda
1080 2609 1169 2659 veluti
1189 2611 1249 2657 erat
1268 2608 1444 2668 induigentia

129 2692 228 2746 tuturis
246 2698 343 2761 populi
358 2698 509 2760 apostasiis
529 2709 677 2755 concessa;
695 2696 842 2759 augendus
862 2701 922 2746 erat
937 2709 1091 2760 poenarum
1106 2695 1259 2759 aliquando
1274 2694 1442 2757 infligenda-

128 2797 190 2834 rum
205 2790 303 2845 terror,
321 2798 356 2834 ne
373 2786 473 2834 veniae
490 2784 599 2834 tacilius
614 2784 782 2835 obtinendae
797 2799 862 2848 spes
877 2791 994 2847 augeret
1007 2784 1163 2835 audaciam.
1182 2784 1237 2833 sod
1252 2797 1286 2834 ea
1304 2784 1443 2845 mitigatio

128 2875 240 2937 penitus
250 2873 374 2937 iugiebat
389 2878 498 2923 mentes
514 2885 620 2933 eorum,
635 2875 683 2936 qui
698 2885 769 2923 aevo
781 2885 879 2937 regum
889 2874 1095 2924 restitutionem
1105 2871 1226 2923 loedoria
1237 2873 1266 2921 in
1277 2874 1352 2922 terra
1362 2871 1443 2921 stoan

128 2961 229 3013 iactam
252 2951 513 3025 perhorrescebant.
533 2962 597 3012 Non
618 2962 814 3025 intelligebant
836 2962 991 3012 mirabilem
1012 2963 1088 3011 illam
1108 2962 1195 3011 iahve
1214 2963 1288 3010 cirea
1308 2960 1443 3009 Israelem

129 3052 335 3111 oeconomiam,
361 3064 416 3114 qua
443 3051 601 3114 apostasiae
625 3051 737 3114 quidem
761 3052 959 3101 severissimae
986 3050 1180 3100 indicebantur
1210 3051 1238 3099 et
1260 3048 1444 3112 exigebantur

127 3151 250 3204 poenae,
267 3145 296 3191 at
314 3140 522 3203 poenitentibus
540 3151 652 3203 semper
666 3139 782 3202 patebat
797 3140 896 3189 salutis
911 3139 1013 3189 aditus.
1031 3138 1124 3190 Caeco
1142 3139 1182 3187 itti
1198 3138 1293 3189 lurore
1313 3137 1443 3187 tereban-

127 3229 371 3279 turinseeundum
382 3228 450 3277 illud
460 3226 568 3289 toedus,
579 3241 648 3279 suae
658 3230 760 3291 gentis,
773 3230 803 3278 ut
813 3230 866 3292 ipsi
878 3228 1084 3281 existimabant.
1100 3227 1241 3277 inetlabilc
1252 3226 1442 3290 opprobrimu.

130 3316 273 3368 Habentes
287 3317 383 3367 oculos
394 3330 450 3366 non
465 3317 606 3375 videbant,
624 3316 759 3366 habentes
774 3329 857 3367 aures
871 3329 928 3367 non
938 3316 1099 3367 audiebant.

175 3487 264 3567 Ergo
290 3481 328 3547 in
355 3482 471 3547 locum
494 3450 642 3549 foederis
670 3481 817 3549 sinaitici
845 3481 1006 3548 successit
1037 3480 1200 3558 alterum,
1232 3477 1323 3566 ‹lnod
1356 3477 1444 3543 nihil

132 3586 315 3655 revocabat
347 3587 600 3672 obligationum
625 3587 739 3677 priore
766 3588 903 3654 loedere
933 3585 1050 3652 lsraeli
1075 3585 1329 3675 impositarum,
1356 3584 1445 3650 nihil

132 3693 408 3760 benedictionum
418 3693 470 3759 illi
481 3694 626 3760 antehac
641 3694 898 3783 promissarum,
912 3693 972 3759 scd
985 3692 1139 3759 additam
1156 3692 1307 3759 habebat
1320 3713 1444 3757 novam

131 3805 165 3865 et
179 3798 448 3866 erubescendam
467 3799 715 3879 conditionem,
738 3799 903 3866 admissae
925 3798 1113 3888 apostasiae
1134 3805 1337 3888 perpetuum
1353 3799 1444 3861 lutu-

132 3927 210 3973 rum
229 3912 505 3987 monumentum,
524 3906 632 3971 minas
652 3905 877 3971 atrocissimas
894 3905 1009 3972 lsraeli
1028 3904 1184 3984 indictas
1202 3904 1229 3967 si
1250 3901 1390 3990 qnando
1410 3901 1444 3965 in

132 4013 336 4103 apostasiam
361 4012 585 4078 relaberetur.
610 4016 673 4077 Eas
694 4011 804 4077 minas
825 4012 896 4079 non
917 4012 1028 4078 solum
1054 4013 1103 4079 uti
1124 4016 1200 4075 Ler.
1223 4015 1265 4073 aa
1287 4006 1389 4073 luisse
1411 4008 1444 4072 in

133 4118 292 4201 lsraelem
324 4118 443 4200 editas,
477 4118 535 4184 sed
562 4117 632 4182 iam
661 4118 767 4184 tactas
795 4140 866 4185 esse
890 4125 1023 4207 partem
1048 4124 1082 4183 et
1106 4115 1339 4181 conditionem
1365 4114 1446 4179 novi

133 4224 291 4303 foederis
309 4224 467 4313 explicito
491 4225 684 4290 affirmatur
704 4225 817 4290 verbis
837 4231 932 4292 lteut.
957 4231 1034 4304 aar
1057 4221 1200 4310 (addit),
1223 4221 1448 4287 confirmatur

133 4331 331 4398 testimonio
354 4336 415 4397 los.
439 4335 517 4411 8‚3's
536 4336 568 4396 ct
588 4332 756 4397 immensa
775 4331 878 4397 totius
900 4330 1020 4420 populi
1042 4329 1284 4405 eourniotionc,
1308 4326 1446 4415 quando

135 4436 220 4505 lesia
242 4460 325 4524 rege
348 4460 409 4503 eae
432 4436 689 4503 maledictiones
709 4439 745 4502 in
769 4444 926 4526 apertum
951 4436 1043 4502 diem
1069 4434 1239 4524 prodiere,
1265 4439 1445 4521 postquam

134 4544 237 4632 plane
256 4543 456 4633 deperditae
479 4550 512 4608 et
531 4545 715 4610 exstinctae
734 4546 870 4610 fuerant
890 4547 1078 4632 reputatae.
1098 4546 1225 4607 Tamen
1241 4537 1359 4622 negari
1379 4556 1446 4598 non

134 4654 258 4739 potest,
275 4650 401 4717 iustam
418 4650 518 4715 buius
532 4649 672 4716 secundi
687 4650 833 4716 foederis
847 4648 1083 4717 narrationem
1100 4647 1137 4712 in
1156 4666 1252 4712 sacro
1267 4647 1359 4707 textu
1376 4661 1446 4704 esse
1503 4669 1509 4679 ·
