3366 5346
708 321 798 363 amr.
821 305 891 373 3t‚7
915 320 977 371 roo.
1441 307 1499 365 :563

185 459 266 523 «Et
287 455 486 521 obedierrmt
507 455 540 520 ei
555 436 625 544 filii
644 453 752 521 Israel
767 452 1116 542 sccc1·ontque‚sicut
1136 455 1315 545 proecepit
1333 455 1501 533 Dominus

181 562 296 649 Moysi
317 590 346 628 ».
373 564 474 630 Heor.
496 561 708 628 :audierunt
731 572 764 626 et
784 560 954 646 feceram,
977 559 1000 624 i.
1030 582 1060 626 e.
1086 560 1204 626 audita
1229 562 1377 629 exsecuti
1402 568 1496 644 sunt;

182 674 366 756 utrumque
392 673 613 757 praeceperat
634 674 732 734 Deus.
753 689 785 732 v.
810 673 849 731 10
875 694 890 722 ⁴<
916 668 961 731 Et
975 687 1044 731 oon
1061 666 1209 733 surrexit
1228 667 1320 734 ultra
1343 696 1374 751 ›>‚
1392 691 1500 758 usque

182 773 225 840 ad
244 770 421 864 scriptoris
437 781 583 863 tempus,
606 803 621 835 «
635 773 808 863 propbeta
828 774 864 838 m
884 772 991 839 israel
1006 775 1091 839 siem
1109 776 1253 864 Moyses,
1269 797 1370 863 quem
1390 787 1500 843 nosset

183 879 347 946 Dominus
365 880 458 967 facie
476 879 524 947 mi
542 879 665 969 faciem
689 909 719 959 n,
741 879 827 945 sicut
842 901 918 945 cum
939 879 1048 945 amico
1068 879 1267 947 immediate
1284 888 1500 950 conversatus

181 993 231 1053 est
251 1006 257 1053 :
276 988 317 1052 cf.
337 993 392 1053 Ex.
412 993 531 1070 33,11;
547 992 645 1054 Num.
665 991 759 1065 1283
782 991 879 1053 Dent.
905 990 979 1064 5‚t;
997 1008 1027 1050 v.
1052 993 1089 1052 11
1118 1014 1133 1047 «
1158 987 1194 1052 io
1210 986 1366 1053 omnibus
1387 988 1499 1077 siquis

181 1106 284 1180 atque
291 1093 474 1182 permotio,
490 1116 579 1182 qum
592 1092 687 1159 misit
694 1114 759 1182 pei·
777 1114 865 1174 ezcrn,
885 1103 922 1156 m
936 1092 1069 1178 faceret
1083 1091 1120 1158 in
1137 1105 1227 1160 terra
1246 1093 1395 1184 Aeqypti
1408 1096 1500 1161 Poa-

182 1197 282 1264 rooni
301 1212 334 1264 et
359 1199 517 1265 amitibus
541 1200 646 1265 servis
665 1200 737 1265 eins
761 1198 1007 1288 miioe'rraeqrte
1026 1211 1135 1266 terrae
1154 1199 1251 1266 illius
1268 1230 1298 1267 i.
1320 1225 1352 1268 r.
1381 1208 1419 1267 11
1445 1225 1496 1291 sq.

182 1298 309 1371 novum
334 1305 430 1372 addit
447 1311 652 1396 respectum,
678 1305 865 1372 secundum
892 1326 995 1393 quem
1015 1328 1122 1394 usque
1144 1306 1187 1372 ad
1209 1309 1410 1396 scriptorem
1431 1330 1500 1375 non

182 1411 308 1478 exstitit
329 1413 500 1501 propheta
523 1411 645 1478 similis
668 1411 793 1498 Moysi:
816 1410 936 1478 unicus
959 1410 1036 1492 fuit,
1055 1434 1127 1478 non
1153 1413 1264 1479 solum
1296 1414 1388 1502 quod
1414 1437 1500 1480 onus

183 1518 314 1584 noverit
335 1519 462 1585 lohven
477 1519 561 1585 facie
584 1518 628 1584 ad
647 1519 782 1596 faciem,
799 1515 858 1583 sed
874 1518 956 1585 item
980 1516 1096 1608 qrtocd
1111 1519 1212 1608 sione
1228 1532 1304 1600 etc„
1318 1543 1405 1609 quae
1419 1521 1501 1587 fecit

183 1645 297 1690 coram
310 1625 487 1714 Aegyptiis
502 1632 535 1692 et
549 1625 594 1691 ad
610 1646 730 1691 eorum
744 1624 960 1714 potissimum
975 1626 1106 1691 animos
1119 1625 1321 1706 edocendos,
1335 1633 1368 1692 et
1384 1627 1502 1716 quood

184 1730 372 1819 posteriora
391 1731 516 1799 deserti
535 1731 646 1818 signa,
664 1754 753 1820 quac
771 1731 852 1797 fecit
870 1753 938 1797 non
960 1752 1075 1798 coram
1094 1732 1284 1822 Aegyptiis,
1302 1733 1363 1800 sed
1383 1756 1499 1800 coram

184 1837 261 1902 solis
281 1835 361 1903 filiis
385 1837 501 1904 lsrael.'
520 1842 623 1904 Erant
647 1844 762 1904 autem
786 1838 868 1904 haec
888 1838 986 1924 signa
1009 1845 1131 1905 arianus
1155 1839 1499 1928 fortio,conside1³ata

184 1941 322 2025 virtute,
345 1966 432 2032 quae
451 1945 496 2010 ad
517 1945 576 2010 illa
590 1944 760 2033 pratranda
775 1942 1027 2032 requirebatur,
1049 1952 1083 2011 et
1103 1957 1209 2012 terror
1233 1969 1380 2035 oiaqnus
1395 1947 1501 2014 consi-

185 2048 301 2115 derato
319 2050 453 2129 oll'ectu,
489 2073 591 2140 quem
613 2050 649 2116 in
676 2049 799 2116 animis
823 2049 1085 2139 producebant:
1111 2075 1141 2117 v,
1173 2059 1212 2118 12
1239 2079 1254 2112 «
1282 2065 1314 2118 et
1341 2065 1499 2120 cunctam

185 2176 326 2221 inceium
354 2159 526 2224 robustam
552 2179 747 2246 riioynoqoe
770 2156 967 2242 'oiircbilio,
995 2180 1084 2247 quae
1107 2158 1196 2245 fecit
1227 2162 1360 2248 Moyses
1384 2182 1499 2227 comm

190 2260 345 2328 mrirerso
365 2264 474 2331 lsrael
491 2293 520 2328 ».
544 2265 545 2268 ’
