3366 5346
431 285 479 342 38.
503 300 559 343 mx
581 298 618 342 uu
640 298 737 343 uxone
760 299 932 343 neronum
955 300 962 342 :
987 299 1076 345 osor.
1101 284 1183 351 eal.
1409 287 1462 347 lli

153 434 308 500 scindere
325 440 403 499 ante
415 433 567 499 mulieris
582 433 747 499 secundas
764 433 912 522 nuptias,
929 433 1000 499 imo
1015 440 1095 500 anto
1112 435 1235 500 harum
1250 458 1465 502 consumma·
1520 498 1522 502 .

134 553 136 557 ‘
152 541 282 606 tionem
300 540 407 627 (Coi.)
423 577 465 589 -
481 567 496 599 α
516 551 547 605 et
561 539 803 606 abominabilis
815 541 915 628 [octa
927 553 975 606 est
989 563 1103 607 coram
1113 540 1259 607 Domino
1275 569 1304 609 o.
1324 547 1463 624 Puncta,

154 646 203 711 uti
232 646 317 713 alias
338 667 345 712 2
370 645 581 712 abominatio
604 645 699 711 istud
722 658 770 711 est
798 669 912 713 coram
935 647 1096 731 Domine,
1130 663 1243 716 natm.
1273 677 1288 709 «
1318 648 1401 726 Quia
1427 670 1467 714 ex

152 751 389 819 coniunctione
413 774 492 818 cum
515 752 665 819 secundo
683 751 807 819 marito
826 752 1022 820 indecentia
1047 753 1217 842 quaedam
1233 755 1375 836 exsistit,
1395 755 1466 820 sine

152 881 220 948 qua
239 881 308 925 non
339 859 444 948 possit
460 858 505 925 ad
528 859 679 948 priorem
700 859 862 926 maritum
880 858 1005 927 redire.
1024 859 1203 926 videretur
1224 860 1316 928 euim
1336 861 1467 950 primus

151 966 294 1032 maritus
305 988 374 1031 non
386 989 426 1032 ex
439 965 553 1031 auimo
564 967 600 1032 in
612 966 795 1055 repudium
804 965 1019 1047 consensisse,
1036 965 1096 1033 sed
1106 968 1219 1055 potius
1231 966 1331 1033 alteri
1342 989 1418 1034 eam
1432 967 1467 1033 in

151 1072 397 1162 temporariam
413 1073 665 1162 separationem
693 1073 935 1140 consentiendo
951 1073 1136 1140 concedere
1152 1073 1311 1156 voluisse,
1333 1079 1371 1141 ut
1391 1096 1466 1140 cor-

154 1201 234 1268 pore
254 1179 368 1245 uxoris
391 1201 472 1246 suae
497 1179 696 1247 abuteretur
718 1207 734 1240 »
758 1180 894 1268 (Mem).
916 1179 1088 1247 Eiusmodi
1102 1179 1359 1246 abominatione
1375 1179 1467 1247 intra

153 1284 238 1351 fines
258 1292 368 1351 terrae
387 1290 524 1353 sanctae
546 1286 739 1366 commissa,
769 1285 945 1353 derivatur
968 1287 1005 1352 in
1026 1285 1116 1352 hano
1129 1291 1243 1352 reatus
1260 1309 1331 1352 non
1347 1287 1466 1375 culpae

152 1391 210 1457 sed
231 1413 373 1480 poenae,
395 1391 505 1482 ipsam
527 1397 613 1460 Deus
631 1391 782 1459 visitabit
808 1392 908 1459 malis
929 1413 937 1459 ε
962 1420 978 1453 «
1000 1416 1042 1460 ne
1052 1414 1197 1483 peccare
1211 1392 1322 1482 sarias
1342 1405 1488 1472 terrain

156 1510 263 1580 tuam,
278 1520 383 1588 picam
404 1498 568 1564 Dominus
592 1502 682 1565 Deus
697 1512 775 1565 turca
793 1498 974 1566 tradiderit
989 1499 1053 1565 tibi
1061 1498 1307 1588 possidendam
1325 1526 1355 1563 ».
1378 1505 1468 1585 Ergo

155 1604 309 1672 omnium
334 1605 458 1672 civium
493 1605 650 1687 interest,
677 1612 713 1672 ut
744 1605 912 1673 eiusmodi
945 1606 1236 1673 abominationem
1264 1607 1354 1673 intra
1383 1606 1470 1672 fines

155 1734 233 1777 suos
250 1733 293 1777 ne
309 1713 497 1800 patiantur.

272 1941 326 2000 39.
353 1936 423 2000 Len
446 1932 488 2000 de
510 1935 597 2015 ciro,
622 1935 684 2024 qui
709 1957 818 2023 stupet·
841 1956 984 2000 tenorem
1009 1933 1111 1999 decrit
1135 1937 1233 2000 Dent.
1261 1939 1353 2016 Μ.

200 2134 285 2220 ,qu.
313 2168 358 2181 -
384 2132 442 2197 Vir
462 2153 580 2197 recens
600 2130 819 2197 matrimonio
842 2130 978 2197 iunctus
1001 2151 1211 2220 perannum
1238 2128 1282 2196 ab
1312 2128 1472 2196 omnibus

157 2238 318 2305 oneribus
330 2237 463 2304 bellicis
477 2238 657 2305 eximatur.

201 2352 272 2412 nb
296 2345 381 2431 legis
400 2345 512 2411 forma
539 2342 699 2433 exprimit
719 2342 818 2423 illud,
841 2343 933 2433 quod
955 2349 1033 2424 2051
1058 2343 1170 2409 forma
1189 2340 1471 2431 proclamationis
1566 2376 1569 2381 ·

158 2450 201 2515 ad
226 2451 350 2517 milites
362 2452 471 2518 factae
487 2450 711 2518 edicebatur:
734 2478 750 2511 «
768 2452 852 2516 Cum
868 2448 1038 2538 acceperit
1061 2448 1160 2514 bomo
1182 2471 1292 2538 nuper
1311 2470 1468 2531 oaorem,

160 2578 228 2620 reon
245 2558 408 2644 procedet
434 2556 482 2622 od
510 2557 647 2635 bellum,
677 2579 737 2620 uec
765 2555 797 2620 ei
821 2555 1002 2644 quidpiam
1027 2555 1235 2621 necessitatis
1267 2554 1472 2644 iniunqctur

157 2661 315 2750 piiblicoe
338 2691 354 2723 »
383 2662 440 2751 (cl.
463 2662 599 2751 debr),
625 2688 640 2719 ι(
664 2660 724 2727 sed
751 2661 886 2727 racobit
904 2661 1040 2751 [absque
1060 2661 1172 2751 culpa]
1198 2660 1291 2726 donzi
1312 2684 1411 2747 suae,
1434 2652 1485 2726 αι’

163 2792 230 2835 uno
244 2768 498 2845 annulantetcn·
514 2790 591 2834 cum
608 2791 712 2834 tenore
726 2790 790 2860 sice
804 2796 835 2834 ».

411 2999 466 3060 [ιθ.
494 2994 564 3058 Lea
588 2989 630 3058 de
649 2988 795 3081 pipo-ore
814 2989 979 3080 peripteris
1002 2991 1101 3055 Dent.
1129 2995 1221 3074 vab.

203 3193 287 3278 Arq.
302 3194 433 3255 —Non
447 3187 635 3255 auferenda
650 3210 713 3277 pro
728 3186 874 3277 pignore
894 3207 945 3266 ea,
968 3207 1057 3275 quae
1074 3183 1118 3251 ad
1131 3185 1246 3252 cibum
1259 3207 1471 3275 praeparan-

160 3297 242 3363 dum
257 3302 336 3363 sunt
348 3317 489 3386 prorsus
507 3295 710 3362 necessaria.

204 3427 236 3469 v.
259 3409 279 3468 6
307 3431 322 3464 «
349 3405 426 3471 Νοη
448 3402 597 3491 accipies
622 3400 694 3466 loco
711 3399 872 3489 pipnoris
897 3397 1101 3487 inferiorem
1120 3408 1152 3461 et
1168 3398 1377 3486 superiorem
1397 3423 1469 3464 mo-

161 3510 229 3574 lam
259 3538 289 3575 ».
316 3510 381 3575 Sed
405 3510 505 3574 Hebr.
531 3529 539 3577 :
566 3507 693 3573 rnolom
715 3510 767 3573 rel
793 3505 898 3594 (LXX
916 3504 996 3590 stte')
1016 3514 1154 3583 nietam,
1172 3502 1231 3590 qui
1252 3509 1299 3569 est
1315 3506 1472 3592 superior

162 3616 247 3704 lapis
263 3615 414 3698 molaria
432 3637 500 3703 quo
514 3614 655 3704 dempto
671 3613 763 3679 mola
774 3617 823 3678 est
838 3611 940 3702 plane
956 3608 1095 3674 inutilis
1114 3613 1153 3674 lu
1168 3608 1298 3676 oriente
1314 3633 1471 3700 quaeque

161 3721 281 3787 domus
299 3743 395 3789 suam
415 3722 519 3788 habet
537 3720 681 3802 molam,
701 3719 799 3804 cuius
818 3715 1039 3807 quotidianus
1061 3736 1141 3781 usus
1162 3734 1170 3781 :
1197 3715 1240 3782 cl.
1263 3721 1325 3784 ler.
1348 3723 1467 3801 25,l(t:

161 3837 264 3919 Apoc.
276 3834 387 3911 1832.
398 3827 543 3895 Additur
553 3850 657 3917 porro
668 3826 755 3893 ratio
768 3848 776 3893 :
793 3853 809 3886 α
821 3823 905 3913 quia
915 3822 1073 3890 citimam
1084 3843 1182 3888 suurn
1193 3824 1351 3913 opposuit
1364 3824 1427 3889 libi
1439 3853 1469 3905 o,

161 3939 184 4002 i.
203 3959 232 4005 e.
257 3933 499 4026 oppignoravit
513 3934 588 4001 tibi.
619 3935 717 4000 Hebr.
738 3955 745 3997 :
771 3931 855 4021 quio
870 3929 957 3996 haee
974 3927 1105 3994 faciens
1122 3928 1229 3996 vitam
1245 3952 1309 4019 pro
1325 3931 1471 4020 piqnore

162 4044 276 4110 ‚sinum
308 4075 324 4104 a
350 4041 495 4110 Perinde
516 4041 610 4109 enim
629 4046 693 4122 est,
713 4037 781 4108 acsi
800 4036 952 4104 animam
967 4057 1027 4103 seu
1040 4034 1145 4102 vitam
1162 4035 1226 4102 tibi
1246 4038 1473 4127 oppigneras-

161 4157 231 4233 set,
260 4152 318 4240 qui
341 4150 377 4217 id
401 4148 656 4240 oppigneravit,
685 4147 757 4214 siue
777 4167 849 4234 quo
873 4142 1013 4221 omnino
1033 4143 1104 4208 vita
1127 4141 1207 4209 duci
1229 4166 1299 4210 non
1320 4149 1434 4235 potest
1455 4172 1470 4205 »

163 4259 328 4348 (lirosa).
344 4262 368 4324 E
383 4263 496 4324 mente
511 4257 613 4323 huius
632 4255 719 4342 legis
733 4258 818 4334 erat,
837 4259 874 4321 ut
890 4272 1001 4339 neque
1019 4247 1087 4315 alia
1102 4249 1262 4319 advitam
1281 4251 1472 4320 necessaria

164 4391 225 4456 pro
243 4368 390 4455 pignore
405 4369 632 4433 sumerentur.
651 4364 698 4430 Ct.
725 4364 799 4432 Cei.
818 4370 850 4432 et
865 4389 898 4432 v.
916 4372 956 4433 12
970 4387 1022 4454 sq.
