3366 5346
705 313 794 357 11111,
817 297 889 365 uuo
909 313 973 364 soa.
1440 298 1498 356 249

189 448 377 514 locutusest
391 475 420 512 1.
439 468 471 513 v.
490 452 531 511 20
551 472 565 505 s
586 448 738 535 Cumque
753 445 1016 535 interropaoerit
1028 458 1059 512 te
1071 444 1167 534 pilius
1183 457 1261 510 treus
1277 468 1350 511 cras
1363 474 1393 527 n,
1412 452 1497 512 tem·

189 576 270 644 pore
291 554 421 634 futuro,
444 579 460 613 1(
483 551 599 618 dicens
619 575 632 620 .·
656 552 749 634 Quiri
770 552 838 619 sibi
858 552 978 619 uolunt
993 551 1188 619 testimonia
1206 550 1288 618 baec
1306 564 1337 617 et
1353 575 1498 618 ceremo-

187 661 378 748 niacatque
395 658 545 741 iudicia,
562 682 651 748 quae
662 660 839 750 praecepit
853 659 1019 725 Dominus
1037 662 1126 725 Deus
1145 670 1258 725 noster
1274 658 1394 725 nobis?
1413 687 1428 717 o
1456 697 1499 709 -

186 765 329 833 eandem
343 766 414 832 lere
426 767 660 855 quaestionem
673 766 844 833 habesEx.
861 771 1082 855 13111111.-
1093 788 1124 831 v.
1140 771 1178 831 nt
1199 793 1214 827 1
1230 764 1319 831 dices
1329 766 1362 831 ei
1373 787 1385 831 :
1400 766 1498 832 Serri

185 895 320 939 orantus
334 872 526 939 Pharaonis
542 872 578 938 in
593 875 762 961 Aepppto,
778 885 810 938 et
828 871 950 939 educit
966 895 1028 938 nos
1046 871 1213 938 Dominus
1228 869 1269 937 de
1288 874 1443 962 Aepppto
1460 872 1497 937 in

185 979 440 1067 manuforti»,
468 1001 499 1044 v.
525 985 569 1044 22
589 1007 604 1038 a
623 979 776 1068 fecitque
795 978 899 1068 sipna
923 992 1028 1068 atque
1044 977 1210 1067 prodipia
1225 1001 1354 1067 acapna
1371 991 1403 1044 ct
1418 1001 1498 1067 pes-

80 1126 83 1131 ·
182 1084 270 1150 sima
289 1084 327 1150 in
350 1088 506 1175 Aepppto
522 1097 640 1151 contra
660 1087 875 1153 Pharaonem
897 1097 929 1151 ct
951 1107 1085 1151 omrrem
1103 1083 1244 1151 domum
1261 1084 1357 1150 illins
1369 1083 1408 1150 in
1420 1107 1498 1151 con-

183 1203 299 1281 spectu
318 1204 481 1270 nostro»,
505 1214 536 1259 v.
563 1198 604 1258 23
629 1219 644 1253 «
663 1204 694 1258 et
716 1192 836 1259 educit
853 1214 914 1259 nos
928 1190 1024 1272 inde,
1046 1203 1083 1257 ut
1099 1189 1302 1257 introductis
1318 1189 1415 1257 daret
1430 1205 1496 1259 ter-

183 1321 274 1382 ram,
299 1320 400 1387 snper
426 1320 494 1387 qua
526 1297 655 1364 iurarit
680 1299 837 1384 patribus
863 1297 986 1364 nostris
1012 1325 1051 1381 »‚
1082 1321 1114 1362 v.
1142 1303 1184 1364 rt
1213 1325 1229 1353 «
1254 1299 1496 1387 praecepitque

182 1405 279 1471 nobis
301 1404 480 1487 Dominus,
500 1418 536 1469 ut
548 1404 720 1492 faciamus
740 1405 859 1471 omnia
879 1404 1035 1492 lepitima
1057 1402 1156 1484 baec,
1180 1417 1213 1470 et
1228 1405 1408 1470 timeamus
1428 1408 1496 1470 Da-

184 1511 317 1576 minum
331 1515 439 1577 Deum
454 1523 623 1594 nostrum,
639 1523 676 1577 ut
689 1514 770 1579 bene
787 1512 832 1579 sit
849 1512 945 1577 nobis
960 1511 1092 1577 cunctis
1108 1507 1327 1576 diebusvitae
1346 1524 1492 1593 nostrae,

182 1617 271 1683 sicut
289 1631 337 1683 est
351 1616 451 1683 ltoclie
472 1645 503 1684 a.
527 1618 764 1687 Handatorum
787 1617 979 1685 observatio
999 1622 1034 1684 et
1055 1616 1159 1684 timor
1173 1617 1275 1683 lahve
1293 1638 1372 1684 eum
1388 1616 1495 1684 habe-

182 1724 270 1790 bunt
288 1723 462 1799 effectum,
481 1737 519 1790 ut
538 1727 619 1791 benc
640 1725 686 1791 sit
704 1725 801 1791 uoln's
818 1724 949 1791 crienciis
970 1723 1103 1810 diebus,
1122 1736 1154 1791 et
1173 1724 1270 1790 nobis
1291 1723 1398 1790 eitam
1416 1746 1496 1790 con-

183 1828 281 1896 cedat
296 1830 385 1896 ..sicut
400 1828 499 1896 bodie
516 1830 660 1919 (Heba).
689 1831 763 1898 Vita
782 1837 816 1897 et
835 1832 942 1909 bona,
963 1830 1088 1920 quibus
1104 1829 1236 1897 familia
1255 1830 1393 1908 fruitur,
1410 1833 1496 1900 dum

183 1944 281 2026 pater
299 1936 341 2001 iis
361 1936 474 2002 verbis
496 1936 616 2003 edocet
634 1936 762 2018 filium,
779 1937 854 2026 ipsa
875 1943 952 2003 sunt
969 1942 1213 2023 argumentum
1229 1936 1365 2003 divinae
1387 1937 1496 2003 fideli-

183 2041 263 2108 tatis
286 2047 319 2108 et
342 2041 561 2128 obligationis
584 2043 838 2110 mandatorum.
856 2043 1013 2109 Formula
1032 2042 1120 2109 sicut
1144 2040 1246 2108 bodie
1264 2042 1318 2107 vel
1334 2065 1439 2131 usque
1460 2043 1495 2109 in
1554 2056 1556 2061 “

179 2159 392 2237 praesentem
427 2147 518 2214 diem
546 2149 759 2216 demonstrat
786 2149 1049 2240 promissionem
1074 2148 1224 2236 aliquam
1256 2147 1393 2237 impleri
1425 2149 1494 2215 iam

181 2260 337 2342 coeptam
363 2254 417 2319 vel
440 2254 618 2343 impletam
644 2274 651 2322 :
679 2256 721 2323 el.
751 2261 846 2338 230:
876 2263 967 2338 luit).
994 2260 1057 2333 38;
1086 2261 1175 2336 10,8.
1202 2261 1259 2335 153
1290 2262 1384 2337 11,t;
1412 2255 1494 2322 item

181 2367 261 2427 Gen.
290 2367 402 2440 5020.
424 2383 456 2428 v.
486 2367 527 2429 25
553 2389 568 2423 11
597 2362 741 2451 Eritque
764 2361 874 2428 nostri
897 2361 1103 2445 misericors,
1126 2361 1157 2428 si
1178 2360 1438 2431 custodierimus
1462 2375 1495 2427 et

177 2466 363 2552 fecerimus
388 2467 504 2533 omnio
533 2481 716 2557 praecepta
743 2469 816 2534 eius
845 2491 958 2534 coram
989 2468 1133 2534 Domino
1156 2471 1224 2533 Deo
1253 2480 1384 2551 nostro,
1408 2468 1494 2534 sicut

182 2573 360 2639 mandauit
381 2573 478 2639 nobis
502 2602 531 2638 ».
557 2578 620 2640 Pro
643 2574 715 2639 cius
734 2575 845 2640 scribe
872 2574 964 2640 tinec.
992 2578 1148 2640 Ceterum
1177 2575 1278 2640 aliter
1301 2577 1403 2640 Hebr.
1420 2597 1432 2641 .·
1450 2577 1494 2640 Et

183 2678 318 2745 iustitia
335 2679 400 2744 erit
420 2680 535 2761 nobis,
552 2679 677 2768 quibus
692 2680 807 2746 verbis
828 2680 942 2766 iungit
955 2680 1074 2746 Dillm.
1097 2681 1204 2749 verba
1219 2703 1333 2746 coram
1347 2681 1494 2747 Domino

182 2789 250 2851 Deo
269 2797 403 2864 nostro,
425 2807 513 2874 quae
532 2789 648 2852 tamen
667 2785 806 2872 lougius
821 2786 957 2858 absunt.
973 2785 1066 2853 Siout
1086 2809 1116 2852 v.
1136 2793 1177 2852 15
1197 2785 1495 2852 demonstrabatur

182 2897 268 2959 Deus
281 2914 442 2982 praesens
456 2891 690 2959 idololatriam
710 2914 780 2959 esse
794 2894 990 2983 puniturus,
1007 2892 1055 2959 ita
1074 2891 1130 2958 hic
1150 2898 1334 2959 monentur
1353 2893 1495 2959 Hebraei

183 2999 422 3065 mandatorum
437 2997 668 3065 obedientiam
687 3000 853 3089 praestari
870 3004 935 3065 Deo
955 2998 1144 3088 praesenti.
1161 3004 1217 3065 Est
1239 3000 1305 3066 hoc
1327 3000 1493 3065 motivum

181 3126 319 3185 novum,
337 3104 452 3171 nobile
469 3110 504 3170 et
521 3106 639 3172 ellicax
654 3105 842 3192 exigendae
860 3105 1086 3175 obedientiae.

226 3215 377 3288 Quatuor
401 3211 562 3278 mandata
579 3234 653 3300 cap.
672 3220 691 3279 6
707 3218 785 3280 sunt
805 3212 847 3278 de
873 3212 977 3278 rebus
1001 3212 1167 3278 faciendis
1186 3234 1278 3279 nune
1293 3216 1326 3278 et
1340 3234 1490 3301 semper:

182 3319 338 3406 quintum
360 3324 475 3399 7,1-10
490 3325 538 3385 est
557 3318 599 3384 de
618 3342 655 3384 re
670 3319 827 3385 iacienda
847 3340 940 3400 mox,
959 3326 1032 3407 post
1052 3319 1229 3385 traiectum
1250 3318 1440 3399 Iordanem,
1461 3327 1494 3385 et

180 3423 313 3488 tamdiu
339 3429 489 3504 lautum,
514 3424 628 3513 quoad
652 3425 841 3490 destructae
867 3424 934 3490 sint
964 3431 1094 3512 septem
1119 3431 1237 3509 gentes
1261 3424 1489 3490 chananaeae.

182 3533 343 3602 Quartum
364 3530 562 3595 mundatum
578 3530 752 3619 epilogum
774 3531 878 3596 veluti
903 3530 1007 3595 habet
1024 3552 1056 3596 v.
1081 3536 1188 3595 20-25
1208 3529 1377 3595 monitum
1395 3552 1414 3596 a
1430 3552 1493 3618 pe-

182 3639 276 3699 rente
302 3634 454 3700 dandum
476 3635 562 3715 filio;
579 3636 738 3723 quintum
763 3636 962 3702 mandatum
986 3634 1111 3701 desinit
1131 3643 1163 3716 7,
1191 3642 1271 3702 6-10
1295 3635 1333 3701 in
1354 3658 1493 3724 praeeo-

181 3740 277 3806 nium
309 3739 481 3806 electionis
510 3741 631 3829 populi
663 3742 782 3824 Israel;
815 3749 893 3824 lauf»
929 3741 1141 3809 demonstrat
1175 3741 1360 3827 iustitiam,
1389 3764 1492 3837 quam

182 3846 282 3912 lsrael
295 3867 450 3912 exercere
465 3846 582 3927 debet,
604 3854 661 3928 7,6
674 3849 891 3915 sanctitatem
907 3847 1052 3916 Israelis,

372 4084 403 4144 5.
432 4076 637 4143 illaudatrun
662 4076 879 4167 erstirpaucli
901 4089 1018 4168 pentes
1042 4082 1141 4145 Dent.
1170 4086 1302 4160 *tp-10.

226 4274 310 4360 Arp.
328 4311 373 4319 -
397 4274 517 4338 Gentes
530 4277 676 4362 septem,
691 4294 780 4361 quae
795 4272 951 4360 singulae
964 4272 1126 4340 Hebraeis
1137 4278 1217 4341 suut
1228 4275 1489 4355 numerosiores,

182 4377 341 4444 Hebraeis
358 4378 470 4444 tradet
483 4378 596 4446 lahve.
618 4383 705 4456 Quas
722 4379 775 4445 illi
795 4379 931 4470 penitus
949 4379 1199 4469 exstirpabunt,
1218 4381 1315 4448 nullo
1332 4403 1491 4448 concesso

182 4483 318 4550 loedere
333 4484 388 4551 vel
405 4484 576 4571 coniugio,
594 4485 637 4551 ad
653 4485 926 4574 praecavendum
937 4486 1164 4575 perversiouis
1177 4488 1378 4574 periculum.

229 4590 309 4678 Cap.
331 4591 393 4656 Vll
405 4614 436 4657 v.
454 4598 469 4656 1
495 4621 510 4651 «
533 4593 619 4658 Cum
636 4591 864 4658 introducerit
879 4605 909 4658 te
923 4593 1089 4660 Dominus
1105 4597 1193 4659 Dens
1206 4605 1284 4658 tectis
1299 4594 1336 4657 iu
1352 4604 1488 4671 terram,

181 4717 287 4784 quam
297 4719 510 4785 possessurus
534 4698 751 4787 inpreeiieris,
768 4711 800 4765 et
824 4698 985 4766 deleverit
1003 4714 1122 4789 pentes
1138 4698 1264 4764 irretitas
1285 4726 1320 4778 s,
1337 4697 1359 4761 i.
1383 4719 1400 4762 e
1429 4717 1491 4764 nu·
