3366 5346
478 309 507 364 l.
531 322 584 364 mx
606 321 644 365 on
666 323 785 367 uncinis
809 325 815 364 :
841 325 932 368 narr.
958 309 1119 367 lana-uo.
1401 311 1458 368 329

146 461 303 527 Ezechias
317 465 336 522 ἱ)
351 463 425 523 Par.
442 460 521 533 3l,t
542 477 614 544 sqq.
633 457 744 540 exegit
765 481 785 522 a
808 458 937 546 populo
952 458 1101 523 decimas
1111 464 1181 523 tam
1194 459 1335 544 frugum
1353 482 1456 547 quarn

146 566 365 640 animalium,
394 560 635 648 Hierosolymis
655 564 855 651 pendendas
873 564 917 630 ad
939 564 1217 630 sustentationem
1241 565 1456 631 sacerdotum

145 679 180 738 et
196 671 373 738 levitarum
392 690 399 736 :
422 667 481 733 sed
502 690 542 733 ex
560 668 633 756 ipso
653 673 747 734 textu
768 670 927 750 allicitur,
945 693 1002 735 eas
1022 671 1171 736 decimas
1188 677 1266 737 aute
1280 672 1456 737 Ezechiam

145 787 203 846 aut
215 778 410 844 nullalenus
425 781 484 840 aut
499 781 589 840 certe
607 775 841 862 negligentius
855 777 960 865 pendi
977 777 1200 844 consuevisse.
1220 778 1360 843 Easdem
1381 801 1457 867 per-

144 883 323 951 solvendas
338 881 490 948 declarat
511 881 582 946 llal.
602 888 658 960 3,8
677 904 753 970 sqq.
772 882 918 971 loquens
933 883 975 949 de
990 883 1032 949 iis
1046 884 1301 963 tantummodo,
1319 886 1458 972 quaein

144 992 302 1057 horreum
318 990 522 1065 interantur,
539 990 770 1078 supponitque
786 1012 842 1055 eas
857 995 929 1055 tum
950 989 1098 1056 decimas
1113 989 1301 1077 plurimum
1317 1012 1457 1056 consue-

145 1101 229 1164 visse
254 1097 400 1181 negligi.
424 1093 537 1159 ludith
558 1101 657 1170 ll,l3
677 1097 755 1182 (sce.
782 1101 859 1162 lxx
878 1099 1025 1183 tantum)
1046 1095 1200 1162 meminit
1219 1097 1372 1163 decimae
1392 1097 1459 1162 olei

146 1211 178 1270 et
203 1204 285 1277 viui,
309 1208 383 1268 eth
409 1199 501 1266 Esdr.
529 1207 606 1281 13‚5
629 1202 684 1288 let.
715 1206 1087 1284 1o‚3·2-39;1·2,l3-lojv
1112 1203 1263 1269 decimae
1281 1204 1455 1284 frumeuti,

146 1310 248 1376 musti
268 1316 301 1374 ct
325 1309 405 1373 olei.
429 1308 489 1383 Qui
510 1314 629 1387 textus
646 1310 694 1373 uti
711 1309 815 1375 eliam
832 1310 946 1376 llatth.
965 1316 1085 1388 2323:
1108 1314 1186 1375 Luc.
1212 1315 1323 1385 11,l2;
1344 1316 1456 1390 lala,

144 1415 405 1501 suggerunthas
413 1413 562 1479 decimas
576 1419 648 1479 tum
660 1414 702 1480 de
715 1417 794 1480 solis
805 1425 912 1482 terrae
920 1416 1098 1489 fructibus,
1115 1438 1184 1481 nou
1197 1415 1239 1481 dc
1250 1415 1458 1482 animalibus

145 1523 246 1588 luisse
259 1519 465 1610 pendendas.
484 1519 640 1585 Potuitne
655 1521 718 1586 hac
734 1523 769 1587 in
786 1545 821 1586 rc
833 1522 985 1608 legitime
1004 1523 1129 1589 mutari
1145 1523 1198 1588 lex
1216 1544 1237 1586 a
1255 1527 1363 1609 lloyse
1380 1528 1454 1587 Lev.

145 1635 187 1693 27
203 1628 292 1693 lata‘l
302 1626 442 1692 Plenum
458 1626 692 1692 effectumnon
704 1634 775 1693 erat
791 1628 950 1694 habitura
959 1629 1011 1694 lex
1026 1629 1069 1694 dc
1082 1626 1312 1694 decimisante
1328 1628 1457 1721 ingres-

145 1756 218 1800 sum
234 1742 342 1799 terrae
354 1730 552 1821 promissae.
568 1732 631 1798 Sed
647 1756 716 1822 quo
731 1733 806 1800 iure
823 1735 1030 1822 supponitur
1045 1734 1098 1799 lex
1114 1734 1218 1800 semel
1237 1735 1306 1800 lata
1323 1757 1458 1823 semper

144 1839 300 1906 debuisse
317 1838 493 1904 observari
507 1837 552 1904 ad
567 1839 714 1921 literam,
728 1840 840 1929 qualis
854 1840 923 1905 lata
940 1842 1072 1907 luerat?
1087 1845 1203 1906 Nonne
1219 1840 1331 1928 ipsum
1346 1840 1457 1906 taber-

144 1946 303 2012 naculum
322 1944 418 2010 cessit
432 1944 581 2032 templo?
598 1949 726 2026 lt'onne,
745 1968 813 2033 quo
826 1968 917 2011 auno
927 1954 1084 2012 mortuus
1095 1951 1143 2011 est
1155 1946 1306 2012 Christus
1318 1946 1386 2011 alio
1400 1945 1456 2011 die

144 2075 164 2118 a
178 2051 309 2117 ludaeis
320 2049 560 2117 celebrabatur
571 2051 710 2139 pascha,
729 2073 831 2139 quam
844 2073 947 2140 quem
957 2057 1080 2138 lloyscs
1090 2057 1265 2117 sanxerat?
1282 2052 1456 2117 llutabau-

144 2165 201 2224 tur
214 2158 306 2243 leges
322 2157 488 2223 mosaicae
504 2157 710 2244 quandoque
726 2157 941 2246 approbante
955 2159 1070 2246 aliquo
1085 2159 1264 2248 propheta,
1279 2159 1455 2224 mutaban-

145 2271 201 2331 tur
221 2263 417 2352 saepissime
436 2285 499 2352 per
517 2264 628 2337 netas,
651 2263 859 2352 quaudoque
881 2265 979 2331 nullo
1005 2263 1159 2330 consulto
1181 2265 1350 2352 propheta
1370 2264 1456 2330 irre-

145 2371 250 2460 pebat
270 2392 341 2435 mos
361 2370 429 2455 legi
450 2370 651 2436 contrarius.
672 2375 786 2458 Neque
808 2375 908 2459 putes
927 2371 1089 2459 cuiusque
1110 2372 1186 2436 aevi
1206 2371 1399 2437 sacerdotes
1424 2379 1457 2436 et

146 2478 264 2542 levitas
280 2476 415 2542 unicam
432 2474 521 2541 vitae
539 2498 694 2541 normam
709 2478 888 2561 agnovisse
901 2477 1180 2565 pentateuchum.
1196 2480 1354 2543 Normam
1368 2476 1458 2543 vitae

147 2582 380 2668 agnoscebant
400 2582 534 2645 literam
551 2603 618 2645 non
637 2589 806 2646 mortuam
828 2583 886 2648 sed
908 2582 1038 2660 vivam,
1059 2583 1152 2667 leges
1170 2583 1334 2648 mosaicas
1352 2583 1458 2648 maio·

147 2710 222 2753 rum
247 2689 340 2775 praxi
359 2694 571 2752 consecratas
591 2695 624 2752 ct
639 2694 889 2753 antecessorum
910 2710 1049 2755 suorum
1071 2688 1224 2754 moribus
1243 2689 1454 2775 explanatas

147 2795 177 2860 Si
200 2793 339 2882 quando
361 2793 451 2858 inter
472 2814 603 2858 morem
620 2800 653 2858 ct
668 2793 782 2880 legem
805 2793 997 2859 evidentior
1014 2799 1197 2882 appareret
1216 2794 1454 2872 contradictio,

147 2922 216 2966 non
228 2899 319 2965 illico
332 2900 416 2963 mori
433 2898 653 2964 reformando
666 2899 896 2966 admovebant
912 2922 1064 2982 manum,
1078 2900 1136 2966 sed
1148 2899 1362 2977 dubitabant,
1377 2922 1456 2965 suae

145 3013 255 3073 textus
280 3005 555 3093 interpretationi
577 3004 793 3087 dilfidebaut,
813 3028 884 3071 rem
909 3007 1111 3095 prophetae,
1129 3007 1158 3072 si
1178 3028 1279 3094 quern
1297 3011 1382 3072 Iteus
1397 3006 1457 3071 ali-

146 3111 283 3203 quando
299 3113 465 3192 mitteret,
488 3112 764 3200 componendam
781 3112 1015 3178 reservabant.
1033 3112 1205 3178 Facillime
1222 3135 1324 3201 porro
1338 3135 1456 3179 nasce·

146 3220 249 3285 batur
273 3218 440 3284 discordia
459 3217 551 3283 inter
579 3219 712 3284 literam
738 3224 771 3284 ct
795 3241 916 3296 mores
940 3219 1000 3286 ubi
1024 3220 1193 3304 agebatur
1216 3219 1258 3284 dc
1281 3219 1456 3299 vectigali-

146 3327 240 3393 busa
260 3324 403 3413 privatis
428 3325 464 3389 in
490 3347 571 3391 usus
598 3325 769 3413 publiceS,
789 3327 890 3390 etiam
912 3347 1037 3403 sacros,
1060 3324 1262 3413 pendendiS,
1278 3326 1312 3390 in
1332 3325 1458 3412 quibus

146 3431 242 3516 vulgi
266 3453 359 3495 mens
384 3430 586 3495 naturaliter
602 3429 638 3494 in
658 3452 733 3496 eam
754 3452 890 3517 semper
906 3436 1012 3495 textus
1029 3429 1348 3512 interpretationem
1369 3432 1456 3494 lere·

147 3537 260 3613 batur,
289 3557 375 3623 quae
393 3536 572 3600 nrirar'nnnn
599 3535 750 3622 exigeret
772 3535 955 3624 dispendii.
983 3536 1103 3602 Recole
1124 3535 1210 3615 iam,
1229 3556 1332 3622 quam
1351 3535 1459 3623 impe-

148 3641 240 3708 ditae
262 3641 298 3705 in
316 3641 404 3705 sacri
428 3646 536 3708 textus
562 3663 661 3708 sensu
687 3641 883 3707 definiendo
903 3641 1030 3706 luerint
1052 3640 1176 3706 Christi
1200 3647 1352 3730 tempore
1374 3641 1458 3706 Pha·

149 3747 337 3813 risaeorum
378 3755 526 3824 mentes,
561 3749 736 3812 mentham
778 3747 1022 3813 decimantium
1062 3752 1145 3827 cte.;
1180 3749 1309 3829 recole,
1346 3747 1460 3835 ipsum

147 3859 276 3920 textum
289 3858 315 3919 N
320 3874 388 3918 um.
409 3860 449 3918 18
465 3853 616 3941 aliquem
631 3853 856 3919 dubitationis
878 3852 1057 3941 reliquisse
1075 3853 1199 3933 locum,
1216 3854 1275 3942 qni
1291 3876 1322 3917 v.
1345 3860 1384 3918 21
1401 3853 1409 3939 (
1433 3853 1456 3918 t.

147 3968 223 4028 ch.
250 3961 363 4047 2232)
383 3981 518 4025 omnem
540 3959 696 4025 omnium
721 3959 891 4026 decimam
919 3959 1085 4025 tribueret
1110 3959 1241 4039 levitis,
1265 3983 1295 4022 v.
1320 3965 1361 4023 ‘2ss
1380 3980 1455 4047 sqq.

147 4068 233 4134 solas
245 4067 419 4132 fructuum
432 4072 544 4131 terrae
560 4065 711 4132 decimas
727 4065 949 4155 exprimeret3
968 4067 1080 4132 recole
1101 4072 1205 4131 totam
1222 4072 1359 4151 gentem
1376 4087 1459 4154 pau-

148 4174 260 4255 latim,
289 4172 448 4239 abdicata
477 4177 652 4261 pastorum
676 4173 761 4249 vita,
787 4172 829 4238 ad
861 4193 1025 4257 agrorum
1052 4171 1225 4239 culturam
1253 4171 1455 4239 transiisse:

149 4288 241 4346 estne
261 4280 307 4345 ita
323 4279 462 4353 mirum,
480 4279 645 4366 paulatim
660 4278 891 4368 praevaluisse
907 4277 1265 4367 opinionemsolorum
1285 4279 1457 4345 fructuum

151 4393 260 4452 terrae
280 4385 431 4452 decimas
446 4408 516 4451 esse
530 4385 737 4452 solvendas?

194 4491 315 4558 Debuit
332 4515 434 4581 porro
453 4491 607 4558 iudicum
626 4491 840 4581 potissimum
866 4513 950 4559 aevo
971 4492 1160 4582 plurimum
1187 4491 1350 4558 conlundi
1373 4489 1459 4554 obli-

150 4598 244 4683 gatio
264 4597 476 4666 decimarum
495 4598 770 4687 pendendarum.
793 4599 993 4686 Vectigalia,
1011 4599 1081 4665 sive
1103 4600 1248 4687 prolana
1267 4597 1336 4662 sive
1349 4616 1456 4673 sacra,

150 4724 219 4769 nou
244 4724 448 4771 consuevere
481 4705 639 4772 homiues
666 4704 726 4772 diu
756 4705 913 4772 lubentes
945 4707 1114 4794 pendere,
1138 4704 1205 4771 nisi
1227 4702 1270 4768 ad
1291 4701 1328 4767 id
1358 4701 1458 4768 firma
