3366 5346
681 314 767 357 nnita.
793 299 863 369 226
886 315 947 366 soa.
1414 302 1470 361 201

163 454 220 516 ttr.
242 456 359 529 11,25;
379 453 434 514 Ex.
458 453 559 525 23,27
581 453 749 513 terrorem
770 469 790 512 a
808 447 909 512 lalivc
932 447 1033 513 scribi
1055 449 1289 517 incutiendum
1310 451 1391 515 solis
1411 451 1471 516 eis-

162 555 358 637 iordanieiS‚
381 554 436 619 hie.
459 553 563 619 etiam
584 551 875 619 transierelanicis,
896 554 1052 633 Omnino,
1075 554 1135 621 sed
1155 555 1209 622 his
1228 556 1471 634 conditionate,

162 663 229 728 illis
249 661 405 727 absolute
428 682 435 728 :
458 683 478 725 a
502 660 634 725 Sehone
658 659 833 747 postulant
856 658 1000 726 Hebraei
1027 660 1177 750 primum
1204 664 1340 729 veniam
1362 669 1472 729 trans-

162 767 282 845 eundi,
310 789 413 856 quarn
437 765 466 832 si
487 765 544 833 ille
566 765 800 848 concessisset,
827 765 922 831 nulla
945 767 1062 832 fuisset
1088 773 1183 834 trans
1205 770 1332 835 ttamen
1357 790 1475 857 pugna

160 879 218 940 aut
237 872 359 939 linium
378 871 567 962 acquisitio.
586 871 872 938 Transiordauica
894 894 961 938 non
978 878 1052 939 erat
1071 872 1186 941 stricte
1208 875 1381 963 loquendo
1397 896 1475 964 pars

161 984 273 1046 terrae
295 980 495 1069 promissae.

529 1210 553 1256 d.
570 1210 704 1256 Actaeam
720 1208 878 1257 Amorrhaeis
893 1210 967 1258 Dent.
982 1211 1112 1271 222339.

623 1346 632 1357 “
669 1360 695 1389 α,
711 1343 783 1383 sehon
797 1343 862 1384 Darat.
877 1345 966 1391 naa-aa

205 1505 289 1590 Ara.
308 1541 353 1550 -
369 1504 500 1581 Orator,
519 1500 579 1590 qui
599 1500 755 1567 ordinem
779 1501 976 1568 historicum
996 1525 1068 1568 non
1087 1524 1200 1591 presse
1219 1503 1318 1592 sequi
1337 1525 1473 1570 eonsue-

162 1609 222 1690 vit,
241 1609 405 1675 recensito
417 1631 448 1675 v.
467 1613 508 1673 tt
522 1629 571 1697 sq.
588 1607 706 1673 divino
721 1613 841 1673 contra
852 1608 1083 1675 Amorrhaeos
1098 1608 1279 1698 pugnandi
1296 1609 1471 1688 mandato,
1512 1697 1515 1702 ⁸

160 1737 192 1781 v.
224 1721 265 1780 26
294 1738 369 1804 sqq.
400 1719 657 1795 commemorat,
689 1736 778 1803 quae
810 1722 889 1781 ante
921 1722 1101 1804 acceptum
1131 1714 1332 1783 mandatum
1359 1716 1474 1783 locum

160 1820 319 1887 habuisse
336 1820 472 1886 videtur
494 1819 647 1908 (Catani,
671 1820 875 1905 legationem
896 1820 939 1887 at]
960 1823 1128 1888 Salioncm
1149 1822 1286 1888 arissam
1305 1844 1367 1910 pro
1387 1821 1477 1889 obti-

161 1927 274 1993 nenda
289 1927 451 1992 transitus
463 1924 575 1993 venia.
592 1929 664 2002 Qua
678 1925 849 2011 denegata
865 1948 1001 1993 rursum
1020 1950 1053 1994 v.
1070 1934 1110 1992 31
1128 1927 1335 2015 compendio
1353 1928 1478 2015 repeti-

161 2039 219 2099 tur
244 2032 336 2098 idem
360 2031 577 2108 mandatum,
603 2031 727 2120 proelii
753 2054 924 2100 successus
945 2038 1118 2113 narratur,
1144 2034 1285 2098 ell'ertur
1310 2033 1479 2100 Hebraeos

160 2144 267 2204 totam
293 2139 435 2205 Sehonis
458 2140 640 2223 regionem
664 2138 881 2224 subiugassa
904 2140 1179 2205 ammonitarum
1200 2139 1284 2205 fines
1303 2162 1374 2205 non
1397 2139 1476 2205 atli-

160 2246 261 2331 gissa.

202 2373 235 2418 v.
256 2358 298 2417 26
314 2350 406 2416 idem
420 2354 469 2416 est
485 2355 588 2439 atque
608 2355 706 2417 Num.
723 2357 836 2431 21,21,
854 2350 971 2439 paucis
985 2350 1133 2419 additis:
1153 2378 1168 2411 «
1187 2351 1270 2417 illisi
1284 2374 1364 2440 erqo
1382 2375 1472 2418 nuu-
1547 2354 1550 2359 ’

159 2456 224 2522 ties
235 2455 276 2522 ule
290 2456 477 2523 solitudine
492 2454 676 2524 Cadernotli
695 2486 723 2538 u,
739 2479 827 2546 quae
840 2457 958 2524 civitas
971 2456 1187 2546 probabilius
1198 2460 1287 2525 cirea
1300 2463 1470 2525 arnonem

159 2563 369 2651 superiorem
386 2565 449 2630 sita
468 2564 682 2653 postmodum
699 2564 874 2629 Rubenitis
893 2564 992 2629 cessit
1007 2569 1039 2630 et
1054 2564 1166 2629 levitis
1183 2566 1258 2650 (los,
1280 2571 1396 2643 1:3‚183
1414 2572 1469 2644 21,

163 2676 204 2735 37
219 2669 366 2756 [Hebr.];
384 2677 399 2735 1
419 2675 493 2737 Par.
510 2675 589 2747 6,79
606 2672 703 2757 [tilla
720 2697 735 2729 u
752 2669 799 2734 art
811 2668 925 2735 Seiron
940 2691 1055 2757 rrqern
1072 2670 1221 2735 Hesebon
1234 2671 1342 2735 verbis
1354 2670 1474 2758 pacifi-

162 2775 210 2841 cis
222 2774 336 2841 (licens
353 2806 369 2835 »
389 2794 498 2841 z—’v.
517 2783 621 2841 27-29
637 2797 755 2841 omues
770 2781 887 2841 contra
909 2775 1008 2864 l'ulq.
1026 2775 1166 2856 habent,
1183 2775 1232 2841 uti
1247 2799 1279 2841 v.
1297 2783 1352 2857 26,
1370 2777 1474 2842 verba

162 2890 264 2971 atque
283 2880 404 2948 sallisa
423 2882 554 2970 primae
578 2904 667 2971 pers.
691 2881 796 2968 singu,
821 2881 982 2949 ultimum
1002 2881 1146 2948 incisum
1167 2904 1199 2948 v.
1223 2889 1264 2949 29
1285 2882 1407 2968 legunt
1427 2882 1475 2948 uti

163 2989 259 3074 Vulg.
283 3008 291 3055 :
309 2990 392 3075 ergo
407 3011 439 3054 v,
459 2995 562 3055 27-29
580 2989 734 3077 loquitur
748 2992 872 3075 lloyscs
888 2988 1027 3055 nomine
1045 3010 1120 3055 suo.
1141 2987 1259 3055 Fusius
1274 2989 1476 3077 pronuntiat

161 3095 292 3177 eadem,
313 3117 402 3184 quae
423 3100 522 3162 Num.
546 3101 648 3175 21,22
668 3133 711 3146 -
732 3119 762 3162 v.
783 3102 823 3160 27
848 3122 864 3155 u
885 3094 1117 3161 Transibintus
1132 3118 1195 3184 per·
1215 3108 1342 3162 terram
1365 3109 1473 3173 tuam,

156 3201 295 3291 prrbliea
313 3200 517 3291 praeliemur
535 3201 602 3283 ria,
624 3224 693 3267 non
712 3199 960 3267 declinabimus
978 3224 1088 3290 neque
1104 3201 1152 3268 cul
1167 3201 1344 3269 (tertarum
1364 3225 1473 3291 neque

161 3306 207 3374 ad
224 3308 401 3375 sinistram
422 3335 453 3374 υ.
476 3330 508 3375 v.
532 3313 573 3373 28
596 3306 805 3375 «Alimenta
821 3309 934 3396 pretio
956 3306 1062 3373 cerr-de
1086 3308 1196 3385 arabis,
1216 3321 1254 3374 ut
1276 3328 1473 3391 vescamur,·

161 3437 288 3503 aquarn
303 3417 454 3504 perrrnr'a
475 3415 593 3495 uibar,
612 3426 644 3480 et
662 3416 709 3480 sic
729 3414 890 3480 bibemus.
918 3417 1155 3499 tentantem,
1178 3427 1216 3478 at
1236 3415 1330 3479 nabis¹
1352 3436 1471 3479 eauce-

161 3520 234 3606 dasl
256 3522 436 3586 transitum
464 3544 497 3602 »3
523 3545 554 3588 v.
578 3527 619 3586 29
642 3549 657 3581 u
679 3522 766 3614 sieut
784 3522 939 3609 fecerunt
955 3519 1024 3608 filit
1045 3522 1149 3599 Esau,
1173 3520 1234 3608 qui
1253 3518 1412 3585 habitant
1433 3518 1470 3585 in

161 3626 249 3706 Seir,
266 3640 298 3693 et
312 3628 494 3707 Moabitae,
510 3628 572 3718 qui
585 3642 764 3695 irrorantur
780 3627 817 3693 in
830 3631 903 3694 Ar:
922 3625 1027 3693 donee
1042 3627 1217 3693 verriamas
1229 3625 1277 3693 ad
1289 3625 1470 3693 Iordanem

162 3746 194 3797 et
218 3746 429 3800 transeamus
452 3735 499 3801 aa
522 3749 645 3802 terram
652 3789 662 3823 ,
692 3758 795 3824 petant
822 3733 987 3800 Itourinus
1010 3737 1100 3799 Deus
1124 3744 1235 3799 noster
1254 3731 1398 3799 datrrrus
1423 3744 1471 3799 est

161 3840 257 3904 nobis
275 3867 304 3906 ».
323 3844 405 3907 Acta
422 3862 499 3908 cum
514 3842 679 3909 Edomitis
692 3850 724 3908 ct
741 3841 890 3907 tloabitis
904 3841 1010 3905 refert
1023 3845 1160 3927 Moyses
1177 3862 1248 3906 non
1263 3846 1300 3906 ut
1311 3840 1472 3905 historio-

160 3948 327 4035 graphus,
344 3946 403 4012 sed
418 3951 456 4013 ut
470 3955 596 4031 orator,
613 3949 709 4014 effert
721 3971 761 4015 ea
775 3969 860 4035 quae
875 3968 974 4013 suum
989 3946 1033 4013 ad
1046 3947 1213 4013 Schonem
1230 3950 1471 4029 argumentum

165 4052 316 4126 firmant,
344 4058 376 4119 et
405 4058 492 4120 tacet
511 4053 749 4122 difficultatem
775 4075 877 4142 <piram
898 4059 973 4120 crat
992 4075 1069 4120 eum
1088 4051 1252 4120 lldomitis
1272 4056 1305 4116 et
1326 4049 1474 4116 tlcabitis

161 4166 328 4250 expertus.
348 4159 525 4228 Edomitae
545 4168 578 4228 et
599 4161 759 4227 Moabitae
782 4166 1020 4227 concesserant
1041 4161 1220 4226 transitum
1242 4180 1312 4224 nou
1333 4157 1472 4248 quidem

161 4290 221 4356 per
249 4267 393 4349 medios,
416 4269 476 4337 sed
499 4291 561 4358 per
583 4273 749 4334 extremos
768 4268 851 4335 fines
874 4267 1035 4357 (Bonna),
1054 4295 1070 4327 «
1097 4274 1135 4333 ut
1164 4267 1248 4334 fines
1272 4266 1432 4331 raderent
1455 4292 1469 4322 u

162 4375 303 4440 Hebraei
319 4373 479 4464 (Calrn.);
499 4375 604 4464 idque
622 4379 857 4441 concesserant
874 4379 969 4442 tanto
989 4373 1131 4454 facilius
1154 4373 1245 4462 quod
1266 4372 1408 4439 extremi
1427 4370 1471 4436 ad

162 4480 326 4547 orientem
349 4482 433 4548 fines
452 4489 561 4548 essent
585 4483 725 4549 fortasse
745 4482 857 4549 minus
877 4480 973 4560 certi,
996 4487 1031 4547 et
1052 4482 1148 4567 regio
1170 4482 1273 4570 plana
1295 4476 1468 4544 difficilius

162 4585 402 4655 defenderetur
427 4611 531 4678 quam
557 4596 687 4656 montes
714 4592 824 4673 (Num.
851 4589 985 4676 20,20);
1007 4611 1077 4655 non
1100 4587 1349 4676 prohibuerant
1377 4601 1464 4658 suos,

162 4692 345 4782 quominus
359 4718 533 4763 annonam
548 4702 580 4762 et
595 4719 719 4787 aquam
735 4697 846 4786 pretio
861 4696 1046 4764 vendentes
1059 4696 1194 4761 lucrum
1210 4692 1373 4758 lacerent.
