3366 5346
176 308 236 367 384
624 318 859 364 consecrarant
881 317 1040 362 sannaus.

221 480 253 523 v.
275 463 289 522 1
310 483 325 516 κ
348 456 387 520 Si
400 451 522 520 exieris
539 450 588 520 ad
607 451 733 519 bellurn
757 462 874 517 eontra
896 449 1007 517 hostes
1022 461 1107 537 tuos,
1123 461 1155 517 et
1175 449 1298 516 uideris
1318 449 1500 541 equitatus

176 576 210 630 et
232 585 350 629 currus
374 592 389 623 »
415 600 459 610 -
481 582 550 626 non
569 581 695 648 equum
719 571 752 624 et
776 557 926 647 equitem
950 558 1081 646 (LXX),
1104 578 1189 643 ergo
1215 556 1357 625 tandem
1387 558 1501 626 solum

176 670 366 759 equitatum
386 688 393 735 ε
411 667 566 756 equitum
590 672 723 733 turmae
747 670 820 732 tum
844 686 916 730 non
935 670 1052 746 erant;
1070 663 1130 730 sed
1148 686 1274 753 equum
1288 677 1322 731 et
1341 686 1498 750 currum,

177 798 296 842 currus
319 797 396 841 cum
424 773 493 839 suis
515 773 627 861 equis,
651 793 798 861 quornm
823 770 947 838 timore
972 769 1256 860 opprimebantur
1279 772 1426 838 Hebraei
1455 809 1500 823 —

147 898 150 903 '
178 911 193 942 κ
214 895 246 948 et
265 881 441 963 maiorem,
459 901 563 968 quum
587 891 624 945 tu
645 877 781 961 habeas,
804 876 1007 966 {aduersarii
1025 876 1201 965 exercitus]
1219 876 1495 966 multitudinem,

176 1010 245 1054 non
264 976 399 1054 timebis
414 1008 481 1073 coe,
499 985 582 1076 quia
603 984 769 1051 Dominus
788 987 878 1050 Deus
894 996 972 1050 tuus
989 995 1100 1051 tecum
1115 995 1174 1067 est,
1190 983 1253 1072 qui
1272 982 1394 1050 educit
1408 997 1441 1052 te
1455 984 1498 1052 de

176 1107 266 1162 terra
282 1093 434 1183 Aeqqpti
452 1121 482 1158 o.
498 1115 530 1160 v.
549 1098 569 1157 2
590 1118 606 1152 «
621 1093 645 1157 Α
646 1090 929 1181 pprupinquante
941 1101 1058 1157 autern
1074 1089 1144 1156 iarn
1154 1089 1299 1178 proelio,
1319 1091 1424 1157 stabit
1438 1114 1497 1160 su·

177 1200 292 1267 cerdos
309 1227 324 1260 »
343 1200 386 1265 ad
401 1200 439 1266 id
454 1199 638 1289 deputatus
655 1224 671 1257 a
687 1196 777 1285 [arete
792 1196 914 1285 aciem]
930 1197 1022 1264 etsie
1038 1195 1196 1285 loquetur
1208 1196 1434 1287 adpopulum
1448 1226 1465 1261 >r
1485 1216 1493 1264 ε

179 1332 209 1374 v.
226 1314 244 1372 3
262 1335 277 1367 a
291 1305 382 1372 Audi
394 1304 503 1372 israel
519 1328 526 1373 :
542 1326 598 1371 uos
611 1302 710 1370 hodie
726 1316 846 1370 contra
860 1303 1019 1370 inimicos
1031 1315 1323 1393 oestrospuqnarn
1338 1304 1496 1372 conciuit-

178 1413 252 1479 titis
275 1433 283 1479 ε
307 1435 377 1478 non
387 1411 612 1502 pertimescat
627 1432 685 1476 cor
703 1423 869 1496 cestrum,
890 1410 997 1477 nolite
1012 1421 1177 1493 metuere,
1199 1409 1305 1477 nolite
1320 1410 1439 1479 cedere
1461 1439 1494 1496 o,

177 1558 222 1570 -
237 1521 336 1588 Hetr.
351 1517 548 1607 perturbari
561 1555 605 1567 -
626 1543 642 1576 «
666 1539 728 1583 nee
745 1515 941 1606 formidetis
958 1538 1014 1583 eos
1035 1543 1065 1599 u,
1087 1539 1119 1582 v.
1143 1522 1161 1583 b
1185 1543 1201 1577 «
1222 1516 1306 1605 quia
1327 1517 1497 1585 Dominus

180 1630 267 1691 Deus
287 1635 393 1690 cester
412 1623 461 1712 [in
481 1621 606 1712 medio]
627 1622 730 1689 vestri
748 1636 797 1689 est
814 1652 843 1705 r,
865 1661 910 1672 -
925 1625 1026 1689 Hebr.
1048 1621 1177 1689 incedit
1193 1629 1368 1712 tamquam
1390 1623 1462 1691 dux
1485 1647 1494 1694 ε

177 1753 247 1798 non
265 1729 410 1797 edicitur
426 1751 561 1818 semper
580 1729 742 1796 adfutura
762 1751 842 1795 area
863 1729 919 1818 (ci.
939 1733 1036 1797 Num.
1056 1731 1180 1814 libi),
1201 1728 1260 1796 sed
1277 1729 1368 1796 idem
1387 1728 1496 1798 edici·

178 1845 235 1904 tnr
250 1836 343 1926 quod
358 1858 389 1904 v.
411 1842 426 1902 1
447 1859 455 1904 ε
474 1847 585 1902 tecum
606 1847 656 1902 est
675 1875 719 1885 —
735 1863 751 1896 «
769 1849 802 1902 et
820 1858 884 1925 pro
907 1834 999 1902 uobis
1019 1847 1137 1902 contra
1156 1833 1367 1903 adversarios
1388 1835 1496 1903 dimi-

179 1943 280 2029 cabr't,
299 1956 337 2008 ut
351 1954 450 2009 eruat
462 1965 520 2009 cos
535 1940 743 2032 deperieulo
762 1971 790 2008 ».

222 2057 300 2117 Post
328 2049 539 2117 sacerdotem
563 2048 736 2138 prodeunt
759 2047 908 2130 scribae,
933 2050 981 2114 ita
1005 2047 1095 2115 enim
1121 2071 1194 2121 uun
1214 2047 1417 2116 vertendum
1445 2056 1495 2118 est

182 2157 235 2241 (cf.
254 2161 310 2223 Ex.
333 2163 389 2236 5,6
404 2178 496 2243 sqq.;
518 2161 616 2222 Num.
641 2160 872 2235 11‚1c;·neut.
895 2154 1059 2243 29‚10[n];
1077 2161 1196 2239 31‚aa;
1214 2161 1278 2223 los.
1298 2162 1392 2240 1,10;
1417 2163 1491 2237 3‚2;

178 2269 275 2343 8,33;
302 2267 399 2341 2333
417 2261 525 2348 tat),
548 2282 660 2349 neque
682 2262 769 2326 ratio
794 2262 902 2326 esth.
929 2262 952 2327 Ι.
978 2262 1081 2335 aliter
1098 2260 1266 2343 vertendi,
1293 2263 1494 2351 praesertim

178 2389 257 2434 eum
278 2389 309 2433 v,
333 2373 352 2432 9
374 2366 477 2433 duces
500 2365 667 2432 militares
688 2388 771 2432 voce
794 2381 878 2429 urin
900 2369 1164 2456 exprimantur:
1191 2390 1237 2436 sc.
1265 2367 1398 2436 scribae
1421 2375 1496 2436 erat

178 2471 489 2560 mandatapnblica
503 2471 657 2539 recitare.
675 2494 706 2538 v.
724 2479 742 2538 5
760 2502 774 2533 «
792 2475 901 2539 Duces
918 2502 947 2553 »‚
966 2496 1026 2540 seu
1040 2475 1155 2541 verius
1164 2474 1306 2556 scribae,
1326 2503 1343 2538 «
1360 2498 1496 2569 quoque

81 2619 82 2622 =
177 2580 249 2670 [per
275 2578 431 2668 sinqulas
460 2576 601 2666 truncas]
630 2577 793 2645 audiente
824 2567 975 2646 auertite
996 2580 1266 2671 proclamabunt
1293 2601 1306 2646 .·
1336 2581 1420 2662 Quis
1446 2594 1495 2649 est

109 2768 115 2779 Ι
177 2686 289 2773 horreo,
313 2686 372 2776 qui
393 2683 590 2775 aedificavit
616 2683 754 2752 doraum.
775 2709 900 2753 nouam
927 2698 960 2753 et
985 2710 1055 2753 non
1082 2685 1255 2754 dedicauit
1277 2690 1376 2757 earn?
1398 2717 1413 2748 »
1434 2702 1494 2778 qen

179 2797 275 2860 Num.
294 2799 373 2872 7.,10
388 2815 439 2881 sq.
458 2798 560 2860 auae
573 2791 790 2859 scribebatur
800 2791 844 2859 de
857 2792 1072 2860 dedicatione
1087 2794 1169 2860 novi
1184 2794 1368 2861 sanctuarii
1386 2816 1394 2863 ε
1412 2816 1495 2881 ergo

176 2905 315 2987 praeter
336 2920 468 2964 meram
495 2927 511 2959 «
535 2898 783 2965 habitationem
811 2927 825 2957 ›>
855 2899 965 2987 (Vat.)
986 2899 1069 2966 dicit
1092 2901 1249 2967 festivam
1275 2923 1352 2967 cum
1376 2901 1496 2967 amicis

177 3004 479 3089 inaugurationem
505 3003 640 3091 (Tusa).
659 3033 674 3064 a
702 3003 812 3070 Vadat
831 3018 864 3070 et
883 3018 1076 3072 reuertatur
1097 3006 1134 3072 in
1158 3005 1298 3074 dentum
1322 3028 1430 3092 setam,
1450 3029 1495 3072 ne

174 3109 265 3197 sorte
279 3109 446 3175 moriatur
461 3107 499 3175 in
516 3109 614 3193 bello,
630 3121 662 3175 et
683 3109 773 3176 alius
789 3109 921 3178 dedicet
943 3135 1018 3180 eam
1038 3141 1068 3178 r.
1089 3114 1183 3180 Sicut
1202 3120 1282 3195 21ιρ
1301 3118 1496 3202 neonuptus

177 3215 313 3301 integro
329 3237 419 3281 anno
443 3214 603 3281 amititia
619 3216 845 3297 eximebatur,
867 3218 916 3283 ita
937 3220 1003 3284 Ios,
1022 3224 1072 3286 tv,
1089 3225 1167 3288 atu
1188 3219 1325 3306 integer
1345 3225 1496 3310 postmo-

149 3407 153 3415 .
178 3322 261 3388 dum
284 3343 392 3388 annus
413 3320 615 3389 incolendae
639 3345 746 3390 novae
766 3323 881 3390 domui
900 3323 1162 3394 concedebatur.
1189 3350 1220 3394 v.
1250 3334 1270 3393 6
1297 3356 1313 3388 a
1340 3326 1424 3408 Quis
1447 3339 1497 3393 est

176 3427 289 3513 terreo,
305 3429 366 3518 qui
378 3429 554 3519 plantavit
576 3429 724 3513 vineam,
741 3443 774 3496 et
795 3428 942 3497 necdum
960 3431 1046 3519 sctit
1071 3455 1147 3499 earu
1173 3455 1243 3500 esse
1266 3421 1493 3517 correnruneur,

176 3535 229 3623 [de
242 3558 312 3624 qua
327 3535 416 3601 cerei
431 3535 586 3602 omnibus
597 3535 735 3624 licead?
749 3564 764 3596 »
777 3535 879 3603 Hebe.
897 3536 1017 3605 etate.
1032 3560 1040 3606 :
1050 3538 1251 3628 profanavit
1263 3560 1350 3605 carn.
1363 3539 1495 3606 anuui-

177 3648 233 3707 tur
247 3641 290 3706 ad
311 3645 386 3708 Lev.
411 3649 569 3725 tone-25
591 3665 599 3711 :
622 3644 813 3731 primorum
833 3642 937 3709 trium
957 3666 1127 3712 annornm
1148 3646 1278 3713 fructus
1297 3667 1368 3714 non
1388 3645 1494 3713 attin-

176 3746 360 3833 gebantur‚
381 3755 504 3835 quarto
523 3771 613 3814 anuo
630 3748 728 3815 vinea
742 3749 1013 3841 profanabatur,
1030 3751 1198 3819 fructibus
1212 3751 1372 3820 omnibus'
1391 3752 1494 3820 lahve

177 3853 394 3938 consecratis,
414 3853 535 3943 quinto
550 3856 688 3923 tandem
706 3877 796 3922 atino
810 3856 941 3922 fructus
961 3856 1037 3924 usui
1053 3854 1228 3925 ¹communi
1245 3858 1424 3926 cedebant.
1444 3864 1494 3927 bn

177 3983 260 4046 ergo
283 3967 354 4027 toto
379 3961 615 4049 quinquennio
635 3982 681 4027 an
704 3962 814 4028 solum
837 3964 957 4051 quinto
983 3985 1073 4030 anno
1095 3987 1115 4031 a
1137 3965 1261 4032 militia
1281 3964 1496 4033 eximebatur

177 4067 296 4132 vineae
312 4068 506 4155 plantator?
520 4067 557 4132 ld
574 4089 642 4133 non
665 4066 746 4133 satis
764 4068 855 4134 clare
871 4069 1031 4159 exprimit
1043 4076 1163 4139 textus,
1182 4076 1278 4139 Certe
1292 4095 1356 4161 pro
1375 4072 1496 4162 quinto

178 4194 267 4238 anno
277 4172 384 4260 (Gai.)
398 4173 626 4261 plantatorem
642 4194 661 4238 a
675 4173 799 4240 militia
811 4174 937 4256 eximit,
951 4177 1063 4244 donec
1075 4200 1156 4245 uvas
1171 4178 1373 4269 expresserit
1383 4179 1497 4270 primu

177 4276 251 4342 vice
278 4279 400 4366 (Syn),
420 4278 486 4345 iilis
512 4278 719 4346 exhilaratus
742 4281 845 4348 fuerit
866 4282 995 4372 (LXX).
1019 4312 1035 4345 e
1066 4283 1176 4352 Vadat
1195 4299 1228 4352 et
1246 4297 1436 4354 revertatur
1459 4285 1496 4351 in

176 4383 313 4450 domum
330 4406 440 4468 serant,
461 4408 504 4451 ne
518 4386 609 4474 [orte
626 4388 794 4454 moriatur
813 4387 849 4454 iu
870 4389 968 4471 bello,
992 4403 1024 4457 et
1043 4390 1133 4458 alius
1155 4391 1254 4459 bento
1272 4394 1345 4459 eius
1359 4394 1494 4482 [unqu-

175 4503 231 4557 tur
249 4491 360 4581 officio
381 4520 410 4575 r,
428 4492 450 4557 i.
467 4514 496 4559 e.
516 4515 590 4560 earn
606 4495 781 4584 profanet.
804 4519 836 4561 v.
858 4503 877 4561 't
903 4524 918 4556 «
937 4496 1020 4578 Quis
1038 4510 1088 4564 est
1101 4499 1212 4585 lrouto,
1229 4503 1291 4589 qui
1307 4498 1493 4589 despondit

175 4621 333 4682 acorem,
355 4610 387 4666 et
410 4623 478 4666 non
501 4600 635 4691 accepit
654 4607 754 4669 cam?
780 4601 888 4669 Vadat
909 4616 941 4669 et
958 4617 1147 4672 reuertatur
1162 4606 1199 4673 in
1216 4605 1356 4674 dentum
1374 4628 1490 4689 suant,

175 4728 217 4772 ne
236 4706 326 4794 forte
345 4707 517 4776 utorietur
535 4709 572 4776 in
594 4707 692 4794 bello,
710 4721 743 4776 et
757 4707 848 4775 alius
862 4710 962 4776 leonto
983 4711 1134 4802 accipiat
1149 4735 1225 4781 eant
1245 4742 1274 4781 ».
1294 4736 1326 4780 v.
1344 4720 1365 4782 8
1386 4741 1402 4776 a
1426 4712 1489 4781 His
