3366 5346
639 264 791 308 ciuitatum
813 263 929 307 ttotsts.

312 478 341 535 1.
370 467 518 557 Strophai
542 469 728 534 utulatmuu
756 489 762 534 :
789 469 934 558 uictique
959 469 1060 536 Ioltue
1085 471 1258 558 beneficia.

151 663 159 708 Ι
179 675 203 709 v.
222 661 235 708 8
254 658 372 718 Quando
394 659 475 709 Elion
495 659 680 709 distribuebat
703 672 773 722 gen-

576 749 652 798 tibus
670 746 771 815 (lines),
826 750 939 812 quando
954 750 1104 813 separabat
1119 748 1191 799 tilios
1207 750 1306 810 Adam,

259 839 392 888 Attribuit
408 839 544 888 terminos
558 839 724 901 populorum
827 839 923 902 paucis
939 837 1005 889 siliis
1019 838 1114 889 lsrael.

581 1038 715 1125 [Versus
739 1037 976 1126 intercalaris.

178 1242 203 1275 v.
221 1228 236 1277 9
252 1227 324 1286 Quia
335 1240 400 1290 pars
411 1227 496 1278 iahve
509 1232 551 1276 est
567 1229 688 1292 populus
700 1230 769 1286 eius,
827 1228 908 1278 Iacob
923 1228 1081 1277 haereditas
1096 1229 1121 1276 ei
1133 1228 1295 1279 obveniens.

132 1380 157 1428 il
179 1393 204 1427 v.
222 1379 253 1428 10
271 1377 473 1428 Suibeientiam
489 1379 616 1442 praebuit
631 1381 655 1430 ei
676 1380 704 1428 in
720 1378 769 1429 ‹ie-

681 1474 767 1524 serto‚
820 1471 848 1518 et
864 1470 893 1518 in
908 1467 1118 1518 iubilationibus
1133 1470 1296 1519 incrassavit
1311 1481 1383 1518 eum.

271 1602 395 1651 Protexit
408 1613 471 1651 eum
487 1603 514 1651 et
532 1602 608 1650 novit
622 1614 696 1656 eum.
823 1606 850 1650 ct
870 1600 1019 1651 custodivit
1038 1604 1118 1665 quasi
1137 1602 1272 1665 pupillam
1292 1602 1364 1651 oculi
1386 1604 1438 1650 sui

149 1737 206 1785 iv.
228 1736 255 1784 11
273 1735 350 1785 Siout
385 1736 479 1798 aquila
512 1736 636 1785 excitans
670 1735 766 1784 nidum

685 1837 766 1874 suum
817 1837 902 1887 supet·
916 1825 1007 1887 pullos
1021 1837 1088 1874 suos
1103 1826 1210 1884 volitat,

271 1957 403 2007 Extendit
435 1957 495 2005 aias
530 1969 595 2006 suas
626 1958 655 2023 et
685 1958 770 2007 sumit

692 2059 766 2103 eum,
820 2048 848 2095 et
862 2051 954 2109 portat
969 2059 1022 2109 opo
1037 2048 1141 2110 pinnae
1156 2059 1235 2096 suae.

131 2182 153 2229 11
176 2195 202 2229 v.
224 2180 252 2229 tt
269 2180 354 2228 labae
369 2179 447 2229 solus
459 2190 522 2228 eum
538 2180 623 2241 pavit,
819 2191 909 2242 neque
925 2181 984 2229 etat
998 2192 1061 2228 oum
1075 2192 1109 2230 eo
1124 2179 1193 2228 deus
1208 2173 1326 2229 alienus.

179 2328 203 2363 v.
224 2314 253 2363 13
271 2312 391 2363 Deduxit
429 2325 493 2362 eum
534 2325 619 2375 super
656 2313 766 2362 excelsa

662 2406 763 2461 terrae,
816 2401 907 2452 cibum
921 2401 947 2450 ei
962 2401 1037 2450 dedit
1050 2405 1202 2462 proventus
1214 2401 1312 2463 campi.

147 2535 157 2583 1
268 2535 375 2597 Sugere
390 2547 454 2583 eum
467 2533 531 2582 iecit
546 2534 600 2583 mel
613 2534 648 2583 de
661 2545 729 2596 rupe
819 2535 846 2582 et
861 2534 952 2583 oleum
969 2532 1003 2582 de
1018 2534 1140 2596 caespite
1155 2539 1266 2596 petrne;

179 2637 203 2671 v.
224 2621 253 2671 11
270 2623 396 2672 butirum
411 2623 529 2671 annenti
544 2627 572 2672 et
584 2623 636 2692 iao,
814 2633 915 2684 greges
930 2634 993 2671 cum
1011 2623 1081 2672 lacte
1097 2633 1244 2684 agnarum,

129 2758 152 2806 11
274 2757 381 2806 Arieies
402 2754 474 2806 tilios
494 2756 640 2816 Bassn‚et
660 2756 762 2815 lurcos⁷
820 2768 883 2805 oum
902 2754 1026 2806 medulla
1040 2756 1135 2814 tritici,

273 2889 444 2952 Sanguinem
475 2901 547 2938 uvae
578 2889 647 2938 bibit
675 2889 764 2937 abun·

639 2976 764 3029 dauter:
817 2971 997 3041 manducavit
1013 2976 1095 3027 Iacob
1111 2981 1139 3026 et
1153 2978 1294 3025 saturatus
1309 2977 1361 3024 est.

467 3178 519 3268 2.
547 3169 697 3261 Stroplta
725 3191 731 3236 :
758 3170 894 3238 Israelis
918 3169 1076 3258 desectio,

149 3373 205 3420 lv.
232 3371 455 3419 151ncnssatus
485 3372 527 3418 est
558 3369 710 3418 Iesoiuuun
742 3370 768 3416 et

572 3457 767 3515 recalcitravit,
818 3455 998 3514 incrassatus
1017 3455 1216 3517 impinguatus,
1234 3454 1346 3504 obesus

276 3544 762 3609 DereliquitEloabiactouemsuum
817 3547 846 3592 et
860 3542 944 3592 stulte
959 3543 1060 3592 abiecit
1075 3544 1183 3610 petram
1199 3543 1297 3593 salutis
1311 3556 1388 3593 suae.

181 3650 207 3684 v.
232 3635 262 3684 16
284 3635 510 3684 provocaverunt
530 3645 593 3683 eum
611 3634 638 3682 in
654 3632 763 3689 alienis,
819 3636 846 3682 et
861 3630 1116 3681 abominationibus
1128 3632 1307 3681 irritaverunt
1322 3645 1396 3689 uum,

183 3738 207 3772 u,
233 3725 263 3772 17
285 3719 517 3772 Sacrissoaverunt
564 3721 655 3784 geniis
697 3734 768 3769 non-

668 3809 766 3870 Eioah,
819 3808 872 3858 diis
884 3821 956 3872 quos
970 3807 1081 3858 inerant
1096 3821 1153 3858 non
1168 3811 1284 3871 experti.

289 3901 362 3951 Novi
377 3899 502 3949 funditus
517 3898 655 3949 advenere
671 3909 678 3951 ι
821 3911 877 3948 non
893 3898 1038 3948 uoluerant
1052 3909 1101 3947 oos
1115 3899 1209 3962 patres
1224 3910 1331 3947 eorum.

183 4005 208 4040 v.
235 3990 266 4041 18
287 3995 408 4048 Petram,
425 3989 473 4051 qui
492 3991 519 4037 te
540 3988 647 4049 genuit,
668 3986 769 4037 dereli-

682 4077 767 4139 quisti
818 4080 846 4124 et
860 4075 964 4125 oblitus
979 4087 1009 4124 es
1024 4073 1067 4136 El,
1085 4076 1132 4138 qui
1146 4080 1174 4125 to
1189 4073 1349 4138 generavit!

440 4284 472 4344 2.
500 4275 723 4367 iintisiroplza
751 4296 758 4342 :
785 4276 888 4343 Inbue
912 4275 1121 4365 indiqnueio.

133 4480 157 4528 11
179 4493 203 4530 v.
230 4479 259 4529 19
282 4479 357 4528 Vidit
372 4477 457 4528 iahve
473 4479 500 4528 et
514 4476 672 4540 reprobavit
818 4475 854 4525 ob
869 4474 1090 4538 indignationem
1107 4474 1180 4525 iiiios
1194 4487 1261 4524 suos
1276 4478 1304 4523 et
1319 4473 1400 4522 filias.

183 4582 210 4617 v.
233 4567 265 4616 20
285 4566 319 4615 Et
349 4570 387 4617 ait
417 4580 423 4615 ε
459 4565 634 4616 Abscondunt
671 4563 770 4614 faeiem

558 4666 648 4704 meam
669 4654 703 4703 ab
718 4655 768 4712 eis,
820 4653 921 4703 videbo
935 4665 1007 4716 quae
1022 4652 1173 4701 novissima
1187 4661 1291 4700 eorum.
