3366 5346
622 315 709 389 ntur.
733 298 824 370 :usto
847 316 911 365 sou.
1368 302 1425 359 503

115 480 294 548 perperam
312 457 500 546 irrepsisse,
518 462 701 545 postquam
718 479 749 522 v.
766 463 807 522 23
819 479 869 544 sq.
884 456 1014 544 delapsi
1030 461 1107 521 suut
1118 457 1208 523 inter
1222 480 1280 523 eos
1298 480 1423 533 versus,

115 565 176 654 qui
191 569 374 631 nuncsunt
389 585 420 629 u.
442 569 485 628 22
506 568 539 629 et
561 568 620 641 263
643 571 717 629 tum
731 564 860 652 quippe
880 563 949 628 lere
966 563 1174 629 necessarius
1194 564 1297 630 erasit
1318 587 1423 646 error,

115 679 153 737 ut
167 671 259 736 idern
283 674 481 737 censeretur
500 668 590 735 liber
606 692 638 736 v.
660 676 701 735 26
721 671 780 757 qui
801 691 833 736 v.
853 675 908 747 2l,
935 691 1017 754 ergo
1037 669 1125 735 liber
1143 670 1275 735 thorae.
1299 675 1338 736 ut
1358 671 1425 736 illis

117 777 269 843 versibus
286 778 322 842 in
339 778 494 842 nativum
510 776 608 843 suum
624 776 738 842 locum
755 782 830 865 post
845 798 876 842 v.
898 782 936 842 15
953 775 1128 858 restitutis,
1146 782 1323 843 contextus
1338 778 1428 843 inter

116 906 147 950 v.
164 890 206 949 22
226 891 260 950 et
278 907 310 949 v.
327 890 368 950 25
389 905 439 972 sq.
468 882 645 949 evidenter
662 882 888 962 demonstrat,
904 904 974 948 non
987 881 1044 968 agi
1060 881 1102 950 de
1118 882 1207 948 libro
1221 882 1351 959 thorae,
1368 883 1427 950 sed

116 991 158 1056 de
184 989 274 1056 libro
303 989 438 1056 cantici.
467 994 604 1055 Textum
629 1011 698 1055 non
728 988 890 1055 mansisse
915 989 1081 1055 intactum
1104 994 1298 1075 suggerunt
1322 990 1430 1078 aliqui

117 1096 253 1162 codices
284 1095 424 1162 hebraei
447 1117 509 1184 pro
531 1111 588 1158 mn
607 1096 760 1181 legentes
784 1111 879 1168 narn,
898 1094 1024 1185 quibus
1049 1095 1285 1182 suffragantur
1309 1098 1399 1161 LXX
1420 1118 1426 1164 :

116 1225 161 1268 sc.
189 1202 248 1268 ubi
266 1201 439 1291 adscripta
451 1208 500 1269 est
519 1225 581 1268 vox
597 1217 708 1276 nunu,
730 1201 862 1268 scribae
881 1201 990 1290 aliqui
1016 1203 1045 1268 ei
1072 1203 1146 1268 voci
1172 1203 1275 1269 etiam
1301 1204 1431 1269 contor-

118 1331 253 1376 mavere
271 1331 473 1397 pronomen.
503 1349 545 1358 -
571 1309 767 1398 Empbatice
794 1330 826 1375 v.
851 1315 893 1373 27
915 1329 1012 1374 suam
1043 1313 1169 1396 Moyses
1193 1309 1346 1399 appellat
1373 1332 1430 1374 ex-

98 1415 320 1504 perientiam
347 1414 434 1504 (Dill
472 1415 495 1503 .)
524 1435 531 1480 :
558 1444 574 1476 «
592 1417 667 1503 Epo
694 1415 785 1480 eninr
811 1414 879 1480 scio
909 1414 1158 1481 contentionem
1186 1427 1282 1481 trione
1305 1427 1337 1479 et
1362 1438 1428 1481 cer-

120 1522 225 1588 riccnt
250 1535 346 1587 tuem
372 1521 602 1588 alienissimam.
634 1519 754 1588 Adbuc
776 1506 907 1588 sinente
929 1543 981 1586 nte
1005 1522 1049 1610 let
1075 1521 1297 1611 rirprediente]
1322 1521 1429 1587 rodis-

118 1652 207 1708 runr,
239 1651 369 1717 semper
395 1629 601 1695 contentiose
625 1628 740 1716 cepistis
769 1640 889 1694 contre
917 1627 1106 1694 Dominum.
1136 1642 1299 1716 :quante
1321 1628 1433 1718 irrepis

118 1757 195 1801 cum
221 1747 374 1800 mortuns
393 1738 521 1824 sucre?
544 1762 559 1795 u
581 1739 648 1800 Vox
670 1733 771 1800 leodic
796 1734 1041 1823 correspondet
1068 1734 1167 1801 alteri
1191 1733 1294 1801 leodic
1317 1757 1350 1801 v.
1375 1741 1430 1815 21,

118 1863 201 1929 ergo
217 1864 286 1907 non
302 1847 353 1907 est
366 1841 534 1908 trahenda
553 1842 597 1908 ad
616 1840 858 1930 praecedentia
875 1840 1009 1929 (LXX),
1032 1841 1090 1906 sed
1112 1861 1191 1907 cum
1213 1840 1309 1928 l'ulp.
1329 1841 1430 1927 (sem-

115 1948 191 2036 per)
218 1946 262 2013 ad
293 1947 470 2036 sequentia
497 1969 503 2015 :
531 1946 632 2013 bodie
661 1946 807 2013 rebelles
835 1969 895 2013 vos
923 1946 1002 2013 estis
1029 1952 1150 2013 contra
1173 1948 1293 2028 latire,
1316 1947 1430 2012 animo

118 2054 251 2120 rebelli.
274 2077 305 2118 v.
329 2060 371 2121 28
390 2082 405 2115 u
437 2056 652 2143 Conprcqnte
680 2052 727 2119 nd
750 2075 803 2119 ine
823 2075 938 2119 omnes
968 2053 1113 2120 nemore-s
1133 2066 1218 2119 natu
1244 2075 1307 2142 per
1325 2053 1431 2118 tribus

117 2173 245 2226 cestres
264 2172 368 2249 etque
391 2159 544 2226 doctores
570 2189 605 2242 »,
623 2182 682 2226 seu
706 2160 820 2226 verius
835 2159 963 2225 scribas
981 2181 988 2226 :
1007 2160 1049 2225 of.
1070 2163 1126 2225 Er.
1149 2167 1206 2242 5,6
1221 2181 1312 2249 sqq.;
1333 2164 1430 2227 Num.

121 2274 236 2347 11‚1s;
263 2271 357 2333 [tent.
379 2273 478 2348 20,9;
502 2273 581 2347 29,9
601 2272 664 2333 etc.
690 2270 724 2332 et
746 2270 797 2332 CN
816 2288 850 2354 p.
872 2273 926 2332 91.
947 2270 1042 2332 Certe
1058 2288 1127 2332 non
1143 2271 1261 2332 contra
1279 2266 1367 2332 solos
1382 2288 1434 2332 se-

120 2374 233 2440 niores
247 2379 280 2441 et
294 2373 423 2439 scribas
437 2373 644 2440 invocantur
660 2374 793 2439 coelum
809 2378 842 2439 et
861 2377 968 2449 terra,
989 2396 1018 2438 v.
1041 2379 1083 2439 30
1101 2378 1135 2438 et
1147 2377 1248 2452 aaut
1264 2373 1436 2439 canticum

121 2479 339 2568 proloquitur
357 2484 483 2566 Moyses
502 2479 548 2545 ad
571 2479 770 2544 uuiversum
794 2480 974 2567 populum.
1007 2483 1112 2545 Porro
1133 2502 1196 2568 pro
1218 2478 1353 2544 senibus
1376 2480 1437 2544 tri-

122 2585 227 2650 bunrn
243 2590 275 2651 et
294 2583 414 2650 scribis
430 2585 560 2651 habent
571 2587 664 2651 LXX
674 2597 801 2650 vestros
810 2584 997 2673 principer,
1011 2607 1116 2667 senes,
1135 2584 1275 2669 indices,
1296 2585 1434 2651 scribas.

122 2694 184 2756 Pro
214 2706 277 2782 'spi
306 2691 469 2778 legebant
504 2705 628 2780 nnupr,
661 2713 841 2780 perperam
873 2693 978 2757 etiam
1008 2714 1070 2781 pro
1107 2706 1241 2754 munna
1274 2691 1438 2778 legebant.

123 2811 267 2863 nzrnbtr.
293 2797 405 2864 Fuerit
425 2797 577 2884 genuina
594 2797 694 2864 lectio
714 2797 821 2863 tribus
841 2810 979 2881 cestros,
999 2819 1093 2864 senes
1113 2809 1236 2863 'cestros
1256 2811 1288 2863 et
1311 2797 1437 2864 scribes

123 2917 261 2970 cestros.
279 2904 317 2970 ld
333 2903 403 2970 lere
414 2905 521 2990 exigit
534 2908 721 2971 contextus.
741 2933 756 2963 «
776 2906 820 2969 Et
840 2902 962 2992 loquar
974 2903 1195 2970 atirlientibus
1209 2906 1254 2971 eis
1267 2927 1437 2971 sermones

124 3011 213 3094 istos,
237 3024 269 3077 ct
291 3009 455 3076 invocabo
474 3023 593 3076 eontra
611 3033 666 3077 eos
679 3008 811 3076 eoelum
826 3021 859 3075 et
880 3021 1004 3076 terram
1023 3040 1057 3091 a,
1078 3016 1178 3077 testes
1202 3034 1323 3077 eornm
1348 3034 1437 3100 quae

122 3117 274 3184 dicturus
293 3139 368 3183 sum
387 3118 443 3206 (cl.
461 3116 569 3205 32,1),
586 3116 738 3205 itemque
757 3138 853 3182 meae
870 3116 1042 3183 vindictae
1062 3116 1243 3184 ministros.
1261 3117 1312 3183 ud
1332 3122 1438 3184 extre-

124 3246 218 3291 mum
240 3248 271 3289 v.
301 3223 453 3290 arrodit
481 3246 512 3291 v.
534 3230 588 3301 29,
620 3245 726 3310 agens
745 3223 787 3290 de
807 3222 859 3305 iia,
885 3246 973 3313 quae
996 3229 1130 3291 mortuo
1144 3229 1253 3311 lloyse
1273 3231 1439 3290 eventura

124 3339 192 3404 sint
209 3359 216 3404 :
239 3366 254 3399 u
271 3338 360 3406 Nori
375 3338 479 3423 enim,
497 3337 677 3426 prioclpost
692 3350 833 3403 ntortem
850 3360 961 3403 mrem
975 3338 1092 3426 inique
1108 3339 1231 3426 eqrtis,
1245 3337 1438 3405 etdeeline-

125 3445 204 3509 bitis
222 3444 311 3532 [cito]
334 3444 375 3508 ‹n›
399 3445 468 3527 ein,
491 3466 596 3532 quein
612 3443 774 3532 [inaccepi
793 3444 881 3507 codis
902 3465 913 3508 .·
935 3455 967 3508 et
987 3457 1165 3509 occurrent
1179 3444 1271 3508 eota
1287 3440 1381 3509 mele
1403 3444 1439 3508 in

126 3561 275 3614 entremo
298 3562 460 3638 ternpore,
483 3548 621 3638 qrrando
642 3547 794 3636 feceritis
815 3547 946 3614 titolum
970 3549 1006 3615 in
1024 3562 1205 3638 conspectu
1225 3549 1380 3634 Domini,
1403 3562 1439 3613 ut

125 3655 269 3720 irritetis
281 3678 430 3744 enrrtpcr
444 3675 545 3744 opere
558 3677 726 3721 inanitum
739 3666 925 3721 vestrorum
942 3682 972 3722 ».
996 3678 1027 3721 v.
1046 3662 1087 3722 30
1105 3683 1120 3715 u
1138 3659 1285 3722 Locutus
1299 3670 1347 3722 cst
1358 3679 1438 3745 erqo
1498 3670 1503 3677 ’

125 3763 269 3849 Moyses,
289 3761 449 3827 ercelicnte
474 3761 628 3828 universo
651 3774 748 3828 eoetn
773 3761 888 3843 lsrael,
907 3764 1006 3827 verba
1024 3762 1185 3828 cartennis
1204 3763 1305 3829 teitus
1322 3764 1377 3849 [etl
1394 3762 1441 3829 nd

123 3868 227 3955 finem
243 3890 349 3957 nsque
368 3867 570 3956 [compleant
592 3895 622 3933 ».
641 3883 715 3931 nnn
731 3883 784 3939 rr,
802 3868 922 3934 eadem
940 3868 1110 3956 expressio
1127 3875 1229 3957 atque
1242 3892 1272 3933 v.
1291 3876 1346 3935 24.

539 4092 564 4138 b.
583 4091 712 4138 Canticum
727 4091 822 4150 Moysis
837 4090 910 4137 Dent.
928 4092 1031 4150 saraa

665 4241 687 4272 α.
706 4225 885 4272 Praenotauda.

174 4393 203 4453 1.
225 4385 361 4453 Cantici
375 4396 559 4451 structrnn.
576 4384 692 4462 Quoad
709 4384 834 4450 cantici
844 4389 1049 4461 structuram
1062 4384 1238 4473 sequimur
1250 4387 1276 4450 l.
1298 4388 1336 4451 li.
1355 4388 1440 4450 Zen-

127 4514 189 4556 ner
200 4494 235 4557 S.
251 4494 278 4558 Ι.
297 4494 376 4560 :Die
391 4492 631 4578 Clrorgesange
642 4491 811 4556 imBuehe
822 4490 1061 4573 derPsalmen,
1073 4492 1240 4578 Freiburg
1251 4493 1273 4556 i.
1288 4496 1322 4557 B.
1341 4497 1437 4572 1896,

128 4621 161 4685 p.
187 4603 230 4663 76
258 4620 347 4687 sqq.·,
375 4599 493 4688 paucis
513 4597 732 4687 quibusdam,
754 4597 805 4663 uti
823 4619 1011 4687 speramus,
1034 4598 1069 4663 in
1094 4597 1214 4663 melius
1236 4597 1435 4664 emendatis.

131 4703 274 4785 Etenim,
301 4704 361 4769 ubi
381 4727 413 4772 v.
439 4711 479 4772 ta
505 4704 676 4771 Hebraeus
694 4704 798 4770 babet
819 4703 957 4771 unicum
978 4725 1127 4785 versum,
1147 4703 1197 4767 ibi
1220 4707 1301 4769 Lxx
1319 4702 1441 4788 legunt
