3366 5346
694 297 898 340 meramors.
1393 285 1449 344 ‘237

142 435 212 502 duo
223 434 395 501 habentur
406 431 443 499 in
458 431 634 517 decalogo.
656 430 809 497 Tentatio
825 429 927 496 labve
948 430 1061 497 Israeli
1079 452 1180 497 eausa
1199 432 1308 499 suerat
1323 435 1453 520 gravis·

143 543 308 609 simorum
332 539 500 605 malorum
523 542 580 604 Ex.
610 543 689 617 17,2
722 559 819 626 sqq.;
839 540 937 604 Num.
969 541 1086 618 Μὴ
1109 541 1203 603 [tent.
1237 545 1328 620 33,8.
1360 540 1454 606 Obli-

143 649 235 734 gatio
251 644 457 713 observandi
470 644 634 711 mandata
650 642 799 730 singulis
819 642 990 709 mandatis
1003 643 1171 732 implicite
1184 644 1389 714 affirmatur.
1404 648 1454 713 nd

142 763 197 823 5⁰⁰¹
219 752 419 820 mandatum
440 752 484 817 el.
506 756 563 818 Ex.
591 757 711 832 23‚3a;
729 754 831 829 :rar-2
846 771 922 838 sqq.
940 749 1109 838 Principio
1131 755 1226 817 Dent.
1248 757 1305 832 5,6
1330 756 1361 841 (a
1384 757 1454 840 Ego

141 882 214 928 sum
236 861 338 927 lahve
354 864 440 926 Deus
465 865 544 924 tuus
566 866 631 924 etc.
660 860 711 945 a),
728 856 766 921 in
789 877 859 944 quo
882 861 969 921 totus
990 855 1172 942 decalogus
1188 856 1363 940 fundatur,
1380 882 1454 925 eor-

142 966 326 1056 respoudct
343 958 552 1054 principium
573 970 629 1043 6,ἱι
646 963 679 1051 (u
702 962 805 1028 lahve
820 967 908 1028 Heus
921 966 1038 1029 noster
1056 984 1143 1028 unus
1161 964 1263 1029 lahve
1283 968 1333 1030 est
1351 966 1398 1051 a),
1416 967 1451 1032 in

142 1096 208 1163 quo
223 1079 312 1139 totus
326 1072 493 1138 fundatur
506 1069 723 1160 pentalogus.
749 1068 932 1135 Commode
951 1074 1066 1135 autem
1084 1076 1174 1136 totus
1188 1069 1392 1158 pentalogus
1408 1071 1454 1137 ad

129 1179 254 1267 'prima
271 1179 339 1246 duo
352 1176 509 1264 decalogi
530 1175 695 1242 mandata
715 1181 904 1255 revocatur,
922 1197 1012 1263 quae
1033 1197 1139 1241 unum
1159 1180 1192 1242 et
1208 1197 1382 1245 summum
1396 1199 1451 1244 ex-

142 1287 295 1375 primunt
309 1284 458 1350 hominis
478 1305 563 1371 erga
583 1288 689 1349 [teum
710 1280 879 1360 officium,
898 1281 1138 1349 monolatriam
1153 1289 1256 1372 atque
1279 1283 1359 1350 bine
1377 1284 1451 1350 ido-

140 1392 294 1458 lolatriae
331 1389 619 1479 repudiationem.
652 1387 743 1455 Unde
773 1376 994 1476 consequitur
1023 1388 1150 1477 duplex
1179 1389 1332 1456 officium
1363 1391 1450 1457 vitae

143 1498 408 1564 conformandae
428 1495 600 1562 mandatis
627 1495 746 1575 lahve,
764 1499 797 1560 et
820 1494 943 1582 plenae
967 1495 1004 1560 iu
1023 1495 1149 1561 lahveu
1175 1495 1333 1580 fiduciae,
1363 1519 1450 1586 quae

143 1605 268 1671 lahveu
287 1626 359 1670 non
377 1608 481 1671 tentet
492 1600 794 1692 pusillanimitate,
811 1599 871 1666 sed
892 1601 1075 1687 magnifice
1092 1603 1215 1668 sentiat
1234 1602 1275 1668 de
1297 1605 1368 1670 eius
1387 1604 1451 1670 mi-

141 1709 338 1777 sericordia.
363 1711 579 1777 Occasionem
604 1729 685 1774 vero
703 1729 767 1797 pro
785 1706 945 1773 Hebraeis
962 1708 1152 1797 proximam
1170 1708 1386 1777 idololatriac
1401 1732 1453 1777 re-

143 1818 303 1884 movebat
318 1817 519 1882 mandatum
541 1824 607 1881 5⁰¹¹.

187 1923 373 2008 Decalogus
395 1921 610 2011 proponebat
631 1921 860 1988 lsraelitarum
881 1922 918 1988 in
942 1927 1047 1988 Deum
1068 1930 1101 1986 et
1120 1921 1313 2011 proximum
1328 1922 1452 2002 officia,

143 2029 347 2118 pentalogus
364 2028 402 2094 in
420 2028 499 2094 solis
517 2027 604 2094 sistit
625 2049 710 2113 erga
733 2034 838 2095 [teum
859 2028 991 2094 officiis.
1012 2032 1161 2104 Quorum
1182 2028 1321 2095 omnino
1335 2052 1454 2118 supre-

144 2158 239 2201 mum
253 2142 303 2201 est
321 2134 425 2217 illud,
443 2134 537 2223 quod
555 2134 706 2222 primum
726 2135 900 2223 pentalogi
921 2134 1123 2201 mandatum
1143 2136 1313 2218 enuntiat,
1331 2135 1452 2202 merito

142 2240 357 2330 appellatum
386 2240 586 2307 mandatum
611 2241 762 2328 primum
787 2247 820 2307 et
841 2240 1040 2306 maximum.
1058 2241 1118 2307 Cui
1141 2240 1274 2330 reliqua
1290 2241 1453 2308 mandata

143 2355 289 2438 quatuor
303 2337 582 2413 subordinantur.
601 2346 805 2433 Pentalogus
823 2369 883 2414 seu
908 2347 1008 2425 thora
1027 2345 1113 2412 illud
1128 2347 1278 2444 cilicium
1293 2348 1452 2415 Hebraeis
1523 2356 1525 2361 '

142 2453 308 2534 inculcat,
336 2452 431 2542 quod
452 2458 501 2518 est
526 2452 675 2541 primum
700 2458 734 2518 et
755 2453 965 2533 maximum,
989 2476 1007 2519 e
1036 2475 1104 2542 quo
1135 2455 1266 2543 reliqua
1286 2455 1448 2543 pendent,

143 2561 236 2649 quod
257 2561 468 2646 neglectum,
491 2558 662 2647 imprimis
684 2559 846 2639 Cadesae,
872 2559 940 2625 illis
964 2559 1184 2645 gravissimae
1206 2561 1325 2627 ruinae
1350 2584 1452 2629 eausa
1559 2552 1568 2565 ⁸
1656 2610 1659 2617 -

144 2668 219 2733 fuit.
247 2665 465 2732 llonebamus
480 2688 513 2754 p.
536 2672 591 2744 67,
613 2687 733 2730 vocem
755 2668 853 2731 ttrora
871 2666 907 2731 in
930 2665 1105 2754 prioribus
1125 2665 1221 2731 libris
1243 2668 1451 2757 quandoque

144 2772 325 2859 designare
347 2772 460 2860 legem
484 2771 635 2860 aliquam
658 2793 729 2837 non
748 2770 1019 2852 substantialem,
1034 2770 1093 2837 sed
1117 2771 1321 2838 addititiam.
1340 2774 1453 2840 Potuit

144 2880 209 2945 hoe
224 2899 325 2946 sensu
340 2877 500 2945 adhiberi
516 2900 596 2959 vox,
618 2877 755 2966 quando
769 2880 919 2966 primum
934 2877 1119 2966 pentalogo
1133 2878 1377 2966 imponebatur
1390 2901 1453 2945 no-

144 3009 221 3052 men
238 2985 348 3052 thora.
365 2986 457 3052 Sicut
477 2984 569 3071 leges
584 2984 754 3072 quaedam
780 3006 801 3050 a
823 2989 932 3071 lloyse
952 2983 1102 3072 antiquis
1120 2983 1252 3051 statutis
1268 2985 1453 3053 sacrificio-

143 3116 216 3160 rum
250 3091 388 3159 additae
416 3091 695 3159 inscribebantur
723 3090 855 3171 thorae,
888 3092 934 3157 ita
964 3091 1181 3180 pentalogus,
1206 3091 1452 3159 documentum
1492 3116 1494 3127 ’

143 3199 289 3268 restituti
320 3198 467 3265 foederis
496 3203 600 3288 atque
629 3198 835 3264 documento
859 3197 1007 3265 foederis
1027 3199 1174 3263 sinaitici
1198 3199 1449 3288 superadditus,

143 3306 335 3396 appellatus
349 3305 392 3372 sit
407 3305 511 3371 etiam
526 3304 599 3394 ipse
617 3304 725 3371 thoro.
745 3305 857 3371 Fuerit
872 3326 1000 3370 nomen
1015 3304 1079 3370 hoc
1094 3305 1254 3393 primitus
1272 3305 1449 3388 humilius,

144 3435 215 3480 rem
240 3411 432 3478 addititiam
456 3411 658 3498 designans,
683 3410 776 3499 quod
806 3410 899 3498 apud
926 3412 1126 3499 posteriores
1153 3409 1295 3477 ludaeos
1325 3412 1449 3478 mirum
1487 3482 1492 3489 ,

144 3526 310 3606 quantum
326 3516 538 3584 inclaruerit.

190 3630 348 3703 Quaeres,
367 3646 428 3692 eur
445 3624 584 3691 tandem
597 3623 803 3712 pentalegus
822 3622 1001 3690 addendus
1020 3621 1123 3687 fuerit
1143 3623 1317 3709 decalogo,
1339 3624 1368 3689 si
1392 3622 1451 3691 ille

144 3752 232 3795 nova
248 3729 406 3796 mandata
427 3724 621 3818 imponeret
646 3730 754 3796 nulla.
778 3729 914 3811 Recole,
932 3751 1020 3818 quac
1044 3728 1244 3796 dicebamus
1261 3752 1295 3819 p.
1312 3737 1355 3797 88
1373 3752 1449 3819 sqq.

146 3835 274 3903 Foedus
298 3835 519 3903 moabitieum
539 3837 695 3903 nonfuit
723 3837 873 3903 foederis
894 3835 1040 3902 sinaitici
1064 3857 1158 3903 mera
1181 3837 1369 3915 ronovati⁰‚
1391 3838 1450 3903 sed

145 3943 216 4010 eius
248 3942 394 4008 foederis
424 3943 533 4009 eversi
569 3943 758 4025 reschaim·
788 3943 852 4007 fuit
881 3941 1136 4030 quodammodo
1170 3965 1294 4008 aleaume
1334 3943 1452 4009 foedus

146 4052 246 4117 lahve
262 4072 338 4116 cum
360 4049 480 4116 lsraele
502 4077 517 4109 a
539 4057 678 4138 praeter
697 4049 795 4129 illud,
821 4048 913 4139 quod
936 4050 1114 4139 pepigerat
1137 4048 1171 4114 in
1193 4049 1302 4115 Horeb
1325 4078 1341 4111 a
1358 4048 1449 4140 (29st

145 4160 301 4246 indoti).
319 4157 561 4240 Conveniebat,
581 4163 617 4223 ut
639 4157 704 4222 hoc
726 4178 852 4223 novum
875 4156 1125 4245 quadamtenus
1144 4156 1375 4224 loedussuum
1390 4157 1452 4224 ha-

146 4265 240 4331 beret
266 4265 532 4330 instrumentum
558 4264 602 4329 ab
629 4263 855 4329 instrumento
885 4263 1010 4351 prioris
1035 4262 1184 4328 foederis
1205 4263 1453 4352 quadamtenus

144 4370 327 4437 diversum.
355 4373 437 4437 Hine
462 4372 498 4436 in
522 4371 635 4435 locum
655 4369 810 4454 decalogi
837 4368 1007 4435 subintrat
1030 4369 1251 4459 pentalogus,
1273 4370 1385 4436 forma
1405 4370 1453 4435 di-

147 4499 275 4559 veram,
296 4501 331 4543 re
352 4477 462 4557 idem,
481 4499 559 4543 eum
575 4484 697 4565 quarto
713 4499 773 4542 suo
789 4475 951 4542 mandato
964 4475 1097 4565 reliqua
1109 4478 1213 4542 etiam
1228 4477 1343 4566 priora
1359 4498 1453 4540 man-

146 4582 225 4649 data
240 4584 400 4651 universa
428 4590 577 4650 renovet.
601 4589 779 4650 Praeterea
794 4583 989 4651 defecerant
1003 4583 1148 4650 Cadesae
1161 4582 1305 4648 Hebraei
1323 4604 1342 4646 a
1357 4581 1451 4646 cultu

148 4690 266 4772 talare,
303 4696 335 4757 et
371 4690 406 4756 in
444 4690 674 4757 idololatriam
705 4690 841 4757 fueraut
875 4690 1028 4780 prolapsi
1058 4690 1144 4778 (am.
1176 4694 1254 4769 5,ἳό
1291 4709 1364 4775 sq.;
1396 4690 1451 4752 CN
1565 4743 1568 4749 .
