3366 5346
403 300 431 355 5.
456 313 511 356 iux
534 312 571 356 nc
591 311 669 356 auso
690 311 855 356 sanciaco
879 313 886 354 ε
912 314 999 357 near.
1026 301 1159 369 lbi-¹8·
1378 305 1434 363 337

127 472 202 516 rum
225 455 382 516 accurata
403 446 609 520 observatio,
637 445 858 511 relabebatur
879 447 1028 535 populus
1048 450 1173 536 passim
1197 450 1233 515 in
1259 452 1361 517 ritum
1379 476 1438 541 pa·

125 557 352 621 triarcharum
374 552 636 641 simpliciorem,
661 551 850 618 faciliorem
876 558 909 618 et
925 560 976 619 sat
998 553 1103 641 longo
1122 562 1200 622 ante
1222 561 1356 643 lloysen
1374 581 1438 624 usu

126 667 372 727 consecratum.
400 663 445 724 Ne
476 680 555 724 vero
582 663 729 747 reputes,
754 657 844 723 idem
866 658 937 725 lere
966 659 1031 726 hoc
1051 661 1163 741 fuisse,
1191 685 1230 728 ac
1260 663 1288 728 si
1314 665 1390 752 quis
1421 688 1438 728 e

125 767 381 833 christianismo
403 765 579 832 relabatur
593 763 629 829 in
650 763 871 831 Iudaismum.
894 764 1084 834 Iudaismus
1096 767 1224 857 quippe
1248 769 1373 855 religio
1389 777 1438 836 est

124 876 266 941 omuino
296 874 362 939 alia
386 878 489 960 atque
511 870 798 937 Christianismus.
826 871 891 937 Sed
915 872 1103 939 Iudaismus
1129 896 1198 940 non
1221 880 1294 940 erat
1316 876 1437 962 religio

125 978 228 1068 plane
243 979 312 1045 alia
327 1001 348 1044 a
363 977 531 1064 religione
546 976 820 1066 patriarcharum
843 999 850 1044 :
867 983 940 1043 erat
958 977 1079 1045 eadem
1095 979 1218 1065 religio
1232 1002 1294 1068 per
1306 987 1438 1068 Moysen
1460 977 1465 984 ’

125 1084 324 1165 emundata,
344 1084 481 1150 noniine
497 1084 599 1148 labve
614 1083 819 1170 approbata,
836 1083 1055 1171 quibusdam,
1068 1106 1136 1152 non
1148 1085 1198 1152 ita
1212 1086 1328 1153 multis
1344 1109 1441 1153 man¹

126 1191 215 1257 datis
230 1190 371 1257 omnino
384 1189 479 1254 novis
496 1194 606 1255 aucta.
626 1189 788 1276 ltelapsus
803 1189 837 1254 iu
856 1189 1058 1275 religionem
1079 1192 1351 1280 patriarcharum
1368 1214 1435 1259 non

76 1353 80 1361 .
124 1303 196 1364 tam
212 1302 285 1363 erat
299 1297 462 1362 transitus
481 1317 501 1361 a
524 1293 692 1381 religione
715 1295 759 1359 ad
789 1294 1010 1382 religionem,
1027 1299 1111 1385 quin
1135 1298 1283 1386 potiusa
1302 1299 1369 1365 ritu
1394 1300 1437 1365 ad

128 1405 244 1471 ritum.
267 1411 374 1481 Quem
389 1401 572 1468 transitum
590 1406 623 1466 et
635 1408 830 1489 temporum
847 1402 1026 1488 angustiae
1046 1403 1181 1471 lucilius
1196 1405 1230 1469 in
1243 1405 1345 1494 plebe
1360 1405 1438 1472 rudi

126 1509 352 1587 excusabant,
375 1515 409 1574 et
429 1507 560 1574 lucilius
584 1506 772 1596 prophetae
792 1506 836 1572 ad
860 1512 996 1598 tempus
1023 1509 1168 1576 tolerare
1189 1511 1243 1576 vel
1260 1511 1361 1577 etiam
1377 1534 1439 1601 ap-

126 1616 273 1704 probare
293 1620 466 1704 poterant.

184 1818 214 1878 5.
242 1814 311 1876 Lea
334 1808 511 1898 explicans
534 1806 777 1897 obliquationem
801 1808 888 1874 enni
909 1806 1078 1875 schiatici
1100 1813 1197 1878 Dcut.
1227 1817 1378 1894 tat-18.

169 1981 252 2066 Arp.
278 1977 538 2065 -Explicatur
566 1976 617 2040 lex
647 1981 701 2042 Ex.
730 1981 910 2055 titio-123
936 1981 1011 2042 Lev.
1037 1983 1286 2055 eattae-ae.
1314 1980 1435 2065 Igitur,

124 2084 207 2173 quid
231 2083 444 2172 potissimum
470 2081 667 2147 remissione
688 2081 915 2167 intelligatur,
932 2105 977 2148 sc.
1005 2091 1042 2148 ut
1067 2090 1157 2148 terra
1182 2107 1272 2150 anuo
1293 2086 1437 2173 septimo

123 2191 253 2257 inculta
278 2188 483 2267 dimittatur,
506 2187 542 2253 id
566 2192 685 2253 notum
707 2209 780 2253 esse
812 2189 1020 2276 supponitur
1043 2211 1154 2277 neque
1175 2191 1351 2278 repetitur.
1375 2190 1440 2257 Ad-

122 2297 320 2362 scribuntur
342 2301 457 2361 autem
478 2293 718 2382 explicationes
743 2299 821 2360 tres.
840 2294 997 2359 Primum
1019 2317 1050 2360 v.
1076 2301 1135 2360 2-6
1155 2317 1246 2362 anno
1261 2296 1438 2364 sabbatico

124 2409 256 2469 vetatur
280 2400 430 2467 creditor
454 2405 609 2488 repetere
633 2399 787 2465 debitum
812 2422 832 2465 a
855 2399 1010 2466 debitore
1037 2401 1199 2481 hebraeo,
1219 2423 1288 2468 non
1315 2424 1438 2468 veroa

124 2531 194 2573 non
219 2509 381 2573 hebraee.
400 2506 597 2572 Providebit
621 2511 735 2571 autem
759 2504 876 2588 lahve,
904 2529 948 2570 ne
975 2506 1052 2594 quis
1079 2529 1119 2572 eo
1148 2530 1239 2574 anno
1268 2509 1438 2575 Hebraeus

125 2614 269 2703 penuria
294 2613 434 2693 laboret,
453 2617 512 2678 aut
531 2617 620 2677 certe
640 2611 791 2677 creditor
811 2611 991 2699 quisquam
1012 2612 1055 2676 ob
1076 2613 1230 2698 regulam
1248 2614 1337 2680 hanc
1357 2614 1437 2679 reli-

124 2721 218 2807 giose
242 2725 422 2785 servatam.
441 2756 484 2767 -
506 2716 662 2783 Secundo
686 2740 717 2781 v.
737 2723 829 2798 'i-ii,
856 2740 898 2782 ne
928 2717 1004 2807 quis
1028 2720 1327 2807 appropinquante
1349 2742 1439 2785 anno

126 2804 333 2893 remissionis
360 2846 506 2912 egenum
534 2823 612 2889 ideo
639 2823 756 2888 iuvare
783 2823 959 2903 detrectet,
979 2824 1074 2913 quod
1096 2847 1135 2890 eo
1162 2847 1254 2890 anno
1279 2825 1341 2892 sibi
1368 2847 1437 2892 non

126 2934 226 2999 liceat
243 2932 397 2998 debitum
421 2935 585 3019 repetere.
610 2929 705 3006 Quod
729 2928 893 2995 avaritiae
915 2951 1023 3014 genus
1047 2930 1150 2996 lahve
1164 2931 1296 3018 puniet,
1314 2931 1439 2997 libera-

124 3039 252 3105 litatem
274 3062 315 3104 eo
335 3045 490 3127 tempore
513 3035 696 3102 exercitam
716 3035 949 3102 remunerabit
971 3037 1208 3126 prosperitate.
1231 3039 1337 3123 Egeni
1358 3059 1439 3103 vero

124 3168 260 3234 semper
281 3147 314 3210 in
336 3146 477 3231 regione
498 3147 535 3208 ut
554 3141 772 3231 reperiantur
793 3141 995 3231 providebit,
1013 3165 1082 3232 quo
1103 3143 1263 3210 llebraeis
1277 3143 1439 3210 offeratur

126 3251 340 3318 liberalitatis
362 3250 504 3317 eccesie.
529 3289 572 3301 —-
594 3249 703 3315 Tertio
719 3271 751 3315 v,
777 3253 888 3330 tatii,
906 3271 1023 3315 servus
1044 3250 1213 3316 hebraeus
1236 3249 1303 3339 (vel
1327 3252 1436 3336 serva)

127 3359 389 3426 manumittatur
401 3378 491 3423 anno
506 3355 682 3422 sabbatico
696 3378 773 3420 eum
788 3355 922 3420 viatico.
938 3357 998 3432 Qui
1014 3355 1206 3421 libertatem
1219 3356 1437 3429 recusaverit,

127 3465 314 3553 recipiatur
328 3465 365 3529 in
385 3484 520 3530 servum
538 3468 754 3551 perpetuum.
775 3460 934 3528 Rationes
955 3462 1144 3526 atteruntur
1158 3461 1246 3526 duae
1261 3481 1438 3528 servorum
1524 3443 1527 3449 .

127 3570 317 3636 liberaliter
333 3567 615 3634 dimittendorum
634 3588 640 3634 :
661 3567 824 3632 memoria
844 3567 1012 3632 servitutis
1031 3567 1267 3655 aegyptiacae,
1287 3572 1320 3633 et
1340 3566 1438 3632 labor

126 3675 216 3742 servi
231 3675 412 3765 pretiosior
430 3674 548 3741 labore
562 3674 775 3739 mercenarii.

519 3872 660 3924 Schema
678 3871 764 3934 legis
784 3871 879 3922 Dent.
904 3870 1046 3932 15,1·18.

127 4029 314 4089 terentiano,
333 4036 405 4090 quae
418 4023 584 4088 explicanda
598 4025 759 4086 suscipitur,
775 4021 896 4093 breviter
910 4021 1048 4073 indicetur
1062 4035 1089 4072 r.
1104 4022 1126 4071 l.

63 4132 65 4137 ⁴
126 4118 210 4180 Legis
225 4118 357 4179 antiquae
373 4113 567 4178 explicationes
586 4112 620 4175 (r.
639 4114 653 4162 ‘i
669 4111 856 4170 antiret-18
872 4122 879 4159 :

166 4208 188 4256 l.
206 4207 247 4256 De
263 4205 419 4255 debitorum
434 4204 599 4253 remissione
612 4215 640 4249 r.
658 4202 701 4251 ‘t-tt
719 4213 726 4249 :
1422 4262 1425 4266 ἡ

198 4308 262 4358 pars
277 4294 372 4356 tecutis
387 4307 413 4342 r.
435 4294 449 4342 ‘t
466 4306 509 4356 sq.
528 4304 534 4340 z
552 4303 626 4341 anno
643 4289 817 4341 remissionis
833 4302 889 4338 non
909 4292 975 4340 sunt
994 4287 1147 4352 repetenda
1166 4287 1259 4338 debita
1277 4301 1295 4338 a
1313 4288 1437 4340 debitore

268 4384 405 4443 hebraeo;

199 4485 264 4534 pars
280 4471 392 4522 moratis
407 4483 432 4520 v.
451 4470 495 4520 4-6
510 4482 517 4519 ι
532 4473 660 4520 monetur
681 4467 801 4519 creditor
820 4478 882 4516 eam
902 4466 955 4516 sibi
974 4464 1176 4529 indulgentiam
1195 4479 1252 4516 non
1271 4478 1334 4518 csse
1352 4466 1437 4514 detri-

236 4566 329 4610 mento
344 4560 478 4616 iuturam;
496 4558 675 4622 explicationi
695 4557 854 4607 attribuitur
872 4557 915 4605 vis
929 4555 1001 4618 legis
1007 4568 1014 4616 ;
1029 4556 1072 4615 iis,
1089 4557 1137 4620 qui
1151 4556 1224 4606 hanc
1238 4555 1330 4619 legem
1345 4567 1437 4605 serra·

236 4651 336 4709 verint,
351 4651 520 4713 promittitur
533 4647 699 4698 benedictio.

167 4739 191 4787 i.
209 4736 250 4787 De
264 4739 405 4800 aequitate
419 4750 487 4802 erga
501 4733 644 4788 debitores
658 4738 723 4787 ante
738 4734 914 4787 remissionis
928 4746 1032 4785 annum
1047 4747 1073 4790 v.
1089 4734 1154 4784 t-tt
1172 4747 1178 4782 :

519 4834 692 4871 tresnariam.
710 4847 741 4857 -
758 4833 834 4870 cour.
851 4832 878 4870 ru
894 4832 964 4869 ocur.
982 4845 1011 4854 —
1029 4824 1058 4867 22
