3366 5346
592 295 668 343 aeid
693 295 822 339 iterium·
844 295 906 338 nrm
930 295 1020 337 VITAE
1042 294 1158 338 heims.

429 467 612 530 antistropha
628 481 635 515 ;
650 468 735 516 Iahve
748 467 873 518 Cadesae
889 467 984 516 Israeli
1000 468 1194 516 reconciliatus
1209 479 1235 513 r.
1254 465 1311 515 3·5.

217 606 242 641 v.
266 592 290 641 3,
313 590 441 641 Profecto
456 592 574 655 gratiam
595 593 720 643 exhihuit
739 594 844 656 populo
859 606 920 652 suo,
942 619 977 627 —
1001 592 1105 641 sanctis
1128 593 1186 641 suis
1208 592 1338 641 omnibus
1362 589 1534 640 benedixit:

315 681 367 743 ipsi
383 688 475 730 autem
487 679 695 744 prehenderunt
711 681 796 744 pedes
811 682 881 742 eius,
898 684 972 730 -et
987 679 1104 743 profecti
1120 681 1183 730 sunt
1198 681 1227 728 in
1239 679 1361 729 medium
1377 678 1534 728 desertum.

216 784 242 817 v.
266 769 290 817 i.
312 769 431 818 Thoram
448 770 591 831 mandavit
604 770 686 821 nobis
701 771 820 833 Moyses,
840 799 874 805 -
890 769 1092 819 haereditatem
1108 769 1244 819 ccclesiae
1260 767 1358 827 Iacob;

216 871 242 906 v.
266 859 291 905 5.
313 857 458 921 factusque
480 865 520 908 est
543 872 627 921 super
643 860 796 909 lesehurun
811 872 859 908 rex
875 850 912 894 '—
933 860 961 906 in
983 857 1212 907 reconciliatione
1231 858 1352 920 capitum
1369 856 1476 919 populi,
1500 883 1536 892 -

1139 947 1263 995 onmium
1280 945 1401 995 tribuum
1416 944 1517 994 Israel.

263 1130 345 1217 Arq.
375 1168 418 1178 -
443 1130 544 1196 lahve
566 1152 586 1194 a
609 1129 701 1196 Sinai
723 1129 886 1197 Cadesam
913 1151 1019 1218 usque
1048 1129 1211 1217 processit
1234 1127 1403 1216 portentis
1427 1125 1538 1193 reful-

219 1255 321 1320 gens,
356 1235 488 1325 [ibique
520 1237 678 1303 lsraelem
711 1243 900 1325 apostatam
933 1235 1124 1322 iudicaviti.
1154 1240 1270 1301 Postea
1298 1224 1464 1301 'Israelem
1499 1232 1536 1299 in

219 1342 366 1426 gratiam
379 1343 524 1432 recepit,
544 1343 645 1408 israel
662 1342 707 1409 ad
723 1343 824 1408 iahve
843 1342 1045 1432 obsequium
1067 1340 1187 1407 rediit·
1199 1342 1258 1408 Cui
1273 1341 1342 1406 duo
1361 1340 1429 1406 iam
1448 1360 1535 1425 erga

220 1447 344 1513 lahven
369 1448 482 1514 officia
505 1455 583 1515 sunt
609 1449 826 1538 praestanda,
851 1456 888 1514 ui
916 1448 1025 1536 leyem
1052 1454 1163 1514 servet
1197 1448 1393 1537 iahveuquc
1419 1467 1536 1534 nepem

220 1561 387 1621 vereatur.
1109 1544 1112 1553 ⁴

265 1682 297 1725 v.
317 1666 336 1724 ’2
355 1687 369 1719 «
390 1663 433 1725 h'r
449 1661 497 1725 ait
513 1680 525 1723 .·
545 1661 707 1726 [fortunus
727 1660 768 1726 cle
787 1660 890 1726 ‚sinai
907 1654 1014 1745 venir,
1034 1673 1065 1725 ei
1086 1659 1127 1725 de
1147 1660 1223 1726 Sed·
1241 1674 1333 1725 ortus
1353 1671 1406 1724 est
1423 1657 1535 1741 nobas,

219 1765 381 1856 apparuit
403 1764 445 1830 de
472 1779 585 1832 merite
604 1765 752 1850 Pharon,
775 1780 808 1832 et
829 1789 905 1832 rum
931 1789 969 1832 co
990 1778 1187 1832 serratorum
1213 1766 1325 1832 millia
1344 1795 1373 1832 ».
1391 1763 1538 1853 Empha-

219 1872 284 1938 tice
311 1871 447 1939 orditur
468 1871 577 1940 oratio
599 1896 619 1939 a
641 1873 779 1939 nomine
800 1873 913 1939 lehre.
944 1872 1001 1937 Vel
1021 1874 1093 1962 ipse
1117 1872 1368 1963 parallelismus
1392 1869 1538 1937 demon-

219 1984 315 2055 strat,
330 1992 398 2069 trip
412 2001 481 2045 nou
495 2001 565 2046 esse
577 1979 779 2046 vertendum
794 1979 905 2045 sarneii
922 1981 1066 2067 (Syneta.
1080 1981 1146 2067 Aq.
1169 1977 1268 2065 i'ulp.
1286 1977 1406 2046 Chald.
1424 1977 1537 2066 Syn),

220 2084 280 2151 sed
296 2084 401 2152 Cocles
420 2086 550 2174 (hii),
568 2085 591 2150 i.
610 2109 640 2152 e.
663 2085 768 2152 Gades
789 2092 919 2153 Barnea
936 2090 1033 2152 Num..
1056 2091 1148 2165 eon.
1171 2085 1254 2151 Hinc
1275 2105 1408 2152 rursum
1429 2088 1537 2171 patet,

221 2206 305 2254 mnu
321 2214 391 2257 non
411 2214 482 2257 esse
505 2191 678 2280 ruyriudes
696 2192 773 2281 (riq.
790 2195 881 2258 hili
905 2192 1006 2280 i'ulp.
1027 2191 1147 2258 Chald.
1173 2191 1281 2279 Syra),
1298 2190 1358 2256 sed
1379 2188 1541 2257 similiter

222 2301 323 2384 atque
340 2297 544 2385 [reaecetleus
560 2313 598 2358 m
615 2298 808 2364 describere
822 2300 947 2365 locum.

259 2486 317 2535 Erit
334 2487 419 2549 igitur
437 2492 530 2540 naza*
547 2483 629 2553 (Sam.
639 2501 646 2545 ;
662 2487 695 2537 cf.
716 2487 825 2549 iiusor.)
842 2487 960 2537 [ornasse
981 2486 1072 2537 forma
1091 2487 1156 2537 iem.
1178 2487 1303 2537 eiusdem
1324 2485 1540 2549 significationis

223 2580 307 2638 atque
322 2588 407 2624 masc.
429 2582 535 2631 niam
551 2576 645 2641 (aaa),
663 2578 779 2638 dueentem
793 2583 877 2640 atque
898 2579 936 2626 ira
951 2589 1115 2627 revoc-amur
1131 2576 1166 2625 ad
1186 2578 1347 2639 portentum
1367 2587 1503 2638 aquarum
1524 2588 1539 2625 c

222 2664 455 2726 rupeeliciiarum
470 2664 503 2714 ad
516 2667 610 2727 Aquas
626 2664 863 2715 contradictionis
872 2679 958 2728 prope
967 2666 1110 2715 cadesam.
1125 2664 1194 2715 Cum
1204 2668 1297 2714 tamen
1310 2663 1358 2713 illa
1368 2663 1459 2713 forma
1469 2663 1537 2713 fem.

222 2765 303 2802 secus
324 2765 378 2802 uon
400 2753 518 2816 legatur,
536 2753 749 2815 perpendendae
764 2756 847 2803 ctiam
868 2760 932 2803 sunt
952 2754 1028 2803 leves
1043 2753 1181 2816 quaedam
1202 2755 1294 2804 textus
1314 2752 1538 2802 emendationes.

223 2854 292 2904 quas
302 2843 372 2891 rarii
385 2854 565 2904 proposuere.
579 2842 634 2891 Pro
648 2848 717 2925 1:77¹:
729 2849 836 2897 mm
847 2843 916 2902 Ere,
933 2842 1026 2891 Ditirn.
1041 2848 1109 2922 turp
1124 2849 1248 2897 mam,
1261 2842 1291 2889 de
1305 2840 1424 2889 hierihoh
1439 2842 1539 2899 cadem

223 2943 295 2993 quae
310 2929 468 2980 emendatio
484 2930 592 2981 ridetur
602 2944 758 2981 consonare
768 2931 970 2993 parallelismo,
983 2934 1113 2994 quartum
1128 2942 1277 2980 recensens
1290 2930 1392 2990 iocum,
1405 2930 1474 2978 unde
1489 2943 1539 2979 ve·

222 3020 294 3067 uerit
309 3019 393 3067 lehre
403 3032 410 3078 ;
427 3019 602 3068 obscuratur·
614 3026 705 3069 tamen
721 3021 927 3083 parallelismus
948 3033 990 3080 eo,
1008 3021 1082 3082 quod
1105 3019 1237 3068 errantibus
1258 3018 1347 3068 tribus
1366 3018 1541 3068 adscribatur

223 3106 304 3155 locus
318 3109 444 3167 querius,
461 3108 540 3155 euius
562 3121 616 3155 non
637 3110 757 3157 clevatio
772 3109 821 3158 scd
837 3121 926 3171 aquae
949 3109 1082 3158 celebrari
1103 3120 1284 3157 consuevere.
1302 3106 1466 3169 Praeplacet
1481 3106 1539 3158 fere

224 3192 382 3243 emendatio
407 3191 506 3242 ii'etiir.
526 3195 610 3256 (Prol.
627 3209 654 3257 p.
673 3195 734 3260 udi)
753 3205 779 3245 ct
795 3198 840 3245 itr.
856 3201 925 3277 itis.
941 3202 1039 3250 miii:
1057 3207 1062 3247 :
1080 3196 1113 3246 de
1133 3196 1221 3251 Sinai,
1241 3196 1303 3245 Seir
1318 3200 1346 3245 ct
1365 3196 1475 3245 Pharan
1490 3208 1539 3245 ve-

224 3283 326 3330 nerunt
341 3281 468 3330 iferiirorn
484 3283 566 3331 Ceder
581 3296 586 3329 :
604 3284 643 3332 ita
655 3283 805 3333 edocemur
821 3284 942 3339 tandem,
955 3296 1011 3332 uon
1027 3283 1116 3333 seium
1128 3285 1207 3343 unde,
1224 3283 1274 3334 sed
1289 3286 1373 3333 ctiam
1388 3297 1439 3345 qno
1454 3283 1541 3334 lehre

223 3372 400 3446 processerit.
418 3369 523 3421 Tamen
547 3377 645 3426 nmo
669 3385 750 3422 secus
777 3371 903 3437 (excepto
928 3372 975 3422 Pe.
993 3369 1128 3439 9t[u5]‚u)
1143 3385 1254 3435 semper
1275 3372 1430 3434 praefixum
1456 3372 1542 3422 habet

226 3465 263 3513 tn
281 3472 287 3506 :
304 3472 390 3522 quare
405 3461 509 3521 optima
525 3462 642 3512 fortasse
660 3463 818 3511 emendatio
832 3464 884 3512 erit
899 3467 967 3545 erip
983 3469 1068 3517 nm
1084 3468 1133 3520 tra,
1151 3462 1184 3510 nd
1204 3464 1293 3523 ,tqnnr
1311 3461 1540 3511 Corteradietionir

226 3548 318 3597 Codes.

270 3712 333 3777 uhi
353 3715 503 3802 primum
523 3720 636 3781 autem
659 3717 861 3781 concesseris
876 3717 932 3801 agi
949 3715 991 3781 de
1012 3717 1084 3780 loco
1103 3714 1218 3798 Caeles,
1237 3714 1416 3781 lectionem
1437 3715 1539 3780 Hebe.

226 3833 320 3889 huni,
338 3832 369 3885 ct
384 3819 487 3899 rerrr'i,
505 3821 674 3888 anteferes
690 3821 827 3888 leciioni
843 3823 898 3889 vel
913 3821 1025 3911 potius
1040 3821 1307 3911 orthographiae
1323 3842 1383 3886 seu
1399 3827 1543 3910 puncia-

224 3926 318 4008 iioni,
336 3928 431 3993 Sane.
452 3929 540 3991 hili
562 3927 659 4017 i'ulq.
681 3927 800 3995 Chald.
823 3930 901 4015 Syr.
916 3942 1000 4001 inm,
1019 3941 1049 3993 et
1065 3950 1142 3993 curn
1160 3929 1244 4016 r'pso.
1266 3925 1542 4015 Quamprimum

225 4033 441 4099 commendat
464 4033 731 4121 parallelismus;
750 4040 783 4099 et
804 4041 991 4124 praeterea,
1010 4034 1093 4123 quid
1122 4034 1187 4100 sibi
1213 4034 1285 4100 vult
1309 4055 1315 4099 :
1339 4039 1372 4100 et
1398 4053 1476 4100 cum
1501 4056 1542 4098 eo

226 4137 267 4202 (le
286 4144 478 4204 sanctorum
506 4140 656 4206 millibus
681 4142 736 4228 (cf.
767 4143 829 4228 iq.
858 4142 975 4229 Spei?
1000 4141 1095 4218 Quod
1123 4140 1228 4206 tude
1253 4162 1323 4206 nou
1351 4161 1542 4229 expressere

226 4245 316 4307 hii
347 4244 444 4332 Γαίῃ.
475 4245 593 4312 Chald.
619 4246 749 4312 Habent
773 4270 876 4336 porro
901 4248 1015 4314 medio
1039 4270 1137 4315 versu
1159 4246 1260 4313 [febr.
1285 4248 1379 4313 Sunt.
1407 4248 1539 4334 synam.

225 4339 282 4412 uzi
301 4367 306 4406 ÷
326 4355 419 4415 ortus
439 4358 487 4415 est
512 4353 571 4417 eis.
594 4355 658 4419 Sed
679 4355 819 4443 qrrinum
841 4362 918 4421 sunt
935 4355 985 4420 illi
1008 4355 1065 4437 eis,
1085 4355 1128 4420 ad
1152 4376 1297 4443 quorum
1321 4353 1541 4420 commodum

226 4455 480 4544 procurandum
507 4464 600 4525 ortus
620 4464 668 4525 est
692 4460 749 4526 ille
773 4460 909 4526 divinus
930 4446 1002 4527 sol?
1024 4461 1141 4549 {iique
1165 4461 1347 4540 israelitae,
1371 4460 1430 4525 scd
1454 4460 1542 4527 dura

227 4564 444 4630 eonsiructio.
462 4571 603 4631 Sensum
628 4572 717 4631 certe
741 4566 866 4635 clarius
891 4590 1095 4656 expressere,
1118 4568 1261 4634 fortusse
1288 4565 1391 4632 etiam
1418 4566 1542 4652 genui—

226 4691 305 4735 nam
327 4669 505 4738 lectionem
524 4678 714 4761 sequuntur
734 4676 825 4738 hili
853 4673 950 4761 Vuly.
979 4673 1096 4739 cinit
1124 4676 1204 4759 Syr.
1226 4663 1306 4743 :uh
1326 4675 1432 4738 trebir.
1460 4677 1540 4738 Pro-
