3366 5346
238 289 296 346 :itia
606 302 840 346 taramriam
864 303 924 345 mm
948 302 1040 345 vrms
1062 302 1177 347 uorsrs.

237 456 263 491 r.
282 442 313 491 ‘27
354 442 494 490 liabitatio
515 443 574 490 eius
600 443 665 489 sunt
691 439 870 490 tabernacula
890 440 1016 503 antiqua,
1038 440 1182 490 -subter
1209 441 1300 504 ipsum
1319 446 1393 499 sunt,
1412 456 1484 506 quae
1510 458 1559 496 sc-

1150 529 1266 579 minavit
1280 530 1313 580 ab
1329 544 1408 581 aero.

341 619 484 682 Expulita
499 617 569 668 lacie
584 620 632 667 tua
647 619 800 671 inimicum,
817 644 852 653 —-
867 620 894 668 et
913 617 984 667 dixit
999 632 1005 666 :
1024 618 1188 679 (paterere,

236 724 262 758 r.
280 703 495 760 interscalari
509 711 573 758 sunt
588 708 636 757 tihi
651 720 747 758 osores
764 708 813 759 tui.
828 733 862 742 -
880 710 910 756 tu
925 710 1018 756 autem
1034 720 1119 770 super
1133 709 1244 758 excelsa
1259 721 1355 760 eorum
1370 709 1520 773 gradieris

550 833 671 897 Stropha
686 833 715 882 2³
733 847 739 880 :
756 833 919 882 Encouiium
934 833 1045 882 Israelis
1060 846 1086 882 r.
1104 831 1233 884 28.i9³·⁴¹.

235 975 260 1009 r.
278 962 311 1010 ta
350 960 461 1009 Habitat
477 959 564 1008 lsrael
579 970 686 1014 secure,
701 985 735 993 -
750 959 867 1007 seorsim
882 957 944 1007 lons
961 957 1056 1017 Iacob,

345 1051 373 1098 in
390 1052 463 1099 terra
478 1048 608 1097 lrumentl
624 1054 651 1097 et
667 1048 760 1101 musti,
777 1074 811 1081 —
825 1047 924 1095 armum
940 1048 1023 1096 etiam
1037 1048 1096 1096 eius
1110 1046 1227 1097 ellundit
1243 1060 1344 1100 rorem.

235 1152 260 1187 v.
276 1139 309 1188 ‘29
343 1139 446 1187 Beatus
461 1150 501 1190 es.
516 1150 533 1185 o
548 1136 634 1186 lsrael
652 1150 657 1184 :
675 1138 738 1200 quis
753 1135 851 1185 similis
866 1137 916 1193 tul,
934 1162 966 1171 -
983 1136 1084 1198 popule
1097 1136 1204 1186 salvate
1219 1151 1236 1186 a
1251 1137 1355 1188 Iahve‘t

351 1227 464 1277 Scutum
480 1227 577 1275 auxilii
591 1227 631 1275 tui
647 1227 705 1288 ipse
719 1227 770 1283 est,
787 1252 822 1261 -
837 1224 966 1288 idemque
982 1225 1091 1287 gladius
1106 1226 1213 1287 gloriae
1226 1232 1300 1276 tuae.

277 1403 361 1489 1qu.
376 1439 420 1450 —
433 1401 554 1466 lahvae
571 1399 687 1465 nullus
700 1397 920 1487 aequiparari
935 1402 1056 1486 potest,
1075 1397 1136 1487 qui
1151 1420 1240 1465 unus
1257 1399 1394 1468 coelunt
1411 1399 1554 1468 inhabi-

232 1512 294 1590 tat,
318 1507 469 1574 nubibus
491 1505 638 1585 vehitur,
667 1512 803 1571 terrena
823 1510 945 1570 cuncta
969 1503 1131 1593 disponit,
1147 1505 1306 1572 inimicos
1325 1506 1455 1573 israelis
1466 1529 1553 1597 pro-

171 1605 176 1615 ’
232 1616 353 1680 sternit
373 1614 582 1701 plenumque
602 1613 632 1677 ei
657 1610 804 1696 largitur
827 1611 1057 1699 triumphum.
1080 1612 1184 1677 lsrael
1203 1633 1341 1678 securus
1357 1612 1492 1679 habitat
1511 1613 1550 1680 in

232 1727 324 1786 terra
338 1717 558 1798 fertilissima,
575 1718 629 1784 cui
645 1717 762 1783 nullus
781 1717 999 1806 aequiparari
1013 1723 1124 1806 potest
1142 1719 1306 1808 populus,
1325 1740 1402 1785 cum
1418 1720 1548 1786 lalrven

232 1826 359 1892 haiseat
371 1829 610 1916 protectorem.

268 2027 386 2077 Putabat
401 2026 481 2088 liup,
496 2025 566 2073 haee
587 2022 622 2073 ad
641 2023 864 2074 benedictionem
881 2024 952 2072 Aser
969 2030 1095 2085 spectare
1114 2036 1120 2070 z
1137 2032 1165 2073 at
1180 2036 1339 2086 perperam,
1356 2025 1469 2075 etiamsi
1483 2027 1550 2089 quis

229 2117 300 2167 iorte
313 2118 342 2166 ln
361 2127 430 2165 voce
446 2119 479 2191 'p
498 2118 565 2168 ittet
580 2126 606 2162 r.
624 2112 657 2163 ie
673 2111 884 2176 deprehendere
898 2112 952 2161 sibi
967 2111 1095 2162 videatur
1109 2113 1277 2163 allusionem
1292 2113 1444 2164 adnomen
1465 2115 1547 2164 Aser.

231 2208 364 2268 spectant
381 2217 415 2253 ea
429 2204 590 2252 universum
606 2200 738 2252 lsraelem
752 2199 881 2264 (bonta),
894 2207 1015 2264 suntque
1030 2201 1175 2251 conclusio
1190 2201 1414 2264 correspondens
1428 2201 1548 2252 exordio

228 2308 255 2343 r.
272 2296 331 2342 2-5.
350 2291 507 2342 t'redidcris
525 2290 742 2347 conclusionem,
761 2292 802 2338 uti
824 2289 980 2347 exordium,
1002 2288 1110 2340 duabus
1131 2291 1257 2353 strophis
1275 2294 1405 2340 constare
1428 2295 1545 2354 quater-

229 2395 327 2431 norum
344 2380 525 2429 distichorum
546 2378 600 2437 (rel
621 2376 704 2439 trist.)
722 2389 728 2424 ε
746 2382 849 2435 textus,
867 2378 959 2439 qualis
974 2391 1048 2428 nuuc
1060 2383 1116 2437 est,
1134 2378 1219 2428 habet
1241 2379 1399 2429 tristichum
1413 2391 1502 2428 unum
1516 2386 1545 2430 et

228 2470 348 2521 disticha
361 2471 478 2530 septem,
493 2468 521 2515 iu
536 2465 606 2516 duas
621 2466 752 2528 strophas
767 2466 930 2529 inaequales
945 2465 1104 2516 distributa.
1122 2466 1153 2515 ln
1169 2468 1222 2527 his,
1246 2467 1344 2530 quales
1358 2480 1433 2518 nunc
1447 2468 1547 2531 legun-

229 2562 282 2619 tur,
301 2557 420 2620 insignis
443 2553 662 2618 deprehenditur
688 2567 776 2603 rermn
801 2556 973 2616 symmetria.
1000 2555 1080 2604 Prior
1108 2556 1224 2618 stropha
1247 2556 1281 2605 de
1303 2555 1433 2606 laudibus
1454 2569 1546 2618 agens

228 2647 322 2705 iahre,
337 2646 398 2696 eius
420 2644 540 2694 celebrat
561 2641 728 2692 excellentem
750 2645 924 2692 maiestatem
952 2643 973 2707 (l
999 2644 1091 2706 trist),
1108 2645 1155 2706 qui
1180 2656 1253 2693 unus
1276 2644 1306 2693 ln
1329 2645 1415 2695 coelis
1440 2644 1546 2693 tralucet

229 2735 250 2803 (l
270 2734 355 2801 dist),
373 2734 562 2796 lsraelemque
577 2732 612 2781 ab
632 2732 758 2781 hostibus
774 2730 898 2793 ‹leiendat
915 2730 936 2792 (l
960 2729 1034 2797 dist.)
1043 2746 1050 2791 ;
1066 2732 1153 2782 altera
1168 2733 1283 2795 stropha
1299 2732 1432 2783 lsraelem
1450 2735 1546 2783 extol-

229 2826 299 2884 lens,
316 2824 450 2888 populum
465 2821 637 2872 demonstrat
653 2820 818 2869 lralritontern
836 2821 864 2868 in
884 2826 957 2870 terra
972 2819 1144 2870 fertilissima
1164 2817 1192 2887 (2
1207 2819 1293 2881 disti,
1311 2822 1430 2885 populos
1444 2834 1546 2873 omnes

229 2913 395 2962 excellentem
409 2909 432 2977 (l
451 2906 526 2977 dist.)
541 2910 735 2974 prosperitate,
752 2911 779 2958 et
795 2908 930 2971 defensum
944 2922 960 2958 a
976 2909 1061 2959 Iahve
1075 2907 1101 2973 (⁸2
1118 2908 1203 2975 dist).
1223 2909 1340 2973 Singula
1355 2911 1475 2961 disticha
1489 2908 1545 2977 (rel

228 3002 362 3064 tristicha)
379 3004 407 3049 et
427 3002 488 3061 ipso
503 3000 637 3048 orationis
654 2998 774 3061 rhytmo,
791 3003 818 3047 et
839 2997 963 3047 idearum
978 2997 1123 3058 allinitate,
1141 3005 1168 3048 et
1188 2998 1408 3049 llasoretharmn
1426 3000 1547 3050 distinc-

229 3090 351 3139 tionibus
367 3089 440 3138 clare
460 3088 666 3137 discernuntur.
684 3086 904 3136 Admirationem
921 3085 996 3146 tacit,
1013 3088 1143 3150 strophas
1157 3100 1220 3137 esse
1235 3089 1408 3152 inaequales,
1424 3090 1544 3151 primam

228 3179 372 3240 stropham
384 3177 512 3225 desinere
528 3177 556 3223 in
570 3175 695 3223 divinum
715 3176 861 3236 imperium
879 3192 889 3221 t
910 3174 1062 3224 Conterere
1079 3191 1103 3233 r,
1120 3178 1199 3225 errius
1214 3177 1309 3226 nullus
1328 3183 1441 3226 secutus
1456 3177 1543 3227 ellec-

228 3269 272 3316 tus
287 3266 502 3323 demonstretur,
517 3265 641 3313 extrema
662 3262 783 3312 secunda
803 3263 928 3325 stropha,
947 3276 1019 3326 quae
1039 3265 1097 3313 tota
1113 3267 1155 3313 est
1175 3265 1203 3312 in
1226 3264 1339 3314 Israelis
1355 3266 1543 3328 prosperitate

227 3354 425 3416 describenda,
446 3353 536 3403 redire
548 3364 707 3402 sermonem
724 3350 760 3400 ad
775 3335 897 3401 hostium
917 3347 1038 3413 cladem,
1059 3365 1131 3415 quae
1153 3357 1247 3402 tamen
1267 3355 1327 3403 elus
1346 3354 1543 3417 prosperitatis

227 3444 347 3494 conditio
363 3445 398 3492 sit
415 3446 500 3505 atque
515 3443 704 3491 necessarium
719 3441 939 3504 praeambulum.
960 3442 1038 3499 Quae
1059 3440 1236 3490 diliicultates
1250 3454 1349 3492 omnes
1368 3422 1541 3493 evanescunt

225 3533 404 3596 perlectaque
419 3532 537 3581 hahetur
552 3531 730 3592 stropharum
750 3531 921 3592 symmetria,
936 3531 960 3579 si
982 3530 1110 3579 ultimum
1135 3531 1275 3580 secundae
1298 3532 1432 3595 strophas
1455 3531 1541 3582 disti-

225 3623 308 3671 chum
328 3620 510 3670 transieratur
524 3619 559 3668 ad
578 3618 682 3668 calcem
702 3618 834 3680 strophae
849 3619 950 3680 prioris
967 3631 973 3666 :
991 3618 1128 3668 hahentur
1148 3621 1203 3668 iam
1224 3621 1356 3683 strophae
1375 3620 1446 3670 duas
1466 3633 1539 3684 qua·

225 3715 368 3761 ternorum
389 3707 572 3757 distichorum
595 3706 648 3769 (rel
664 3706 757 3772 tristi,
775 3719 924 3769 somnoque
946 3708 1123 3769 symmetriae
1145 3707 1298 3759 absolutus.
1320 3721 1347 3757 v.
1374 3708 1407 3757 29
1429 3713 1538 3764 inniti

224 3798 313 3848 lorma
327 3804 369 3847 est
385 3797 509 3847 eiusdem
525 3797 658 3860 terrrporic,
676 3800 760 3859 atquo
775 3808 802 3843 r.
824 3795 855 3844 ‘27
869 3801 955 3852 we,
969 3799 997 3846 et
1012 3801 1113 3851 annii.
1132 3795 1222 3854 Quam
1237 3797 1410 3859 prohabilem
1422 3797 1537 3847 conlec-

225 3888 314 3937 turam
328 3899 379 3936 nos
395 3887 423 3935 iu
440 3890 516 3936 textu
531 3897 615 3948 supra
630 3884 771 3946 descripto
783 3886 985 3948 expressimus.

268 4083 299 4127 r.
323 4067 364 4125 26
382 4090 397 4119 «
420 4062 497 4125 lteri
512 4072 561 4125 est
576 4059 675 4147 luens
688 4057 810 4144 aliaest,
832 4070 868 4122 nl
884 4061 973 4123 Deus
993 4058 1173 4125 rectissimi
1190 4087 1225 4141 n,
1248 4061 1271 4126 i.
1297 4081 1327 4125 e.
1350 4057 1540 4126 Ieselnnam

225 4165 278 4250 (cl.
298 4188 330 4230 v.
353 4166 400 4253 5)
420 4169 544 4233 Musae.
572 4170 737 4254 [attractant
764 4185 770 4230 :
795 4167 871 4230 lt'an
894 4177 942 4230 est
968 4164 1070 4250 aliua,
1097 4179 1134 4231 ut
1153 4169 1256 4244 Deru,
1285 4190 1302 4230 o
1332 4164 1536 4232 Iesclturern!

225 4270 314 4337 Licet
327 4272 538 4358 comparatio
555 4293 632 4337 cum
647 4270 711 4337 eliis
727 4271 805 4338 aliis
820 4270 933 4358 prima
950 4272 1088 4338 sortasse
1105 4273 1213 4339 menti
1228 4279 1403 4354 occurrat,
1419 4279 1536 4339 tamen

224 4400 292 4443 non
313 4375 357 4442 ad
374 4377 462 4442 hanc
491 4377 645 4466 explicite
667 4378 925 4464 restringuntur
950 4377 1069 4445 verita.
1093 4378 1257 4445 Omnibus
1281 4386 1394 4445 autem
1415 4399 1536 4467 super-

223 4483 351 4550 eminet
375 4483 489 4562 lahre,
508 4485 587 4570 quia
612 4507 699 4550 tirius
723 4484 824 4550 coelis
844 4483 1056 4567 moderatur,
1078 4485 1197 4551 orbem
1221 4486 1360 4564 crearit,
1378 4483 1537 4550 inimicos

223 4592 418 4679 prosternit.
440 4620 454 4650 α
474 4592 638 4656 lacerum·
653 4590 738 4656 coeli
755 4590 1031 4657 arerr'lr'anrnms
1050 4619 1080 4675 n,
1098 4591 1209 4658 souin
1229 4589 1400 4657 sterilium
1421 4602 1532 4656 tutent.

225 4712 279 4761 ππ
298 4716 305 4758 :
323 4697 381 4786 qui
399 4697 466 4764 sire
483 4720 571 4787 equo
588 4698 658 4764 sire
678 4719 781 4764 curru
802 4698 954 4779 retritum
973 4697 1036 4764 hoc
1053 4698 1200 4765 alterum
1214 4698 1250 4764 h.
1269 4697 1292 4762 l.
1311 4695 1532 4782 intelligitur,
