3366 5346
180 270 237 327 181
652 286 764 330 orario
786 285 891 329 uersis
913 284 1018 328 curun.

180 421 414 480 chananaecrum,
432 426 462 471 ut
479 423 549 472 baec
565 425 709 485 regionem
725 423 854 486 designet
871 437 886 470 a
906 421 1048 471 montibus
1069 420 1201 483 Ephraim
1221 421 1390 472 Hermonem
1407 434 1504 485 usque

179 507 299 571 (Catmjl
324 510 383 558 lielt-
398 509 597 561 Cliauanaeam
622 513 820 575 interpretatur
834 511 1038 574 appositionem
1053 509 1088 559 ad
1110 509 1316 574 praecedentia.
1334 518 1363 560 ut
1379 510 1503 560 tandein

179 599 252 648 idem
268 612 301 649 ea
315 601 351 648 sit
364 606 448 662 atque
463 613 544 650 mons
565 601 799 652 amorrhaeorum
815 614 821 648 :
836 600 885 650 sed
903 602 941 648 ita
960 600 1137 650 omitteretur
1153 601 1229 649 totus
1246 605 1352 649 tractus
1373 599 1504 650 Hermo·

179 701 243 738 nem
258 702 357 751 usque,
374 691 421 752 qui
436 702 579 752 nunquam
599 696 762 740 accensetur
777 691 860 737 monti
882 688 1127 747 Arrrorrbaeorum
1145 701 1237 751 nsque
1252 696 1317 750 apte
1331 691 1429 738 vocari
1444 703 1505 753 po·

179 781 233 827 test
255 777 319 826 titus
340 779 433 827 iliaris.
450 778 529 827 lions
552 779 596 827 hic
620 779 814 841 complectitur
837 782 980 828 montana.
1000 789 1072 840 quem
1088 752 1193 840 ⁸postea
1216 777 1341 840 obtigere
1367 778 1504 828 tribubus

180 865 256 925 luda,
279 866 434 925 Beniamin,
456 867 571 930 loseph.
588 866 657 918 Eius
675 872 859 918 recensentur
874 867 979 917 tractus
996 866 1081 914 tricini
1099 878 1160 915 :sc
1180 866 1280 925 araba,
1298 879 1370 929 quae
1386 866 1435 916 blc
1452 867 1504 916 ln-

178 954 312 1016 telligitur
336 954 480 1018 depressio
505 955 632 1006 Iordanis
654 969 670 1005 a
694 956 762 1005 llari
787 956 896 1005 llortuo
911 955 1003 1004 laeum
1027 956 1199 1004 Genesarcth
1214 967 1328 1014 versus;
1345 955 1501 1019 Shephela,

177 1043 306 1106 planities
322 1044 357 1093 ad
372 1044 546 1095 occidentem
562 1044 692 1096 iudaeae.
711 1045 758 1095 ubi
774 1047 858 1095 etiam
879 1045 1058 1104 l‘btlistbaei;
1075 1044 1171 1106 Nepet,
1187 1047 1295 1094 tractus
1310 1044 1344 1093 ad
1365 1048 1503 1095 austrum

178 1131 313 1191 Iudaeae,
330 1133 377 1183 ubi
396 1133 574 1195 postmodum
594 1135 679 1184 etlam
696 1134 881 1192 Simeonitam
899 1133 1077 1193 titusmcrtr,
1094 1132 1248 1196 quodcum
1267 1134 1368 1182 vicinis
1387 1136 1499 1185 montis

179 1221 415 1272 amorrhaeorum
429 1225 621 1274 accenseatur.
643 1222 809 1274 crediderim
824 1234 886 1273 esse
904 1227 1022 1273 tractum
1043 1235 1060 1272 a
1080 1221 1222 1285 Shephela
1239 1234 1329 1285 usquc
1350 1221 1386 1273 ad
1400 1224 1500 1272 rivum

180 1309 322 1372 Aegypti:
341 1311 376 1360 ad
396 1312 471 1361 bunc
489 1313 595 1375 quippe
615 1312 812 1375 producendus
836 1317 899 1363 erat
916 1311 1048 1361 australis
1072 1311 1162 1371 limes,
1180 1324 1242 1360 curn
1264 1312 1502 1375 septentrionalis

179 1399 320 1461 usquead
342 1399 504 1462 Euphraten
523 1399 702 1463 producatur.
723 1400 816 1464 Bnntr.
834 1404 930 1451 censet
954 1400 1074 1462 intelllgi
1089 1401 1155 1449 litus
1170 1414 1187 1448 a
1208 1399 1350 1462 shephela
1371 1399 1503 1451 Phoeni-

179 1486 250 1535 clam
263 1500 361 1538 vereris
379 1490 527 1552 jungitque
548 1489 671 1540 intimius
695 1490 1023 1539 terraetltccaaceorum
1040 1487 1084 1552 (cl.
1106 1490 1190 1538 Num.
1211 1488 1297 1553 1330)
1316 1502 1322 1537 :
1341 1488 1392 1539 sed
1412 1501 1503 1552 prae·

179 1576 309 1637 ponenda
323 1579 382 1625 erat
395 1577 464 1627 haec
478 1582 560 1637 terra,
578 1582 720 1641 tamquam
735 1591 801 1641 pars
816 1579 908 1640 potior
920 1582 949 1628 ct
961 1579 1154 1641 propinquior.

225 1805 389 1869 Putavere
414 1805 486 1889 On,
506 1803 717 1887 Theodoret„
734 1804 851 1893 lloysis
874 1809 1119 1890 argumentum
1138 1827 1170 1872 v.
1194 1811 1213 1870 9
1232 1827 1282 1893 sq.
1305 1805 1371 1869 hoc
1393 1826 1469 1872 esse
1491 1829 1500 1872 ε

179 1908 341 2000 paruistis
368 1909 560 1994 iudicibus,
592 1917 708 2000 parete
735 1931 827 1978 nunc
857 1916 964 1979 losue.
993 1911 1060 1978 Sed
1086 1910 1129 1978 de
1156 1916 1249 1978 losue
1274 1911 1364 1977 nihil
1391 1910 1503 1979 habet

179 2020 300 2083 textus.
322 2015 484 2102 Adverte,
507 2040 596 2108 quae
622 2017 821 2086 dicebamus
846 2023 901 2086 CN
927 2043 961 2109 p.
993 2025 1055 2085 129
1077 2040 1167 2107 sqq.‚
1192 2016 1406 2106 iniquissime
1431 2003 1501 2085 ali-

180 2122 317 2211 quando
342 2123 459 2192 tulisse
480 2126 649 2214 populum
671 2125 785 2214 quod,
802 2125 853 2192 uti
874 2125 940 2215 ipsi
962 2123 1182 2214 reputabant,
1207 2128 1333 2211 lloyses
1357 2145 1500 2192 ornnem

181 2230 417 2296 auctoritatem
440 2231 506 2296 sibi
527 2232 586 2298 uni
611 2253 785 2298 reservare
812 2214 875 2321 per
897 2232 1013 2298 omnia
1033 2231 1212 2318 niteretur.
1235 2230 1414 2319 Eoeplonat
1440 2230 1501 2298 hic

182 2355 301 2400 revera
320 2340 445 2422 lloyscs
464 2359 516 2417 ca,
534 2358 622 2427 quae
640 2342 695 2403 Ex.
718 2344 817 2416 18,13
834 2359 909 2427 sqq.
933 2337 1063 2426 (Prae.)
1078 2338 1320 2406 narrabantur.
1339 2335 1389 2403 lbi
1407 2338 1501 2405 refe·

182 2440 323 2507 rebatur
340 2442 465 2523 lethro,
490 2449 528 2509 ut
547 2442 678 2510 iudices
698 2442 975 2525 instituerentur,
994 2443 1219 2531 suggessisse,
1239 2451 1365 2532 lloyses
1383 2442 1419 2509 id
1439 2466 1501 2511 ex-

182 2553 317 2615 secutus
338 2571 421 2616 esse.
447 2550 505 2617 llic
526 2550 685 2634 refertur,
710 2550 803 2640 quod
825 2573 929 2618 nemo
951 2573 1053 2618 sanus
1078 2551 1203 2618 lactum
1226 2573 1300 2617 esse
1326 2549 1497 2638 ambigat,

181 2659 313 2744 Moysen
335 2656 377 2723 de
406 2657 470 2724 hae
495 2681 533 2725 re
557 2680 749 2725 sermonem
774 2659 817 2726 ad
844 2653 1012 2748 populum
1034 2657 1204 2740 habuisse,
1231 2657 1400 2748 populum
1426 2657 1501 2726 eius

182 2763 363 2830 consilium
387 2764 607 2854 approbasse.
635 2770 671 2831 ln
695 2765 891 2832 narratione
914 2764 1078 2831 historica
1104 2764 1312 2832 efferebatur
1333 2763 1500 2832 suadente

183 2870 351 2951 lethrone,
372 2872 408 2935 in
429 2873 493 2937 hac
519 2870 641 2938 morali
661 2871 840 2959 paraenesi
860 2869 999 2937 effertur
1019 2870 1312 2938 consentientibus
1334 2875 1443 2958 lloyse
1465 2877 1501 2937 et

184 2976 310 3063 populo
327 2998 400 3041 rem
417 2982 527 3042 aetam
545 2997 632 3053 esse,
650 2976 832 3064 utrobique
853 2976 993 3043 effertur
1009 2977 1058 3042 rei
1070 2979 1265 3044 necessitas.
1281 3000 1312 3042 v.
1332 2984 1351 3043 9
1366 3006 1380 3035 «
1400 2975 1501 3043 biei-

184 3103 249 3170 que
263 3080 354 3146 cobis
370 3080 431 3146 illo
453 3085 491 3148 e‘u
511 3094 660 3170 tempore
684 3110 699 3140 »
723 3104 730 3149 :
752 3121 795 3130 —
814 3083 935 3170 llcnsn
955 3111 997 3142 =
1015 3110 1030 3144 «
1053 3085 1116 3150 sub
1137 3083 1223 3150 illud
1243 3090 1426 3172 tempus».
1446 3084 1499 3150 Cf.

183 3209 219 3275 p.
244 3193 319 3253 177.
336 3192 397 3255 Tot
416 3186 603 3254 interiectis
623 3187 723 3254 annis
739 3210 792 3271 ea,
808 3210 897 3277 quae
916 3211 987 3255 non
1006 3189 1187 3257 duodecim
1205 3190 1308 3280 plane
1328 3189 1499 3257 mensium

184 3293 368 3360 intervallo
387 3299 463 3362 acta
481 3295 629 3375 fuerant,
653 3293 758 3361 veluti
783 3293 885 3360 simul
907 3301 982 3361 acta
1006 3296 1260 3386 concipiuntur;
1279 3296 1370 3363 unde
1392 3295 1499 3362 etiam

184 3401 371 3491 explicatur
392 3402 489 3470 verbi
508 3403 616 3469 forma
639 3416 719 3465 nnat
740 3440 783 3450 —
805 3424 838 3467 v.
862 3407 902 3467 10
924 3429 940 3463 «
963 3404 1041 3469 Non
1054 3425 1196 3493 possam
1215 3403 1305 3469 solus·
1331 3402 1499 3469 sustinere

184 3531 241 3575 ecs
264 3538 301 3589 n,
323 3510 442 3577 vestris
465 3508 725 3578 necessitatibus
743 3506 942 3598 providere;
962 3515 1121 3599 recteque
1146 3510 1245 3599 l'ulp.
1268 3530 1386 3576 vocem
1414 3507 1501 3598 quic

184 3616 404 3702 sequentibus
428 3616 587 3706 praefigit
611 3639 618 3686 :
649 3645 663 3678 e
689 3615 798 3705 [peric]
824 3614 988 3681 Dorieinus
1012 3618 1101 3682 Deus
1125 3628 1232 3683 cester
1253 3614 1501 3705 riteeltiplicacit

185 3743 255 3803 aas,
278 3733 310 3786 et
331 3722 410 3787 estis
431 3721 532 3789 bodie
556 3723 645 3790 sieut
666 3722 783 3789 stellae
808 3720 893 3788 coeli
911 3721 1058 3812 pletriuee'
1078 3749 1108 3789 n.
1129 3728 1174 3789 Ex
1201 3746 1253 3805 ec,
1278 3724 1371 3813 quod
1393 3721 1501 3789 verba

186 3828 295 3914 magis
315 3830 530 3895 consentiunt
546 3829 660 3896 verbis
681 3829 800 3917 iloysis
817 3833 915 3896 Num.
938 3835 1159 3919 11,1tqua1n
1179 3829 1292 3896 verbis
1312 3830 1425 3896 lothro
1440 3832 1498 3894 Er.

188 3941 286 4016 1833
311 3936 412 4023 (Ita),
434 3958 504 4003 non
523 3937 676 4024 sequitur
695 3941 854 4003 eventum
873 3939 929 4001 Ex.
955 3941 995 4003 18
1014 3935 1160 4003 eundem
1184 3959 1253 4003 esse
1275 3943 1376 4025 atque
1397 3934 1499 4000 illum
1529 3949 1533 3953 ·

185 4045 283 4106 Num.
305 4049 357 4124 lt,
372 4043 430 4109 sed
447 4042 490 4109 ad
504 4064 676 4109 summum
692 4044 846 4130 sequitur
860 4047 992 4130 Moysen
1002 4042 1045 4109 dc
1056 4043 1158 4109 rebus
1172 4043 1342 4109 similibus
1357 4043 1501 4130 loquen-

187 4154 255 4212 tem
275 4147 418 4214 diversis
431 4149 646 4237 temporibus
665 4148 832 4214 similibus
853 4170 951 4214 usum
969 4170 1039 4215 esse
1059 4149 1344 4238 expressionibus.
1360 4170 1381 4214 a
1399 4145 1501 4213 dictis

187 4252 298 4319 lethro
319 4255 459 4343 paulum
482 4254 624 4321 diversis
648 4255 812 4342 (ceterum
838 4255 880 4322 cl.
903 4277 936 4320 v.
958 4256 1027 4343 12).
1050 4258 1074 4320 0
1095 4256 1253 4322 miseram
1273 4255 1419 4320 auctoris
1445 4254 1499 4317 in-

185 4359 304 4447 spirati
323 4366 462 4441 sortem,
481 4362 536 4426 eui
552 4360 622 4427 duo
642 4361 769 4427 similes
789 4366 929 4427 eventus
944 4361 1108 4427 narrandi
1126 4368 1216 4429 sunt.
1233 4366 1352 4428 Narrat
1365 4380 1500 4449 expres-

185 4466 338 4533 sionibus
358 4465 501 4533 diversis
523 4489 530 4534 :
553 4490 594 4534 en
616 4466 684 4532 duo
704 4468 877 4533 habentur
896 4474 1063 4534 aue-tores.
1085 4472 1204 4535 Narrat
1226 4465 1501 4557 expressionibus

185 4575 306 4642 iisdem
324 4596 331 4642 :
349 4596 435 4640 unus
451 4579 591 4639 eventus
607 4573 765 4654 habetur,
783 4596 849 4638 non
867 4573 945 4640 duc.

230 4683 394 4749 lientionc
420 4683 518 4761 facta⁴
539 4687 607 4747 tam
635 4680 716 4747 laeti
740 4679 958 4761 incrementi,
986 4680 1094 4747 maius
1117 4683 1219 4748 eliam
1247 4683 1498 4749 incrementum
