3366 5346
501 297 529 351 l.
554 310 609 354 mx
629 311 667 353 na
688 308 811 353 onerans
830 310 836 351 :
858 309 947 353 naor.
973 293 1133 363 ledi-bl.
1416 298 1472 355 335

161 449 251 524 sent,
282 465 406 531 pronos
427 444 529 509 fuisse
549 444 639 510 cives
658 443 702 509 ad
725 443 914 531 captandas
936 442 1128 509 occasiones
1155 445 1472 531 restringendornm

160 550 422 638 privilegiorum
447 550 650 616 Levitarnm.
682 554 845 615 Memento
873 549 1025 631 tandem,
1052 555 1181 616 veteres
1208 551 1285 618 illos
1304 553 1473 619 Hebraeos

161 662 194 722 et
210 656 366 722 homines
381 657 481 722 fuisse
495 663 528 723 et
539 656 722 729 Hebraeos,
742 678 851 744 neque
865 656 979 720 minus
998 655 1165 723 Hebraeos
1180 680 1284 745 qnam
1301 659 1473 725 Hebraeos

159 768 289 828 nostros
309 762 527 829 recentiores.
554 763 694 830 Patebat
715 768 788 830 tum
810 761 929 850 utique
951 763 1170 851 pauperculis
1193 763 1262 830 illis
1284 765 1405 831 Levitis
1425 788 1473 832 re·

160 890 277 933 cursus
296 868 340 934 ad
361 868 509 935 iudicem
538 869 704 935 maiorem
730 869 784 935 vel
809 868 1018 957 pontificem.
1042 869 1214 935 Pontificis
1237 876 1310 936 tum
1340 871 1474 937 videtur

160 974 335 1060 augustior
357 974 460 1042 luisse
483 976 680 1042 auctoritas.
699 974 830 1041 ludices
852 995 924 1040 nou
943 996 1079 1062 semper
1096 981 1206 1056 erant,
1225 998 1296 1041 non
1314 977 1474 1042 omnibus

159 1080 289 1167 singuli
304 1081 463 1148 tribubus
483 1082 714 1170 imperabant,
730 1081 839 1147 malta
858 1087 995 1170 praeter
1008 1083 1162 1148 tenuium
1184 1083 1374 1148 levitarum
1391 1105 1474 1172 que·

159 1189 247 1254 relas
261 1209 348 1276 quae
360 1193 586 1277 procurarent
600 1187 786 1255 habebant.
803 1215 820 1279 a
832 1192 868 1253 ln
880 1187 1002 1253 diebus
1015 1186 1084 1253 illis
1095 1210 1161 1253 non
1177 1194 1253 1254 erat
1266 1211 1323 1255 rex
1338 1189 1442 1255 lsrael
1458 1218 1473 1248 a

161 1293 361 1382 (lud.17,(t;
389 1300 479 1377 18,1.
508 1295 584 1383 31),
612 1293 667 1360 cui
688 1294 793 1361 textui
818 1300 918 1374 ml
943 1293 1188 1361 adscribuntur
1205 1296 1346 1362 eaedem
1372 1301 1473 1384 atquc

159 1404 254 1467 Dent.
280 1406 356 1483 128
378 1422 478 1466 voces
498 1423 505 1468 :
528 1427 543 1460 (ι
566 1400 815 1489 unusquisque,
835 1399 927 1489 quod
952 1400 1018 1466 sibi
1039 1407 1171 1467 rectum
1191 1401 1384 1481 videbatur,
1410 1401 1475 1466 hoe

159 1506 307 1572 faciebat
325 1536 354 1572 n.

204 1614 237 1699 5)
262 1612 295 1678 Si
315 1611 375 1702 qui
400 1618 551 1701 tempore
578 1612 796 1700 publicarum
824 1612 1059 1679 calamitatum
1094 1612 1217 1679 Levitis
1238 1613 1473 1702 penderentur

159 1718 323 1800 redditus,
349 1741 462 1785 nonne
484 1718 508 1784 ii
528 1719 605 1805 lege
627 1719 778 1785 caritatis
795 1719 1039 1804 adigebantur,
1062 1725 1100 1785 ut
1120 1742 1182 1787 sua
1206 1742 1285 1786 cnm
1303 1719 1472 1786 famelicis

157 1825 321 1891 fratribus
344 1824 655 1892 communicarent?
679 1825 740 1892 Ubi
766 1847 883 1914 porro,
915 1825 1006 1914 quod
1035 1847 1118 1891 aevo
1146 1825 1298 1892 iudicum
1327 1826 1471 1915 repetito

158 1931 292 2009 accidit,
311 1953 379 1997 una
393 1930 583 2020 eademque
597 1931 773 1997 calamitas
791 1930 949 2020 pluribus
970 1931 1141 1996 continuis
1162 1932 1262 1998 annis
1277 1953 1472 2020 persevera-

158 2037 232 2116 bat,
254 2042 352 2103 erant
381 2036 434 2102 illi
458 2036 611 2104 redditus
633 2037 675 2103 de
698 2037 787 2104 laeto
807 2036 915 2103 instar
935 2037 1155 2126 proprietatis
1173 2037 1346 2137 publicae:
1378 2043 1416 2104 llt
1444 2038 1472 2105 si

158 2143 296 2232 quando
319 2143 452 2229 magnis
465 2144 616 2209 numeris
632 2144 774 2210 llebraei
799 2142 949 2210 decimas
970 2148 1034 2209 etc.
1052 2143 1232 2210 afferentes
1250 2143 1295 2209 ad
1314 2150 1472 2211 sanctua-

157 2252 246 2316 rinm
265 2249 466 2316 accederent
493 2270 499 2317 :
522 2254 557 2315 at
576 2273 648 2316 non
666 2256 739 2316 erat
754 2272 813 2317 rex
838 2249 875 2314 in
892 2249 1008 2330 lsrael,
1026 2249 1087 2340 qui
1106 2254 1223 2316 tantae
1241 2249 1472 2316 multitudinis

158 2355 361 2423 commeatui
375 2356 600 2445 prospiceret3
622 2378 691 2423 non
710 2361 868 2446 poterant
882 2356 1016 2422 Levitae
1029 2355 1287 2445 deperientibus
1307 2356 1472 2424 fratribus

158 2463 282 2529 auxilio
302 2484 370 2528 non
387 2461 513 2544 venire,
531 2461 683 2528 decimae
702 2468 765 2528 etc.
784 2461 1005 2529 vertebantur
1024 2461 1059 2527 in
1085 2463 1381 2551 peregrinantium
1399 2464 1472 2528 via-

158 2569 276 2634 ticum.
301 2566 427 2644 Quibus
451 2568 609 2634 omnibus
633 2569 827 2635 Levitarum
850 2569 925 2635 iura
948 2568 1141 2634 evadebant
1166 2568 1279 2654 magis
1294 2570 1472 2658 magisque

158 2673 301 2739 incerta.

205 2784 238 2866 a)
259 2784 341 2846 Cum
368 2778 578 2869 perdifficilis
595 2779 690 2846 haud
711 2801 790 2845 raro
812 2779 857 2845 ob
879 2783 1072 2868 temporum
1095 2780 1305 2846 calamitates
1320 2785 1405 2847 esset
1419 2802 1472 2845 ae-

159 2908 269 2952 cessus
291 2885 334 2951 ad
356 2884 589 2953 sanctuarium
612 2884 814 2968 maximum,
839 2885 987 2952 invaluit
1006 2907 1095 2966 mm,
1119 2885 1157 2951 in
1177 2908 1281 2974 quem
1299 2885 1472 2952 invehitur

160 2995 254 3058 Dent.
284 2996 396 3071 lam,
423 2996 460 3057 ut
477 2990 650 3080 primitiae
671 2996 735 3057 etc.
758 2991 851 3080 apud
866 2990 990 3058 altaria
1015 2992 1148 3080 privata
1163 2993 1268 3057 sacris
1288 2990 1398 3080 epulis
1411 2990 1472 3056 ab·

158 3105 388 3180 sumerentur,
408 3097 453 3164 ad
473 3121 572 3187 quae,
599 3097 660 3187 qui
679 3098 765 3164 forte
787 3096 944 3164 adessent
963 3097 1108 3179 Levitae,
1128 3097 1226 3164 nullo
1240 3098 1315 3164 iure
1332 3119 1393 3164 suo
1413 3096 1472 3163 sed

160 3204 204 3272 ad
218 3226 389 3272 summum
403 3205 507 3271 titulo
523 3203 777 3271 misericordiae
790 3204 1066 3271 admitterentur.
1089 3203 1152 3281 Qui
1164 3226 1238 3270 mos
1248 3204 1292 3270 ab
1306 3204 1472 3271 altaribus

160 3311 302 3400 privatis
321 3311 591 3378 transferebatur
604 3311 648 3377 ad
665 3311 898 3379 sanctuarium
911 3310 1111 3391 maximum,
1133 3310 1307 3398 evasitque
1326 3310 1375 3376 ita
1394 3309 1472 3376 uni-

161 3418 312 3500 versalis,
338 3418 408 3483 imo
433 3440 453 3483 a
475 3417 653 3506 prophetis
681 3417 726 3483 ad
749 3422 885 3506 tempus
912 3415 1049 3482 videtur
1070 3415 1119 3481 ita
1139 3437 1208 3481 esse
1233 3414 1472 3494 tolerataque

162 3523 274 3589 dicam
294 3523 515 3613 approbatus,
537 3528 576 3590 ut
599 3527 717 3589 auctor
744 3527 838 3589 Dent.
864 3519 1288 3603 1t,aa-anillumlral›eat
1310 3541 1371 3585 suo
1387 3524 1473 3585 tem-

163 3650 245 3718 pore
272 3629 483 3714 legitimam,
507 3651 579 3696 non
606 3632 777 3718 repugnet
802 3649 846 3694 ne
871 3627 1023 3694 decimae
1038 3632 1102 3693 ete.
1128 3625 1171 3691 ab
1193 3625 1351 3691 omnibus
1372 3625 1474 3692 absu-

163 3739 311 3816 mantur,
337 3736 446 3802 solum
467 3737 582 3821 exigat
604 3735 739 3801 absumi
760 3757 867 3825 prope
890 3732 1123 3801 sanctuarium
1142 3731 1343 3814 maximum,
1360 3754 1474 3821 neque

162 3864 332 3932 pauperes
346 3841 478 3909 Levites
498 3863 638 3931 prorsus
652 3840 798 3927 negligi.

207 3949 241 4037 7)
259 3948 426 4015 Addenda
448 3970 559 4038 pauco
578 3946 621 4014 de
640 3945 885 4014 sacerdotibus.
909 3951 1034 4012 Horum
1050 3967 1069 4012 a
1085 3946 1209 4012 Phinea
1230 3944 1275 4011 ad
1290 3943 1364 4010 Heli
1379 3943 1475 4010 nulla

163 4056 292 4123 mentio
314 4056 463 4122 babetur
481 4054 560 4121 ideo
574 4054 730 4134 fortasse,
746 4053 840 4142 quod
855 4074 974 4120 eorum
989 4052 1114 4139 exigua
1125 4050 1231 4118 fuerit
1244 4049 1430 4118 auctoritas
1443 4057 1476 4115 et

163 4163 299 4231 tenuior
313 4163 474 4230 conditio.
492 4161 564 4228 lleli
576 4160 680 4228 iners.
699 4164 824 4227 Parum
839 4159 1023 4227 verebatur
1034 4159 1116 4226 Saul
1134 4165 1148 4224 1
1164 4163 1247 4244 Reg.
1263 4164 1302 4223 21
1321 4179 1371 4245 sq.
1387 4178 1474 4247 pon-

164 4271 289 4337 tilicem
317 4275 351 4336 et
369 4268 562 4337 sacerdotes
580 4267 775 4334 habitantes
798 4266 833 4333 in
856 4266 962 4334 Nobe.
988 4270 1091 4332 Erant
1113 4263 1472 4332 invidiaedomnrum

164 4377 302 4445 Eleazar
318 4382 352 4444 et
370 4377 534 4444 lthamar.
552 4373 773 4465 accipiebant
786 4373 927 4462 quidem
946 4373 1138 4440 sacerdotes
1155 4370 1206 4438 illi
1222 4392 1300 4438 suas
1319 4371 1474 4437 victima·

166 4505 242 4551 rum
261 4485 436 4574 portiones
457 4490 472 4549 1
491 4487 575 4569 Reg.
593 4487 673 4564 Μ
689 4503 763 4571 sqq.
784 4479 858 4547 Filii
880 4479 951 4558 lleli
967 4479 1166 4567 arrogantia
1180 4484 1214 4547 et
1230 4498 1405 4546 sacrarum
1425 4477 1474 4541 le-

167 4611 251 4676 gum
265 4595 462 4680 contemptu
476 4589 607 4680 populo
624 4586 804 4656 offensioni
817 4593 927 4655 erant.
1023 4661 1025 4665 Α

211 4700 256 4762 Ex
279 4695 334 4762 his
351 4696 505 4785 prolecto
527 4697 646 4764 aliisve
669 4695 811 4784 insuper
835 4692 1028 4762 rationibus
1045 4697 1167 4761 natum
1181 4695 1232 4758 cst
1250 4710 1360 4777 genus
1382 4687 1478 4755 Levi·
