3366 5346
235 282 293 340 111
778 292 993 337 rurnonucrro.
1048 347 1051 351 ⁸

223 430 305 498 artis
318 430 434 495 nativa
449 427 597 494 indoles.
612 432 757 494 Tantum
769 426 877 507 abest,
892 432 929 494 ut
945 425 1083 492 criticae
1094 423 1177 491 vitio
1192 429 1365 491 vertamus
1379 426 1545 514 frequen-

226 548 293 603 tem
307 536 584 602 coniecturarum
600 556 711 616 usum,
724 541 761 600 ut
774 534 852 600 euin
866 533 978 622 potius
993 531 1134 597 omnino
1145 531 1327 620 probatum
1339 531 1543 600 habeamus.

226 648 363 724 terum,
391 663 432 708 ne
458 643 492 707 in
516 641 738 727 gravissimos
764 648 798 706 et
822 639 1005 706 continuos
1032 660 1165 704 errores
1191 637 1385 726 abripiatur
1410 640 1544 721 critica,

223 755 435 819 necesseest,
455 755 529 813 uta
550 746 655 813 certis
677 746 885 835 quibusdam
909 746 1008 812 lactis
1027 744 1275 835 proficiscatur,
1297 749 1401 834 atque
1422 767 1544 812 eorum

223 858 390 921 tactorum
415 855 611 920 continuam
636 853 805 920 rationem
827 851 966 925 haheat.
994 855 1082 918 llaec
1107 851 1198 918 facta
1222 857 1382 939 suppetat
1407 874 1544 920 necesse

222 967 270 1028 est
288 959 545 1028 hcrrneneutica
565 967 598 1027 et
617 959 771 1026 historia.
798 957 920 1026 Critica
939 957 1013 1039 illa,
1036 980 1124 1048 quae
1144 960 1233 1024 lacta
1252 959 1296 1024 ab
1316 957 1371 1023 his
1393 958 1545 1040 scientiis

222 1067 330 1135 solide
349 1066 500 1134 stabilita
522 1066 672 1152 ignorat,
694 1066 730 1132 iu
750 1063 1027 1155 praesentissimo
1048 1072 1152 1153 atquc
1171 1064 1364 1131 necessario
1385 1070 1544 1133 versatur

223 1174 347 1242 erroris
362 1172 527 1262 periculo.
548 1173 596 1238 Cf.
615 1176 669 1240 CN
690 1196 724 1262 p.
740 1179 760 1237 7
776 1194 827 1260 sq.
847 1170 902 1237 His
919 1171 1016 1237 laetis
1032 1169 1245 1238 accensenda
1258 1176 1337 1238 sunt
1354 1193 1395 1237 ea
1409 1171 1539 1251 omnia,

224 1304 312 1370 quae
330 1304 363 1370 p.
385 1284 606 1346 attonsae
625 1279 871 1358 statuebamus‚
890 1299 973 1367 prae
994 1277 1116 1344 ceteris
1130 1299 1211 1344 vero
1227 1277 1317 1344 lacta
1331 1277 1440 1344 haec:

268 1410 299 1455 a.
328 1386 473 1465 tiorum,
493 1386 516 1452 i.
538 1407 570 1453 e.
591 1384 775 1451 secundam
796 1385 985 1450 orationem
1004 1389 1115 1466 haut,
1134 1383 1269 1473 scripsit
1286 1388 1428 1471 lloyses;
1445 1384 1541 1473 quod

224 1496 351 1561 factum
368 1498 464 1559 [tcut.
480 1498 560 1572 31‚9
579 1492 789 1558 affirmatum
810 1491 934 1556 invicte
955 1491 1178 1557 confirmatur
1194 1489 1289 1556 tactis
1304 1495 1368 1558 los.
1385 1495 1489 1572 2136
1508 1497 1543 1556 et

227 1608 242 1667 1
266 1604 349 1687 [teg.
375 1606 475 1680 1035
496 1597 703 1687 comparatis
722 1619 799 1664 cum
822 1596 875 1675 iis,
894 1619 982 1685 quae
1008 1597 1049 1663 de
1068 1595 1185 1664 indole
1205 1597 1406 1663 collectanei
1427 1595 1545 1663 trade·

227 1707 365 1782 bamus3

269 1813 304 1879 b.
331 1835 414 1878 aero
437 1833 557 1898 regum
581 1809 812 1900 posteriorum
839 1808 991 1876 exitiales
1011 1831 1163 1876 exarsere
1179 1809 1449 1900 persecutiones,
1469 1831 1539 1876 non

225 1925 343 1986 contra
356 1919 542 2007 prophetas
556 1918 680 2000 solum,
696 1917 753 1983 sed
770 1917 853 1982 item
867 1921 987 1983 contra
1002 1916 1109 1982 libros
1123 1938 1250 1984 sacros.

267 2047 296 2091 c.
323 2025 573 2115 pentateuchus
593 2028 724 2090 testum
747 2021 851 2089 habet
874 2045 1015 2113 operose
1037 2023 1250 2104 restitutam
1271 2023 1309 2089 id
1331 2022 1446 2112 quoad
1474 2022 1543 2089 his-

223 2131 346 2198 toriam
362 2130 511 2198 foederis
529 2129 655 2196 diserte
678 2129 872 2195 affirmatur
891 2133 988 2196 lteut.
1009 2135 1110 2209 2929
1127 2129 1212 2218 (28);
1232 2129 1348 2219 quoad
1368 2129 1540 2218 reliquum

224 2238 503 2326 pentateuchum,
521 2242 659 2324 praeter
673 2235 742 2301 alia
758 2234 899 2319 indicia,
916 2235 1088 2320 colligitur
1103 2258 1142 2302 er
1157 2258 1210 2317 ee,
1226 2236 1319 2325 quod
1335 2234 1543 2304 narrationis

225 2348 337 2432 partes
351 2343 487 2430 aliquae
503 2342 595 2407 haud
612 2341 756 2427 exiguae
772 2340 938 2406 dicendae
953 2341 1020 2406 siut
1035 2364 1106 2408 esse
1126 2344 1267 2410 excisae.

268 2449 302 2515 d.
326 2448 579 2514 Collectaneum
605 2453 702 2514 Dent.
732 2452 933 2527 tan-anta
962 2469 1033 2515 non
1064 2454 1114 2514 cst
1134 2451 1266 2537 Moysis,
1294 2448 1353 2515 sed
1376 2446 1544 2515 Samuelis

224 2555 382 2631 auctoris,
401 2559 625 2636 sato-1736
642 2551 860 2642 probabilius
884 2559 932 2620 est
948 2557 1044 2621 losue
1063 2557 1224 2623 auctoris.

269 2663 323 2728 llis
339 2660 524 2727 universim
543 2658 759 2750 praemissis,
778 2661 963 2727 transimus
982 2660 1026 2727 ad
1047 2662 1223 2750 potissima
1237 2663 1434 2730 criticorum
1449 2660 1543 2728 axio-

224 2777 316 2836 mata
335 2772 422 2854 (1.1.
441 2791 475 2856 p.
494 2768 666 2855 taetrum
687 2789 783 2834 sacro
799 2772 889 2833 textu
904 2767 1155 2856 comparanda,
1176 2791 1290 2859 neque
1306 2769 1398 2835 enim
1414 2770 1458 2836 ad
1477 2767 1543 2834 mi·

224 2898 309 2940 nora
333 2896 489 2962 quaeque
510 2874 717 2941 descendere
743 2873 850 2940 lubet.
872 2878 943 2939 Non
968 2876 1217 2957 examinamuS,
1242 2877 1354 2942 sintne
1378 2897 1419 2941 ea
1444 2875 1538 2940 axio-

226 2986 317 3045 mata
336 2979 544 3045 sufficienter
564 2980 811 3059 demonstrata,
834 2979 893 3045 sed
914 3001 973 3060 ea,
992 2979 1041 3046 uti
1063 2987 1318 3070 proponuntur,
1336 2980 1386 3048 ita
1404 2979 1542 3047 interim

226 3085 421 3174 recipimus.
439 3089 512 3151 Non
526 3082 630 3172 plane
644 3083 783 3150 fidimus
802 3083 834 3150 ei
850 3085 1005 3170 criticae,
1026 3109 1132 3176 quam
1151 3087 1287 3177 penitus
1308 3087 1400 3176 fugit
1421 3086 1542 3154 discri-

227 3213 306 3257 men
328 3191 414 3256 illud
442 3189 588 3279 capitale
610 3190 860 3273 collectaneum
884 3189 976 3257 inter
1000 3198 1033 3258 ct
1061 3195 1128 3261 tria
1151 3193 1357 3262 documenta
1380 3193 1542 3261 mosaica.

224 3302 404 3364 Censemus
426 3318 542 3364 sanam
568 3296 722 3364 criticam
751 3296 893 3387 penitus
919 3305 1075 3388 oportere
1102 3299 1266 3368 abdicare
1291 3299 1542 3392 praeiudicium

222 3403 308 3471 illud
324 3404 633 3488 rationalistarum,
653 3403 819 3471 miracula
835 3410 869 3470 et
882 3405 1082 3495 prophetias
1100 3430 1171 3474 esse
1186 3406 1431 3497 impossibilia;
1449 3407 1543 3496 quod

223 3517 312 3579 certe
326 3533 394 3577 non
408 3535 424 3578 e
441 3512 620 3602 principiis
631 3510 767 3579 critices
777 3510 864 3591 fluit,
877 3511 966 3578 sede
982 3515 1098 3601 spuria
1112 3513 1347 3603 philosophia.
1361 3517 1543 3581 Censemus

222 3618 303 3683 item
324 3618 555 3686 abdicandum
576 3641 649 3686 esse
666 3619 855 3708 pruritum,
877 3617 1064 3685 levissimas
1081 3641 1236 3708 quasque
1249 3626 1361 3688 textus
1375 3620 1543 3709 inaequa-

222 3723 335 3789 litates
368 3746 430 3811 pro
462 3726 659 3812 patentibus
692 3723 1024 3792 contradictionibus
1059 3725 1281 3792 divendendi.
1309 3731 1452 3810 Verum,
1489 3725 1543 3792 his

223 3829 385 3897 omnihus
415 3829 560 3919 aliisque
593 3831 861 3920 praetermissis,
891 3831 927 3896 in
954 3829 1045 3898 illud
1080 3854 1172 3899 nunc
1203 3831 1428 3923 inquirimuS,
1459 3830 1544 3921 quid

225 3959 345 4003 eorum
374 3936 585 4004 axiomatum
609 3937 790 4028 interpreti
819 3936 989 4005 catholieo
1016 3937 1060 4005 sit
1085 3938 1241 4005 absolute
1271 3939 1542 4029 repudiandum,

223 4041 306 4130 quid
320 4043 364 4109 ah
377 4067 429 4125 eo,
445 4044 474 4110 si
484 4042 689 4111 sufficientia
703 4044 752 4110 rei
765 4044 952 4111 atterantur
967 4049 1183 4130 argumenta,
1199 4044 1387 4135 aliquando
1403 4044 1546 4113 concedi

224 4150 337 4236 possit.
357 4151 410 4216 llis
432 4172 638 4217 revocamur
659 4149 704 4216 ad
724 4155 874 4239 quatuor
893 4150 954 4215 illa
968 4151 1112 4239 placita,
1130 4174 1218 4240 quae
1235 4176 1269 4242 p.
1287 4158 1349 4219 136
1375 4151 1546 4219 describe-

223 4255 355 4322 hamus.
374 4264 483 4346 Atque
502 4256 545 4322 de
567 4263 591 4323 D
614 4256 744 4322 dictum
771 4261 821 4322 est
843 4256 937 4323 satis.
965 4257 1089 4324 Excisis
1105 4263 1201 4327 Dent.
1227 4265 1341 4340 12-27,
1364 4279 1452 4347 quae
1470 4256 1547 4321 aliis

222 4362 420 4429 auctoribus
444 4362 678 4445 attribuimus,
701 4362 873 4452 reliquum
898 4368 1007 4431 textus
1031 4371 1207 4447 1‚1-31,13
1229 4362 1447 4432 concedimus
1468 4383 1540 4427 esse

222 4491 332 4536 unum
364 4471 564 4536 continuum
594 4474 697 4559 atque
727 4469 908 4558 aequalem
939 4475 1083 4553 textum,
1108 4470 1213 4560 idque
1245 4469 1466 4539 concedimus
1494 4468 1539 4534 ob

223 4577 368 4643 rationes
395 4578 610 4666 potissimum
636 4575 830 4658 historicas;
854 4576 921 4642 stili
951 4575 1178 4644 differentiam
1203 4577 1286 4646 item
1310 4576 1536 4646 admittimus.

222 4683 496 4751 considerandae
514 4689 627 4751 autem
641 4687 823 4772 supersunt
842 4681 1054 4772 quaestiones
1068 4683 1131 4752 hae
1148 4703 1155 4750 ε
