3366 5346
619 281 807 328 rnuranocus
829 282 918 327 naor.
942 269 1092 340 6,t-7,t·l.
1478 279 1516 336 45

200 420 293 484 LXX
308 420 458 484 extremo
481 440 513 484 v.
535 424 553 483 3
574 416 827 484 adscribentes:
846 444 877 477 «1
892 419 930 482 ut
958 417 1043 485 haec
1068 424 1147 485 sunt
1169 425 1295 489 statuta
1315 429 1349 489 et
1367 424 1512 509 indicia,

200 546 287 614 quae
310 522 487 590 mandavit
508 523 670 592 Dominus
687 523 766 590 tiliis
785 523 888 590 lsrael
908 525 944 590 in
960 523 1097 591 deserto
1122 555 1151 592 ».
1175 527 1237 594 Ubi
1256 552 1437 619 perperam
1454 534 1514 600 ad·

198 631 364 720 scripsere
389 658 404 691 o
429 630 467 696 in
490 630 623 697 deserto
644 658 675 698 ».
702 629 858 697 Mandata
880 630 972 696 enim
993 631 1078 698 haec
1098 632 1161 698 hac
1185 635 1298 701 forma
1318 637 1516 706 scribuntur

197 736 418 826 promulgata
440 758 511 804 esse
535 737 571 803 in
592 742 685 803 terra
705 735 817 817 Hoab;
835 735 913 802 dico
933 736 999 802 hac
1013 737 1136 818 forma,
1155 762 1235 806 nam
1256 765 1292 808 re
1307 742 1396 810 nihil
1414 751 1464 812 est
1479 745 1515 812 in

197 842 402 932 pentalogo,
420 844 515 911 cuius
530 842 690 909 servandi
714 865 785 909 non
808 842 877 908 iam
903 843 940 908 in
954 842 1089 909 deserto
1107 845 1268 914 Hebraeis
1289 850 1451 939 imposita
1472 855 1516 919 sit

197 949 378 1037 obligatio.
396 949 701 1017 annuntiabantur
714 951 800 1016 haec
820 948 981 1015 mandata
1001 957 1055 1031 5‚1
1075 972 1082 1019 :
1100 978 1115 1012 a
1134 952 1238 1035 audi,
1256 957 1370 1036 lsrael,
1387 963 1514 1026 statuta

197 1062 231 1122 et
245 1056 388 1138 iudicia,
404 1079 492 1146 quae
507 1078 572 1144 ego
586 1057 713 1146 loquor
730 1055 766 1122 in
789 1054 933 1122 auribus
952 1058 1074 1122 vestris
1092 1057 1195 1124 hodie
1214 1082 1242 1140 »;
1261 1064 1514 1134 annuntiantur

197 1163 384 1230 solemnius
398 1163 501 1230 etiam
513 1168 631 1243 o,1-t·‚
648 1167 682 1228 et
692 1162 838 1228 maxime
850 1162 1048 1229 solemniter
1060 1164 1249 1231 secuudum
1264 1172 1392 1236 textum
1408 1174 1509 1240 Lxx:

196 1276 260 1335 v.1
284 1274 405 1336 «Haec
428 1272 511 1340 sunt
532 1268 694 1336 mandata
716 1273 779 1334 ete.
798 1297 828 1349 »,
843 1290 875 1335 v.
899 1273 954 1333 3«
978 1269 1083 1350 Audi,
1102 1271 1207 1338 lsrael
1230 1300 1260 1356 a,
1283 1272 1363 1341 dein
1384 1281 1511 1344 «Haec

195 1383 274 1442 sunt
288 1381 415 1443 statuta
440 1381 504 1442 etc.
521 1403 550 1458 »,
568 1399 600 1442 v.
617 1382 636 1443 t
653 1401 668 1435 a
683 1373 785 1456 Audi,
805 1373 908 1441 lsrael
930 1403 958 1442 u.
975 1380 1048 1442 Non
1061 1382 1205 1466 potuere
1219 1379 1406 1448 solemnius
1419 1383 1509 1451 invi-

193 1483 259 1548 tari
272 1482 427 1564 Hebraei,
445 1488 483 1548 ut
496 1482 538 1548 ad
552 1480 795 1548 mandatorum
810 1481 930 1547 thorae
949 1483 1263 1571 promulgationem
1279 1488 1506 1558 attenderent.

239 1588 346 1655 Habet
360 1594 475 1655 autem
491 1587 700 1677 pentalogus
718 1608 816 1653 suam
834 1593 911 1670 7,ss
929 1588 1230 1679 subscriptionem,
1249 1616 1352 1683 quem
1372 1618 1508 1663 versum

193 1696 315 1762 merito
328 1695 373 1761 ad
388 1693 629 1784 praecedentia
645 1694 789 1761 trahunt
803 1695 943 1779 Musca,
959 1694 1055 1763 Sam.
1074 1717 1087 1762 .·
1103 1724 1119 1759 a
1137 1699 1275 1766 Custodi
1291 1701 1456 1770 mandata
1476 1708 1509 1770 et

191 1806 317 1868 statuta
331 1806 366 1867 et
378 1801 521 1882 iudicia,
539 1823 628 1890 quae
643 1822 708 1887 ego
725 1800 827 1867 hodie
841 1800 906 1866 tibi
921 1801 1079 1868 facienda
1090 1803 1215 1871 mando
1231 1834 1262 1872 ».

236 1912 326 1983 Quae
350 1907 513 1973 mandata
536 1929 712 1974 censemus
731 1929 802 1973 esse
830 1907 984 1996 quinque
1007 1931 1152 1975 numero
1174 1911 1230 1998 (cl.
1258 1935 1292 2002 p.
1325 1914 1393 2002 18).
1416 1920 1508 1993 Quae

189 2012 329 2098 singula
355 2013 480 2080 iterum
504 2013 696 2101 iterumque
720 2012 870 2079 inculcat
893 2015 1090 2101 paraenesis
1116 2022 1327 2098 rua-nau.
1355 2020 1507 2088 Primum

189 2119 232 2185 de
259 2118 435 2206 diligendo
468 2122 535 2184 Deo
575 2124 747 2200 10,1a.ao;
777 2125 866 2200 11‚1.
894 2119 1089 2185 Secundum
1116 2128 1236 2189 contra
1273 2123 1507 2194 idololatriam

189 2230 221 2304 8,
242 2231 281 2292 19
297 2244 363 2314 sq.;
381 2231 493 2308 11‚16.
513 2226 662 2290 tertium
684 2231 802 2290 contra
817 2225 1043 2290 tentationem
1062 2227 1119 2293 Dei
1135 2234 1294 2308 7‚17-26;
1313 2236 1503 2314 9‚t-10,11.

188 2335 351 2408 Quartum
364 2331 407 2397 de
418 2330 595 2398 servandis
610 2330 795 2396 universim
810 2330 980 2398 mandatis
991 2337 1163 2416 8,1.6.11;
1182 2341 1299 2418 10,13;
1314 2344 1502 2419 11,1.8.13.

188 2443 419 2505 samana-2.
439 2438 598 2516 Quintum
613 2436 656 2502 de
676 2437 902 2525 exstirpandis
919 2437 1082 2523 genubus
1095 2446 1249 2523 arr-ao.
1304 2432 1306 2436 ’

234 2545 319 2611 Tost.
340 2543 440 2610 initio
459 2565 534 2632 cap.
552 2550 571 2609 6
591 2542 733 2609 scribit:
756 2570 772 2602 α
794 2543 913 2608 Positis
926 2566 1031 2633 supra
1048 2547 1240 2635 praeceptis
1260 2548 1430 2636 decalogi,
1448 2552 1504 2619 hic

188 2649 365 2736 subiungit
377 2650 445 2716 alia
459 2654 641 2740 praecepta
656 2677 686 2714 ».
701 2648 867 2715 Censebat
880 2649 952 2738 ipse
968 2671 1044 2715 cum
1057 2652 1162 2740 App„
1176 2656 1264 2737 Est„
1277 2678 1310 2720 v.
1326 2663 1366 2721 13
1382 2656 1504 2724 haberi

187 2755 334 2845 speciale
349 2757 549 2824 mandatum
565 2754 703 2822 iurandi
717 2776 781 2844 per
797 2754 906 2821 solum
921 2776 1049 2822 nomen
1064 2756 1166 2823 lahvc
1179 2780 1186 2839 ;
1200 2758 1259 2824 sed
1274 2759 1363 2825 illud
1376 2761 1505 2829 brevis·

185 2863 309 2930 simum
332 2863 479 2929 incisum
504 2860 756 2928 constructione
779 2859 900 2926 intime
920 2861 1080 2947 iungitur
1102 2864 1398 2951 praecedentibus.
1425 2868 1500 2936 Cei.

185 2970 347 3037 mandata
362 2975 513 3052 6,1-7,11
532 2972 712 3057 comparat
726 2966 900 3055 prioribus
915 2967 1087 3034 mandatis
1105 2992 1112 3036 :
1129 2970 1292 3037 mandato
1307 2971 1503 3042 dilectionis

184 3075 444 3143 etidololatriae
456 3074 689 3164 prohibitione
701 3073 749 3138 ait
758 3073 926 3139 declarari
936 3073 1087 3163 primum
1098 3075 1254 3163 decalogi
1264 3086 1500 3168 praeceptum,

183 3205 215 3250 v.
234 3190 274 3251 tt
288 3183 335 3250 ait
354 3211 369 3242 o
386 3182 523 3248 transiri
539 3180 583 3247 ad
603 3179 790 3246 secundum
812 3186 1034 3268 praeceptum
1052 3209 1082 3258 n,
1101 3183 1342 3270 mandatorum
1363 3187 1501 3253 univer-

181 3287 246 3355 sim
259 3289 533 3356 observationem
548 3285 719 3353 infelicius
733 3286 783 3352 ait
796 3285 962 3353 inculcari
981 3292 1019 3352 ut
1034 3287 1226 3355 remedium
1249 3297 1369 3357 contra
1390 3297 1501 3360 tenta-

180 3397 311 3462 tionem
336 3397 406 3477 Dei,
436 3400 552 3475 7,1-11
575 3394 623 3459 ait
648 3392 810 3481 explicari
832 3397 1055 3481 praeceptum
1082 3397 1137 3461 Er.
1164 3400 1278 3475 23,2t.
1304 3398 1496 3465 Mandatum

180 3501 331 3592 primum
353 3500 544 3569 dilectionis
571 3520 704 3581 omnes,
727 3499 777 3565 uti
808 3503 917 3587 patet,
944 3497 1151 3588 interpretes
1184 3500 1348 3568 catholici
1370 3503 1498 3572 debitis

179 3608 341 3675 laudibus
366 3607 595 3676 celebrarunt.
620 3605 703 3687 Sed,
729 3606 833 3673 eheu!
860 3627 948 3695 quae
974 3611 1175 3693 sequuntur,
1201 3610 1392 3676 tractavere
1415 3633 1497 3699 per-

181 3737 286 3805 quam
302 3715 425 3796 iciune,
443 3714 485 3781 de
506 3735 653 3782 numero
674 3714 798 3779 horum
821 3710 1066 3779 mandatorum
1093 3711 1184 3779 baud
1208 3713 1344 3782 solliciti
1363 3737 1497 3806 expres-

174 3822 291 3907 siones
316 3819 482 3909 quasdam
510 3821 651 3888 summis
680 3819 781 3885 labiis
802 3818 1012 3885 delibavere.
1036 3821 1101 3885 Kn.
1133 3824 1281 3908 quatuor
1305 3823 1497 3910 posteriora

180 3934 332 3997 mantula
350 3927 553 3994 subordinat
569 3926 701 4016 primo,
724 3925 816 4014 quod
833 3947 885 4007 ea,
908 3946 996 4013 quae
1009 3925 1241 4014 praecipiunt,
1262 3927 1373 3993 officia
1387 3927 1497 3996 fluant

178 4059 217 4103 ex
242 4035 353 4103 officio
369 4032 609 4115 monolatriae;
632 4032 725 4122 quod
749 4031 904 4118 legitime
929 4030 1005 4097 lieri
1026 4053 1096 4097 non
1114 4031 1255 4098 infitior.
1278 4034 1497 4102 Recentiores

178 4143 287 4211 critici
317 4141 387 4213 suis
415 4139 659 4231 praeiudicatis
690 4137 927 4227 opinionibus,
953 4137 1200 4204 collectaneum
1240 4160 1309 4206 esse
1336 4141 1496 4210 nucleum

178 4252 270 4319 Deut¹
285 4256 319 4318 et
342 4272 418 4338 cap.
437 4255 603 4316 5-110sse
622 4244 822 4312 collectanei
837 4243 1148 4326 introductionem,
1165 4246 1491 4336 praepediebantur,

179 4357 363 4449 quominus
375 4377 491 4423 veram
504 4352 683 4443 pentalogi
697 4350 852 4418 indolem
865 4350 1112 4440 perspicerent.

215 4611 392 4675 singularem
407 4610 568 4675 opinionem
581 4603 727 4671 profitetur
741 4605 837 4656 vernes
848 4617 876 4668 p.
889 4603 920 4653 18
929 4616 1003 4668 sqq,
1013 4615 1063 4668 pro
1077 4603 1231 4668 pentalogo
1244 4602 1391 4655 adstruens
1400 4614 1490 4651 monc-

178 4696 276 4765 topum.
292 4701 337 4751 Sc.
350 4701 410 4752 tota
418 4698 474 4760 lex,
485 4710 569 4763 quam
578 4695 712 4761 proponit
720 4697 816 4747 orator
827 4693 915 4755 bodie,
927 4697 970 4744 est
980 4705 1114 4756 magnum
1125 4691 1286 4742 mandatum
1298 4691 1380 4741 Deut.
1390 4689 1435 4751 al
1445 4702 1488 4754 sq.
