3366 5346
176 265 216 324 38
728 277 940 323 rsrnooucrro.

178 437 253 504 cap.
273 420 328 480 26.
351 419 405 479 28.
421 418 476 478 29.
496 418 537 478 30
555 432 562 478 :
580 410 690 479 sedin
708 434 816 479 unum
828 416 955 479 textum
973 433 1048 502 cap.
1064 417 1222 493 ear-153
1240 417 1342 479 28-30
1355 414 1499 500 praeter

178 521 335 589 nativum
353 524 545 587 contextum
564 518 687 608 illapsa
705 524 755 585 est
775 519 936 608 pericope
957 525 1197 602 eale-2736.

224 626 375 694 Tandem
398 650 417 692 a
441 647 501 692 suo
522 630 616 692 Deut.
640 624 849 715 primigenio
870 626 986 692 eximit
1004 624 1130 691 Wellh.
1153 624 1494 707 eternam-1132.

136 727 137 730 ¹
179 740 285 814 Quam
304 733 488 823 pericopen
504 732 622 799 asserit
641 754 734 798 nunc
749 731 889 822 quidem
904 731 1154 799 collectaneum
1170 730 1373 798 antecedere
1389 753 1495 820 prae-

179 840 311 909 ambuli
331 840 448 921 instar,
473 838 629 929 primitus
645 843 759 904 tamen
783 860 852 904 non
871 861 911 904 eo
926 839 994 905 line
1014 838 1257 905 concinnatam
1278 860 1364 919 esse,
1387 843 1424 904 ut
1439 859 1494 904 es·

178 952 228 1015 set
252 945 451 1013 collectanei
480 944 754 1034 praeambulum.
780 949 888 1034 Atque
918 946 965 1012 ita
991 968 1030 1012 eo
1058 943 1209 1033 denique
1238 943 1431 1023 deducitur,
1455 949 1495 1010 ut

176 1054 382 1144 pronuntiet
393 1056 492 1117 Dect.
508 1051 755 1141 primipeniam
778 1074 846 1117 esse
865 1051 975 1117 solam
992 1050 1237 1118 collectaneum
1256 1050 1372 1140 leptim
1390 1053 1491 1116 Decet.

181 1159 302 1242 19-96,
321 1159 418 1226 euius
432 1158 610 1248 inscriptio
625 1157 795 1225 habeatur
811 1164 900 1240 ΜΛ,
916 1157 1121 1247 subscriptio
1137 1158 1185 1247 (l)
1200 1164 1379 1241 earo-19.

223 1271 320 1333 Dent.
341 1273 398 1334 l-t
415 1270 449 1331 et
463 1272 538 1332 5-11
554 1263 674 1330 definit
685 1287 756 1331 esse
772 1264 840 1330 duo
855 1264 1057 1332 collectanei
1071 1264 1296 1354 praeambula
1312 1263 1492 1353 parallelo,

177 1379 280 1463 atque
299 1374 348 1439 ita
361 1371 501 1439 tandem
520 1371 629 1438 nostri
650 1376 743 1438 Deut.
763 1371 917 1458 genesim
935 1371 1045 1439 tribus
1062 1371 1166 1438 veluti
1186 1371 1343 1462 passibus
1364 1369 1494 1436 descri-

177 1479 255 1546 hit:

78 1567 82 1574 ¹
223 1608 255 1652 a.
271 1590 365 1652 Deut.
384 1583 631 1674 primigenium
647 1583 754 1650 habes
764 1606 838 1673 cap.
859 1590 973 1666 mee,
988 1583 1085 1650 cuius
1099 1582 1218 1672 aliqua
1233 1583 1372 1676 fortasse
1385 1581 1494 1648 inter·

177 1690 299 1774 ierint,
328 1714 361 1757 v.
388 1713 423 1777 g.
449 1690 704 1758 maledictiones
729 1691 882 1780 aliquae,
910 1713 931 1757 a
955 1689 1270 1771 maledictionibuS,
1296 1711 1380 1779 quas
1401 1710 1494 1754 nune

177 1802 288 1865 textus
301 1797 417 1877 habet,
432 1796 595 1864 diversae.

222 1903 257 1970 b.
285 1902 389 1970 lluius
410 1908 506 1970 neus.
533 1904 733 1992 primigenii
757 1925 835 1969 mox
861 1902 1190 1970 circumferebantur
1213 1902 1302 1969 duae
1328 1899 1494 1967 editiones

178 2017 298 2079 auctae
317 2030 324 2076 :
343 2032 411 2076 una
428 2016 602 2092 1,1-l,et;
620 2017 735 2092 12-263
752 2017 811 2092 273
827 2011 989 2078 -altera
1005 2014 1218 2090 t‚t5-11,32;
1240 2014 1355 2087 12-263
1374 2013 1489 2073 aa-ao.

222 2140 251 2182 c.
272 2123 361 2195 Quae
375 2117 463 2182 duae
478 2117 642 2183 editiones
655 2119 743 2183 inter
757 2139 792 2183 se
808 2118 966 2184 contusae
984 2122 1141 2183 nostrum
1156 2115 1298 2181 effecere
1311 2119 1406 2181 Deut.

223 2228 314 2308 Ergo
329 2245 369 2287 eo
390 2222 528 2288 tandem
548 2222 687 2288 devenit
704 2223 841 2306 uella,
859 2229 896 2288 ut
908 2227 1042 2311 partem
1057 2227 1154 2289 Dent.
1172 2220 1326 2287 omnium
1347 2219 1494 2287 maxime

179 2327 423 2418 primigeniam
443 2333 477 2394 et
496 2329 720 2396 necessariam
740 2330 938 2419 pronuntiet
957 2351 1029 2396 esse
1044 2327 1308 2408 collectaneum,
1331 2326 1425 2416 quod
1440 2331 1493 2391 to-

179 2441 253 2502 tum
268 2440 318 2500 est
340 2434 465 2502 diversi
488 2456 508 2500 a
532 2435 673 2524 reliquis
694 2444 727 2501 et
750 2435 946 2525 posterioris
968 2436 1129 2515 auctoris,
1152 2440 1237 2501 teste
1254 2439 1347 2499 textu
1371 2440 1385 2498 1
1405 2436 1490 2518 Reg.

181 2547 282 2622 10‚25
303 2546 399 2607 Deul⁰
421 2542 607 2625 insertum,
629 2541 804 2632 quodiam
829 2545 931 2609 antea
954 2540 997 2608 ad
1020 2540 1108 2608 latus
1128 2562 1227 2608 arcae
1240 2538 1491 2606 asservabatur.

179 2647 355 2726 Quomodo
380 2647 491 2738 potuit
512 2653 642 2732 auctor,
669 2671 690 2714 a
712 2656 781 2717 tam
805 2653 1028 2739 praepostera
1049 2647 1286 2736 suppositione
1307 2645 1492 2735 proiectus,

176 2754 368 2841 genuinam
391 2753 472 2821 libri
492 2754 627 2822 tradere
648 2756 931 2845 explicationem?
954 2753 1188 2844 suppositioni
1212 2759 1327 2819 autem
1348 2750 1401 2817 illi
1424 2749 1495 2818 evi-

179 2860 300 2927 denter
313 2867 486 2948 repugnat
502 2882 509 2927 :

112 3015 113 3020 η
224 2989 256 3032 a.
276 2977 451 3031 conterno
469 2967 574 3031 totius
593 2970 706 3051 Decet,
726 2989 828 3055 quem
843 2990 877 3056 p.
906 2973 967 3033 193
989 2968 1037 3034 ita
1057 2965 1205 3055 explicat
1224 2964 1349 3033 Wellh.
1372 2986 1380 3032 :
1400 2991 1416 3026 α
1435 2967 1498 3031 Le-

180 3092 264 3157 gum
286 3070 489 3156 singillatim
512 3071 817 3150 describendarum
842 3073 976 3140 nonnisi
1003 3096 1078 3163 cap.
1108 3079 1149 3139 12
1174 3072 1212 3138 lit
1235 3071 1384 3138 initium.
1410 3073 1494 3159 Cap.

181 3183 262 3244 5-11
283 3181 408 3264 lloyses
428 3184 623 3244 constanter
638 3180 675 3245 in
696 3203 735 3246 eo
751 3186 810 3260 est,
829 3186 865 3245 ut
880 3179 922 3246 de
947 3179 1080 3267 legibus
1101 3201 1204 3266 agere
1225 3178 1382 3267 incipiat,
1407 3198 1497 3244 nun-

181 3305 287 3372 quam
309 3288 422 3349 tamen
441 3283 484 3349 de
500 3284 570 3351 illis
584 3285 669 3373 agit.
688 3291 758 3353 lam
778 3293 833 3367 5,1
858 3288 1040 3353 annuntiat
1060 3308 1094 3351 se
1114 3289 1341 3351 tractaturum
1364 3304 1436 3350 esse
1452 3282 1496 3348 de

59 3424 63 3430 ·
181 3389 312 3456 statutis
323 3396 357 3455 et
369 3389 505 3457 iudiciis
520 3392 555 3456 in
572 3393 819 3458 chanaanitide
835 3393 994 3483 apopulo
1010 3391 1250 3473 observandis;
1268 3411 1386 3457 verum
1401 3387 1495 3456 illico

179 3488 381 3586 implicatur
392 3497 619 3565 describendo
635 3498 750 3579 mode,
765 3522 833 3588 quo
850 3505 927 3566 ante
947 3506 987 3567 ll)
1001 3521 1108 3565 annos
1121 3497 1181 3563 illa
1192 3501 1319 3563 statuta
1331 3496 1367 3562 in
1381 3500 1498 3562 monte

182 3603 290 3667 lloreb
305 3603 486 3693 acceperit,
503 3605 697 3694 postulante
709 3606 848 3694 populo,
865 3611 903 3671 ut
915 3605 988 3695 ipse
1001 3603 1201 3687 mediatoris
1216 3607 1348 3693 partem
1366 3606 1496 3688 ageret.

182 3705 281 3773 Initio
302 3729 376 3797 cap.
398 3714 417 3774 6
433 3731 569 3776 rursum
585 3712 620 3777 in
638 3735 678 3778 eo
698 3718 763 3792 est,
784 3718 822 3777 ut
840 3718 967 3778 statuta
982 3717 1014 3778 et
1032 3710 1160 3778 iudicia
1178 3709 1308 3791 recitet,
1327 3707 1388 3774 sed
1403 3707 1498 3774 dela-

181 3814 277 3880 bitur
297 3812 340 3880 ad
365 3817 630 3905 proponendum
649 3817 855 3905 legislatoris
874 3839 1027 3884 amorem
1049 3840 1112 3907 pro
1135 3817 1265 3883 motivo
1287 3815 1406 3900 legum
1426 3835 1499 3880 ser-

181 3920 386 3989 vandarum.
412 3923 638 4011 Sequentibus
662 3924 833 4014 capitibus
862 3947 969 4014 usque
992 3923 1146 3990 abutitur
1174 3926 1294 3989 nostra
1316 3918 1495 4011 patientia.

181 4030 321 4116 Semper
339 4030 494 4117 loquitur
508 4028 551 4094 de
570 4030 704 4096 statutis
719 4036 752 4096 et
773 4031 918 4109 iudiciis,
945 4058 960 4092 (ε
980 4053 1067 4121 quae
1092 4028 1270 4116 egohodie
1286 4027 1499 4117 praecipiam

181 4131 248 4198 tibi
264 4152 298 4213 »ς
319 4139 445 4201 statuta
457 4136 532 4225 ipsa
547 4158 616 4202 non
630 4138 804 4226 proponit.
818 4141 897 4225 Cap.
921 4144 940 4202 7
961 4160 1011 4227 sq.
1034 4136 1221 4226 anticipare
1241 4140 1386 4201 conatur
1402 4132 1499 4201 varia

182 4237 347 4328 pericula,
364 4263 451 4329 quae
466 4248 544 4330 post
558 4243 750 4330 ingressum
771 4243 1028 4310 chanaanitidis
1044 4243 1241 4330 neglectum
1256 4239 1498 4327 mandatorum

181 4345 271 4411 forte
294 4348 363 4412 sint
389 4347 589 4432 induetura;
617 4349 737 4431 etiam,
764 4349 824 4417 ubi
847 4351 981 4418 deserto
1005 4349 1247 4427 valedixerini,
1270 4345 1499 4414 necessariam

181 4451 255 4518 fore
271 4454 420 4537 gratiam
434 4455 547 4538 lahve,
565 4479 700 4546 semper
713 4456 784 4524 eius
796 4457 1072 4544 indignationem
1087 4458 1160 4524 fore
1177 4454 1380 4522 timendam.
1404 4449 1499 4519 Unde

182 4558 355 4626 delabitur
378 4566 495 4628 orator
519 4562 556 4629 in
580 4563 721 4652 longam
743 4564 786 4631 de
810 4563 918 4633 vitulo
940 4586 1045 4631 aureo
1069 4563 1329 4650 digressionem.
1356 4556 1500 4626 Nonnisi

184 4670 284 4747 10,1a
296 4688 371 4760 sqq.
394 4669 484 4738 redit
497 4669 542 4738 ad
557 4668 797 4742 inculcandam
813 4671 1086 4740 observationem
1102 4670 1357 4751 mandatorum,
1373 4672 1407 4734 et
1419 4688 1496 4755 cap.
