3366 5346
519 301 549 359 8.
572 316 625 359 rar
648 315 685 360 aa
706 315 854 361 ronanus
878 317 883 358 :
908 316 997 360 naur.
1024 301 1095 372 171)
1116 319 1182 370 soa.
1450 304 1506 361 357

189 457 239 516 est
260 451 414 539 pontifex
429 472 541 538 neque
566 471 635 531 rex,
657 449 717 539 qui
738 473 818 517 sane
840 472 980 518 suorum
1000 451 1191 518 officiorum
1207 451 1313 518 titulis
1335 452 1506 541 exprime·

189 564 320 639 rentur,
338 579 448 646 neque
462 578 645 646 supremus
660 556 762 623 iudex
775 557 886 623 tribus
898 557 987 638 Levi,
1006 557 1152 647 quierat
1167 559 1240 647 ipse
1255 559 1426 648 pontifex3
1445 560 1506 625 sed

189 663 305 747 iader,
329 663 390 752 pei
404 663 516 752 suerit
533 662 568 728 in
594 660 712 729 diebus
732 661 814 749 iltis,
838 669 872 744 ’ἐς
891 670 923 731 ἂν
948 674 1083 751 γένηται,
1103 664 1261 751 designat
1275 665 1425 733 iudicem
1443 665 1507 731 ali-

189 769 303 858 quem,
330 770 390 858 qui
412 792 481 836 non
504 768 664 835 omnibus
688 769 850 837 continuo
874 770 1088 859 temporibus
1108 771 1299 838 necessario
1321 771 1503 854 habeatur,

188 898 290 965 quem
314 882 400 943 Deus
428 877 497 943 suis
518 876 733 965 temporibus
761 876 914 956 suscitet,
941 876 1091 944 iudicem
1114 877 1233 967 quales
1252 879 1288 943 in
1313 877 1404 944 libro
1428 878 1502 944 lud.

188 982 441 1064 describuntur,
464 984 760 1072 praefueruntque
776 983 936 1050 omnibus
951 989 1010 1049 aut
1031 989 1121 1050 certe
1143 982 1318 1074 aliquibus
1333 983 1503 1051 tribubus.

187 1089 242 1155 Se.
256 1102 373 1156 nostra
395 1089 477 1156 haee
498 1089 554 1155 lea
577 1112 659 1156 aetio
681 1088 834 1155 indicem
859 1101 920 1155 (iret
939 1102 1024 1155 nata
1048 1105 1109 1155 eut
1130 1103 1219 1157 certe
1235 1089 1271 1155 in
1292 1102 1506 1180 praesentem

182 1199 335 1284 forestam
350 1196 487 1263 redacta
500 1208 559 1263 est.
575 1196 689 1262 Merito
706 1195 778 1263 Coi.
800 1219 807 1265 :
827 1224 842 1257 a
860 1200 898 1262 ln
911 1196 976 1263 hoc
990 1196 1227 1263 manifestatur
1241 1196 1388 1263 intenlio
1404 1196 1502 1283 legis,

187 1308 225 1369 ut
240 1304 393 1392 pontifex
411 1309 445 1368 et
465 1302 567 1369 iudex
589 1301 692 1369 simul
715 1309 837 1389 regant
852 1303 1019 1392 populum
1037 1330 1068 1370 a.
1096 1309 1168 1371 lmo
1183 1303 1405 1370 manifestant
1417 1302 1505 1369 desi·

190 1407 325 1476 derium
348 1410 454 1475 nostri
473 1409 632 1489 oratoris,
655 1415 689 1474 et
706 1409 778 1475 sine
795 1408 903 1477 dubio
924 1409 1075 1476 universi
1091 1408 1174 1476 item
1194 1409 1325 1476 ordinis
1346 1410 1505 1477 sacerdo-

187 1519 273 1595 tum,
300 1520 339 1582 ut
363 1515 465 1583 iudex
495 1537 605 1604 prope
631 1515 864 1582 sanctuarium
889 1516 1032 1599 adesset,
1063 1515 1184 1583 saltem
1217 1520 1372 1606 tempore
1399 1517 1504 1583 trium

187 1625 371 1709 quotannis
385 1622 653 1688 solemnitatum.
674 1626 797 1708 Legem
813 1623 901 1689 hanc
916 1621 1136 1712 postmodum
1149 1623 1197 1690 ita
1212 1622 1402 1712 applicavit
1414 1627 1504 1689 losa·

187 1727 282 1815 pltat,
299 1733 336 1794 ut
351 1727 504 1795 tribunal
518 1749 717 1817 supremum
734 1728 976 1815 Hierosolymis
990 1733 1160 1796 constaret
1175 1728 1300 1812 levitis
1317 1728 1504 1795 sacerdoti-

131 1908 134 1912 ,
186 1832 249 1899 bus
264 1839 297 1899 et
314 1833 485 1923 capitibus
504 1833 754 1924 patroeciarum
778 1834 929 1915 israelis,
950 1834 1004 1900 eui
1024 1835 1060 1901 in
1079 1835 1191 1901 causis
1204 1835 1310 1902 sacris
1325 1834 1503 1923 praeside·

149 1985 153 1992 -
186 1945 238 2004 ret
260 1940 427 2029 pontifex,
456 1940 493 2006 in
517 1940 627 2007 causis
644 1939 804 2007 civilibus
823 1941 983 2030 princeps
1003 1939 1126 2008 domus
1151 1940 1247 2006 luda.
1274 1944 1380 2006 Erant
1397 1939 1505 2026 igitur

184 2046 376 2114 virtualiter
393 2046 461 2112 duo
480 2045 679 2127 tribunalia,
703 2047 966 2113 ecclesiasticum
982 2068 1102 2127 unum,
1121 2045 1221 2113 civile
1241 2032 1402 2113 alterum.
1422 2051 1503 2112 For-

187 2158 273 2217 tasse
296 2152 333 2218 in
355 2153 408 2218 uis
431 2152 591 2241 losaphat
616 2151 830 2219 adhaerebat
851 2152 940 2219 mori
963 2152 1153 2242 antiquitus
1179 2152 1318 2220 tradito.
1349 2150 1502 2218 ludicum

185 2281 268 2324 aevo
284 2281 402 2325 causas
420 2258 608 2325 audiebant
630 2263 664 2325 et
680 2258 891 2326 dirimebant
908 2259 1038 2327 iudices
1057 2258 1163 2324 etiam
1177 2258 1269 2342 aliis,
1287 2279 1392 2348 quam
1408 2257 1504 2348 apud

185 2366 417 2432 sanctuarium
443 2364 526 2431 locis
559 2386 567 2431 ε
600 2370 617 2430 1
645 2368 729 2452 fleg.
759 2372 839 2445 7,15
866 2387 961 2455 sqq.;
993 2364 1098 2455 idque
1123 2364 1195 2432 fere
1226 2364 1504 2455 consequebatur

187 2499 203 2533 «
228 2471 384 2537 iudicis»
406 2492 533 2537 nomen
549 2476 582 2537 et
594 2470 758 2538 officium.
776 2476 961 2539 Fortasse«
979 2471 1146 2537 iudicium
1162 2473 1265 2539 lchve
1283 2499 1313 2553 »‚
1330 2473 1503 2539 sententia

184 2576 286 2666 plane
311 2576 556 2655 irrevocabilis,
578 2576 798 2665 pronuntiari
820 2599 886 2643 non
904 2583 1040 2666 poterat
1058 2577 1124 2643 nisi
1146 2576 1239 2665 apud
1255 2578 1498 2655 sanctuarium,

185 2682 387 2770 praesertim
409 2704 487 2748 cum
507 2681 719 2770 quandoque
743 2681 919 2748 videretur
944 2682 1196 2749 consulendum
1216 2683 1395 2748 oraculum
1410 2684 1501 2749 Urim

184 2794 218 2854 et
233 2788 426 2854 Tbummim
445 2787 502 2876 (cf.
519 2792 620 2854 Num.
635 2793 736 2869 aaut
749 2809 816 2855 sec.
832 2788 964 2876 Heba).
981 2787 1133 2855 Diximus
1145 2791 1296 2855 nostram
1307 2788 1421 2875 legem
1436 2789 1501 2855 hae

183 2895 295 2960 forma
314 2893 553 2960 concinnatam
574 2891 682 2966 videri
696 2916 781 2960 aevo
802 2893 968 2961 iudicum.
988 2897 1062 2960 Non
1083 2898 1237 2984 tempore
1256 2894 1340 2976 lleli,
1360 2893 1501 2983 quando

182 3000 275 3066 idem
286 3003 360 3067 crat
374 3005 407 3066 et
420 2999 523 3068 iudex
536 3005 569 3066 et
579 2999 744 3089 pontifex,
758 3022 871 3090 neque
888 3024 920 3067 v.
940 3008 960 3068 9
973 3000 1167 3068 efferendus
1183 3005 1267 3067 esset
1278 3000 1383 3068 iudex
1395 3000 1500 3067 tacito

183 3106 355 3195 pontifice.
380 3112 496 3195 Neque
520 3111 676 3196 tempore
695 3107 874 3190 Samuelis,
895 3108 1035 3198 quando
1050 3106 1086 3173 in
1102 3107 1255 3173 omnium
1271 3106 1395 3174 animis
1412 3113 1500 3175 esset

183 3212 272 3302 repis
288 3212 510 3280 desiderium.
529 3218 618 3299 Ergo
633 3219 714 3280 ante
729 3213 814 3281 lleli.

226 3341 258 3386 v.
284 3325 357 3385 10«
376 3319 788 3410 Etsaeiesqnodennque
811 3320 975 3404 dixerint,
1001 3320 1063 3409 qui
1077 3320 1265 3410 [praesunt]
1287 3320 1371 3404 loco,
1397 3341 1499 3407 quern

183 3424 324 3513 cleperit
345 3426 521 3509 llorninns,
547 3438 579 3492 et
602 3454 617 3486 »
635 3426 828 3492 observabis
846 3438 877 3492 et
898 3426 1007 3511 socies
1027 3425 1155 3509 omnio,
1173 3447 1262 3514 perae
1280 3454 1295 3485 (ι
1322 3425 1499 3491 docererint

184 3542 215 3595 te
234 3558 262 3613 a,
280 3531 409 3599 Heba:
437 3530 531 3620 quod
552 3531 829 3621 siqnifieocerint
851 3530 915 3597 tibi
939 3531 980 3598 de
998 3531 1081 3617 loce,
1101 3552 1203 3621 quem
1222 3542 1285 3596 ete.
1310 3552 1318 3598 ε
1344 3529 1500 3620 specialis

183 3637 291 3701 virtus
309 3636 397 3702 inest
418 3637 471 3719 iis,
499 3660 587 3726 quae
611 3660 650 3703 ex
674 3637 735 3705 illo
755 3638 830 3705 loco
855 3637 1132 3728 proficiscuntur.
1160 3638 1263 3702 Hebr.
1290 3650 1380 3722 ‘plu
1406 3636 1498 3703 unde

183 3756 272 3821 alin,
295 3741 387 3830 quod
412 3765 443 3810 v.
473 3749 510 3809 11
539 3744 713 3811 scribitur.
739 3759 814 3809 nun
840 3743 991 3833 diripere
1012 3746 1082 3832 (Ex.
1106 3749 1197 3825 blf.
1225 3742 1291 3831 15),
1317 3742 1399 3809 hinc
1419 3758 1496 3807 nun

182 3848 322 3915 directio
329 3868 344 3933 ,·
355 3854 434 3915 sunt
450 3848 591 3915 termini
605 3849 754 3916 technici
770 3873 835 3940 pro
850 3849 1052 3933 directione,
1070 3871 1174 3939 quam
1194 3871 1257 3940 pro
1272 3871 1332 3916 sua
1350 3849 1498 3915 auctori-

183 3961 250 4022 tate
272 3954 463 4022 sacerdotes
483 3953 730 4045 impertiuntur
754 3956 853 4023 laicis
875 3956 988 4047 quoad
1012 3957 1106 4044 leges
1125 3954 1383 4037 ceremoniales,
1408 3977 1441 4022 v.
1459 3977 1494 4043 g.

181 4067 277 4144 aaa
293 4068 411 4143 33,1o;
432 4066 510 4130 lev.
536 4067 652 4145 10,11;
677 4068 793 4142 11,aa;
819 4067 1211 4146 13‚5a;1t‚st;15‚a·2;
1233 4065 1331 4128 aum.
1347 4067 1444 4143 aaa
1461 4068 1493 4144 a,

181 4174 219 4233 el
235 4175 298 4235 etc.
310 4193 317 4250 ;
331 4175 509 4268 practerea
518 4168 717 4256 significant
727 4170 838 4255 legem
851 4155 1122 4257 generatimst.
1137 4173 1196 4237 Dr.
1210 4174 1286 4236 etv.
1298 4191 1326 4236 s.
1337 4192 1372 4258 p.
1389 4175 1431 4236 66
1441 4190 1493 4258 sq.

180 4275 294 4341 Prima
309 4297 342 4341 v.
360 4282 399 4361 11
422 4275 525 4342 verba
548 4275 647 4364 Vulp.
665 4275 773 4342 trahit
785 4275 828 4342 ad
843 4276 1109 4366 praecedentia:
1130 4305 1145 4336 α
1163 4275 1264 4342 irrata
1282 4274 1391 4364 leqem
1406 4277 1497 4359 eins,·

180 4381 399 4470 sequerisque
414 4381 620 4448 sententiam
636 4404 753 4449 eorum
770 4411 802 4450 ».
824 4383 889 4449 Sed
906 4382 1008 4451 Hebi.
1032 4405 1039 4451 :
1058 4381 1245 4449 secandum
1260 4381 1493 4465 directionem,

181 4508 251 4575 qno
264 4485 412 4575 diriperet
426 4501 470 4572 te,
488 4500 521 4554 et
533 4488 722 4556 seeundum
735 4488 916 4576 iudicium,
931 4489 1026 4580 quod
1038 4488 1153 4556 dicent
1168 4489 1241 4576 tibi,
1253 4490 1377 4579 socies.
1393 4516 1410 4548 «
1426 4489 1495 4554 Nee

181 4592 367 4658 declinabis
383 4593 430 4659 ad
443 4593 618 4663 denterom
636 4594 807 4686 nequead
824 4596 1000 4663 sinistram
1017 4625 1046 4664 a.
1071 4620 1102 4662 v.
1122 4603 1164 4662 12
1188 4626 1203 4657 «
1228 4596 1296 4676 Qui
1310 4607 1425 4661 aretem
1440 4615 1495 4659 sn-

177 4697 340 4787 perdierit
362 4727 392 4784 n,
416 4700 602 4771 insolenter
616 4703 738 4791 egerit,
765 4731 781 4765 u
804 4703 923 4770 nolens
945 4703 1080 4771 odedire
1103 4701 1288 4769 sacerdotis
1313 4700 1490 4789 lintpere'ol,
