3366 5346
295 321 344 378 31.
369 334 422 377 unx
444 332 480 375 nn
502 331 707 376 tnnrrraunis
730 334 760 376 ru
783 333 948 378 necnesmn
972 335 979 378 :
1004 335 1093 378 usur.
1117 318 1238 388 aar-8.
1377 320 1433 377 toa

121 469 410 535 circumcisionem
436 471 631 554 susceptam
650 467 800 534 eunuchi
823 467 923 546 fiant3
945 490 1016 533 non
1046 467 1276 534 exeluduntur
1297 472 1433 558 Aegyp·

122 577 160 642 tii
181 581 243 642 etc.
272 575 297 639 ii
325 573 396 662 qui,
419 571 557 661 quando
581 573 665 640 haec
691 573 745 640 lex
772 574 957 657 ferebatur,
976 575 1233 641 circumcisione
1258 575 1328 640 ianr
1352 575 1433 640 iacti

121 689 219 748 crant
237 681 397 762 lleb1·aei;
418 679 597 767 multoque
617 678 731 746 minus
745 680 947 747 eorumdem
962 680 1091 771 posteri
1109 680 1349 748 excluduntur.

166 787 396 854 Excluduntur
417 807 522 876 porro
546 785 698 875 primum
722 786 905 854 inclioidao
935 787 1120 877 quaedam,
1146 787 1312 870 eunuchi}
1339 787 1435 856 ouius

121 897 171 962 rci
198 893 367 962 rationem
399 914 521 959 censeo
547 913 634 972 esse,
659 914 729 959 non
759 894 957 961 evirationis
989 894 1182 976 horrorem,
1198 916 1300 984 quem
1328 900 1365 960 Υ.
1398 898 1433 959 T.

22 1069 26 1081 ,
120 1004 271 1090 ignorat,
293 999 353 1067 sed
375 1001 423 1066 rei
447 999 690 1080 indecentiam,
712 1006 751 1067 ut
772 1001 926 1086 sigillum
951 1000 1103 1068 foederis
1132 1000 1346 1067 abrabamici
1371 1000 1437 1065 im·
1496 1044 1498 1049 -

121 1109 331 1199 primeretnr
345 1106 501 1173 membro
517 1105 686 1172 mutilato.
703 1092 858 1184 Quicum
874 1107 1076 1197 posteritate
1092 1112 1260 1189 carerent,
1276 1129 1346 1178 non
1367 1111 1440 1173 erat

121 1214 386 1282 adscribendum
407 1235 512 1302 usqae
534 1212 622 1280 ad...
644 1215 913 1301 perorationem.
931 1213 1165 1281 Excluduotur
1184 1213 1332 1280 secundo
1356 1236 1440 1302 pea-

123 1335 169 1388 tes
191 1320 441 1401 :Ammonitae,
460 1319 638 1400 Moabitae,
660 1320 825 1403 Idumaei,
840 1321 1014 1411 Aegyptii.
1032 1325 1121 1387 lnter
1138 1320 1200 1388 has
1220 1321 1305 1388 duas
1319 1321 1441 1387 classes

122 1429 325 1496 interiacent
344 1450 376 1493 v.
391 1426 462 1514 2(3)
479 1448 641 1511 manner,
660 1426 720 1515 qui
744 1427 789 1493 ad
810 1433 967 1507 ratramne
990 1428 1132 1495 classem
1154 1427 1351 1516 pertineant
1369 1448 1441 1493 am-

124 1535 265 1622 bigitur.
282 1539 412 1601 Nomen
427 1534 674 1622 transcripsere
692 1535 757 1624 Aq.
778 1536 911 1624 Syrum.
932 1535 1046 1624 Vulp.;
1065 1537 1156 1601 LXX
1173 1533 1273 1622 Vulq.
1292 1537 1346 1600 Pr.
1365 1536 1437 1600 lon.

122 1642 295 1731 explicant
309 1640 423 1728 filiam
443 1639 641 1724 meretricis,
661 1645 695 1706 et
714 1641 792 1729 Syr.
814 1641 931 1730 filiam
953 1640 1143 1707 aditlterae.
1164 1640 1312 1707 Rabbini
1331 1640 1441 1730 aliqui

124 1749 181 1836 (cf.
199 1750 226 1814 I.
244 1751 334 1835 Levy
357 1770 364 1814 :
387 1745 629 1814 Chaldaiscbcs
648 1748 876 1815 Wiirterbuob
894 1747 983 1814 ttber
998 1748 1053 1814 die
1072 1748 1285 1834 Targnmim,
1302 1747 1439 1836 Leipzig

124 1855 223 1942 1881)
239 1875 356 1921 vocem
379 1851 563 1942 explicant,
581 1860 618 1919 ut
644 1853 783 1921 denotet
804 1860 923 1920 natum
945 1877 962 1920 e
987 1854 1142 1944 quolibet
1164 1853 1347 1920 concubitu
1371 1853 1441 1919 illi-

122 1964 205 2043 oito,
227 1983 296 2049 quo
320 1982 420 2026 sensu
446 1959 520 2048 ipse
549 1960 667 2048 lephte
692 1966 766 2026 erat
789 1982 957 2040 mamzer,
979 1961 1039 2027 alii
1061 1960 1238 2028 sufficiunt
1259 1965 1377 2025 natum
1402 1983 1441 2026 cx

122 2067 290 2134 eiusmodi
314 2065 510 2148 concubitu,
529 2086 632 2154 quem
655 2066 709 2133 lex
733 2072 843 2132 morte
867 2066 979 2156 punit,
1003 2074 1072 2155 quo
1101 2088 1202 2161 sensu
1230 2087 1349 2132 omnes
1368 2071 1459 2135 tum.

123 2174 250 2264 posteri
273 2174 398 2240 Phares
421 2178 456 2238 et
480 2177 578 2255 Zara,
603 2176 675 2238 tota
701 2173 773 2240 fere
790 2172 909 2243 ‚tribus
935 2172 1019 2239 luda
1045 2179 1145 2239 erant
1177 2194 1340 2239 mamzer.
1374 2178 1440 2239 Hae

123 2281 292 2348 versiones
317 2285 350 2346 et
373 2278 617 2368 explicationes
641 2300 759 2345 omnes
783 2285 984 2370 supponunt
1009 2280 1067 2366 agi
1089 2280 1132 2345 de
1155 2278 1343 2345 individuis
1367 2280 1441 2368 qui-

123 2386 283 2469 busdam,
307 2386 504 2452 innituntur
530 2386 734 2452 commentis
758 2385 946 2452 rabbinicis
977 2391 1010 2452 et
1040 2386 1272 2473 etymologiae
1298 2384 1440 2451 minime

124 2499 234 2558 certae
257 2515 276 2558 a
295 2493 399 2558 verbo
419 2507 489 2563 nm,
509 2493 604 2557 onius
628 2513 745 2558 sensus
766 2514 838 2558 esse
859 2492 1011 2558 creditur
1030 2505 1243 2581 corruptum,
1263 2491 1440 2559 sordidum

124 2621 192 2665 asse
209 2622 217 2663 :
235 2619 318 2683 orgo
333 2598 491 2664 homines
510 2596 668 2663 sordidae
685 2596 841 2683 originis,
860 2596 1024 2663 bastardi.

169 2704 273 2772 Unico
298 2703 365 2770 alio
393 2707 486 2770 textu
517 2701 645 2788 legitur
669 2717 766 2775 itam,
796 2703 899 2770 Zach.
930 2712 986 2785 9,5
1014 2725 1064 2792 sq.
1100 2704 1272 2770 :Videbit
1297 2704 1441 2771 Ascalon

124 2819 157 2878 ct
171 2810 319 2891 timebit,
334 2814 368 2876 et
384 2814 472 2877 Gaza
485 2813 518 2874 et
533 2807 664 2875 dolebit
677 2808 795 2892 valde3
814 2816 849 2876 et
860 2814 1026 2889 Accaron,
1042 2810 1124 2898 quia
1139 2809 1264 2877 deiecit
1279 2832 1354 2900 spes
1368 2811 1440 2877 eius

122 2918 294 3008 periitque
323 2939 382 2984 ren
407 2920 509 2997 Gaza;
534 2919 567 2982 et
592 2915 735 2982 Ascalon
762 2938 830 2982 uon
859 2916 1086 2998 habitabitur,
1113 2921 1147 2983 et
1171 2917 1275 2985 silens
1305 2916 1441 2983 sedebit

123 3031 264 3092 llamzer
280 3024 316 3090 in
335 3028 455 3101 Azoto;
472 3028 507 3089 ct
520 3022 716 3112 disperdam
734 3023 920 3089 tumultum
938 3023 1238 3092 Philistbaeorum.
1255 3023 1363 3090 Habes
1382 3024 1439 3090 hic

123 3132 300 3198 evidenter
317 3130 450 3197 incolas
461 3129 562 3196 Azoti
578 3129 775 3216 designatos
789 3131 928 3198 nomine
943 3136 1098 3197 llamzer.
1112 3136 1265 3208 ,Quocum
1283 3131 1439 3198 conferas

123 3246 143 3304 3
166 3239 262 3305 Esdr.
286 3244 339 3322 13,
359 3237 418 3304 ubi
439 3259 472 3304 v.
497 3244 551 3305 1-3
575 3241 690 3304 noster
713 3260 744 3304 v.
760 3236 846 3327 3(t),
868 3237 905 3303 in
927 3245 1096 3327 quantum
1119 3239 1162 3304 de
1181 3240 1385 3304 Ammonitis
1405 3246 1439 3305 et

123 3346 275 3412 Moabitis
289 3344 377 3432 agit,
397 3344 606 3434 appellatur3
624 3343 666 3410 ad
690 3366 777 3432 quas
800 3344 958 3410 nationes
982 3344 1072 3410 redit
1088 3345 1136 3409 ib.
1158 3367 1190 3408 v.
1214 3351 1256 3410 33
1272 3367 1337 3431 sq.,
1358 3352 1437 3410 Am-

125 3452 263 3518 monitis
283 3457 315 3517 et
332 3450 484 3516 lloabitis
499 3450 567 3516 iam
583 3450 747 3539 copulans
769 3449 922 3516 Acutior.
940 3450 1034 3516 Unde
1052 3451 1162 3515 inlero
1184 3454 1325 3515 llamzer
1348 3450 1436 3515 desi-

125 3581 232 3644 gnare
255 3559 388 3622 Azotios
414 3562 459 3638 et,
483 3555 577 3645 quod
604 3577 681 3621 mox
705 3555 966 3634 demonstrabo,
992 3554 1221 3621 Pliilistkaeos
1245 3555 1434 3623 universos.

125 3663 278 3731 Admissa
294 3661 401 3748 igitur
419 3661 568 3727 nominis
590 3661 796 3748 etymologia
814 3684 919 3752 snpra
933 3662 1086 3745 laudata,
1106 3684 1195 3750 quae
1215 3663 1316 3730 unica
1337 3663 1437 3729 aller-

124 3777 191 3850 tur,
224 3770 339 3835 dicere
367 3766 495 3857 poteris
525 3771 669 3833 llamzer
700 3790 771 3834 esse
803 3790 930 3835 nomen
962 3768 1165 3857 probrosum
1200 3770 1245 3836 ab
1277 3760 1438 3837 Hebraeis

124 3877 267 3967 aliisque
293 3875 433 3940 tortasse
458 3873 586 3940 circum
613 3874 776 3960 gentibus
800 3876 939 3942 affixum
964 3868 1088 3942 Azotiis
1112 3876 1262 3965 primum
1288 3899 1328 3943 ac
1358 3877 1437 3943 dein

124 3982 337 4050 Philisthaeis
370 3979 540 4048 omnibns,
568 3985 692 4047 Tamen
725 3981 785 4048 illa
809 3980 1033 4070 etymologia,
1059 3982 1140 4050 licet
1171 3983 1273 4049 unica
1304 3983 1360 4065 sit,
1389 3991 1439 4050 est

124 4090 264 4157 minime
293 4092 398 4170 certa,
420 4109 498 4154 cum
528 4087 573 4155 ob
601 4086 686 4155 alias
713 4088 877 4172 rationes,
900 4095 973 4157 tum
1002 4089 1107 4157 etiam
1133 4089 1222 4184 ideo,
1251 4091 1344 4181 quod
1373 4094 1434 4158 mi-

123 4197 216 4264 nime
245 4201 376 4264 constet
404 4215 530 4262 nomen
556 4201 701 4262 llamzer
724 4196 952 4285 repetendum
977 4218 1047 4264 esse
1077 4196 1232 4264 aradicu
1269 4197 1435 4267 semitica.

124 4304 239 4372 Altera
248 4303 357 4389 igitur
367 4326 403 4370 se
415 4303 513 4370 offert
525 4301 730 4390 explanatio.
749 4301 961 4369 Philistltiim
977 4325 1049 4370 non
1065 4303 1202 4372 videtur
1213 4303 1315 4373 fuisse
1328 4310 1439 4394 gentis

125 4433 250 4476 nomen
275 4413 442 4492 nativum,
457 4409 516 4476 sed
537 4431 666 4476 nomen
687 4410 755 4476 illis
782 4433 802 4476 a
825 4409 998 4497 gentibuS,
1015 4433 1103 4500 qnae
1125 4412 1195 4479 iam
1219 4420 1298 4480 ante
1321 4415 1441 4482 Philis-

58 4589 62 4600 ,
125 4517 305 4583 tbaeorum
326 4517 512 4584 adventum
532 4538 609 4584 eum
637 4521 784 4583 tractum
807 4516 1018 4604 obtinerent,
1035 4519 1233 4609 impositum
1251 4541 1258 4588 :
1276 4521 1441 4610 alienige·

127 4644 204 4703 nae,
231 4622 427 4709 ’tliltpotaa
444 4629 497 4707 At,
515 4623 690 4713 quodnam
704 4623 769 4690 tuit
782 4623 939 4692 nativum
953 4625 1063 4713 gentis
1077 4649 1215 4708 nomen,
1234 4651 1303 4716 quo
1322 4627 1388 4716 ipsi
1407 4651 1441 4695 se

127 4728 303 4820 appellare
325 4733 592 4799 consueverant?
611 4730 760 4799 Coniieio
780 4732 882 4801 fuisse
910 4735 1073 4800 llamzer.
1091 4734 1148 4799 Vel
1168 4733 1273 4799 luerit
1292 4736 1442 4802 Mamzer
