3366 5346
649 307 728 351 srnr
750 306 959 350 xrrrxrraras.
1406 300 1463 358 139

150 440 279 506 habere
294 447 432 529 praeter
447 462 571 530 paucos
589 440 665 505 illos
683 443 717 505 t’.
738 444 772 507 T.
791 439 911 521 libros,
931 439 1102 529 equibus,
1120 441 1192 508 sola
1207 465 1376 533 perpensa
1397 446 1464 512 stili

149 546 282 625 indole,
304 546 468 613 audacius
490 547 614 636 aliquis
638 547 858 614 attentaverit
882 546 1043 627 definire,
1062 548 1120 633 qui
1143 549 1245 615 fuerit
1272 550 1370 617 stilus
1392 553 1467 618 aevi

149 654 288 741 Moysis,
312 654 387 721 aevi
411 654 594 735 Samuelis,
619 655 694 720 aevi
717 654 894 719 leremiac.
921 653 1050 730 Quodsi
1072 662 1230 722 econtra
1254 659 1470 744 argumentis

149 760 321 828 historicis
343 760 521 841 efficiatur,
538 761 706 850 quosdam
726 760 835 825 libros
850 781 935 826 aevo
951 760 1080 848 lloysis,
1099 761 1185 828 alios
1200 784 1285 829 aevo
1303 764 1470 831 Samuelis

150 867 203 933 vel
221 867 383 934 lercmiae
405 891 476 935 csse
496 867 721 957 conscriptos,
746 873 848 955 atque
868 867 1011 956 insuper
1033 872 1165 934 certum
1188 868 1247 951 sit,
1270 893 1388 936 eorum
1410 871 1470 938 sti·

149 973 220 1042 lum
242 975 462 1041 immutatum
485 996 730 1064 perseverasse,
746 980 821 1039 tum
845 973 982 1061 utique,
1001 980 1199 1063 comparato
1217 997 1336 1043 eorum
1362 977 1469 1043 libro-

151 1102 226 1148 rum
247 1080 339 1163 stilo,
362 1081 494 1170 aliquas
513 1080 725 1148 coniecturas
745 1079 897 1168 prolerre
917 1078 1033 1146 licebit
1059 1080 1100 1146 de
1120 1081 1187 1146 stili
1216 1082 1360 1150 hebraei
1389 1106 1468 1173 pro-

152 1187 352 1276 prietatibus
376 1193 531 1276 tempore
553 1186 688 1274 Moysis,
714 1184 898 1265 Samuelis,
923 1185 1098 1252 lercmiao.
1126 1188 1221 1264 Quod
1245 1211 1326 1254 vero
1348 1211 1467 1255 recen-

152 1293 253 1360 tiores
267 1294 410 1382 quidam
430 1292 678 1382 praetendunt,
695 1292 830 1381 aliquas
851 1292 1072 1381 pentateuchi
1090 1294 1275 1384 pericopas
1294 1295 1389 1375 stilo,
1407 1296 1467 1385 qui

151 1406 326 1467 auctorem
350 1400 461 1487 sapiat
486 1399 724 1480 israeliticum,
749 1398 834 1465 alias
863 1399 957 1477 stilo,
987 1399 1046 1487 qui
1077 1404 1253 1467 auctorem
1279 1401 1392 1489 sapiat
1414 1403 1467 1468 iu·

151 1507 292 1588 dacum,
316 1528 386 1572 esse
411 1512 580 1583 exaratas,
608 1506 645 1571 id
675 1512 766 1573 certe
792 1505 1003 1591 ingeniosius
1028 1528 1132 1594 quam
1160 1508 1272 1574 verius
1301 1508 1468 1575 allirmari

152 1612 298 1679 videtur.

194 1720 339 1786 Advorte
362 1718 461 1799 item,
481 1719 542 1786 illa
567 1717 637 1786 stili
662 1718 828 1786 affinitate
849 1740 911 1807 per
932 1718 1109 1806 longiores
1130 1719 1267 1808 aliquas
1291 1721 1469 1809 pericopas

150 1825 348 1893 continuata
363 1825 593 1898 demonstrari
607 1825 762 1914 proxime
776 1826 942 1891 unitatem
956 1824 1051 1893 illius
1065 1825 1236 1892 individui
1253 1819 1466 1908 documenti,

150 1931 243 2019 quod
258 1933 296 1996 in
310 1931 471 1997 manibus
485 1931 646 2013 habetur,
665 1954 723 1997 seu
744 1931 845 1996 leuius
861 1943 983 2013 tereus,
1005 1931 1158 2019 itemque
1180 1934 1346 1999 unitatem
1367 1933 1471 2023 scrip-

152 2038 251 2120 turis,
273 2037 335 2124 qui
356 2036 446 2103 terrac
469 2050 600 2103 terrram
623 2037 769 2124 scripsit.
788 2042 917 2103 llantur
934 2059 1015 2102 vero
1035 2043 1145 2103 textus
1169 2037 1287 2126 scripti
1308 2044 1470 2104 attextus

151 2144 328 2233 rescripti:
347 2148 467 2209 auctor
489 2142 591 2209 buius
606 2155 718 2209 teat-ua
737 2164 808 2209 non
828 2149 878 2209 est
897 2141 1086 2210 necessario
1110 2150 1232 2209 auctor
1254 2143 1355 2209 lautas
1377 2144 1464 2212 libri.
1484 2215 1490 2223 ,

151 2249 293 2329 Quando
323 2254 432 2315 textus
459 2249 637 2338 antiquior
659 2272 680 2316 a
702 2250 892 2316 recentiore
913 2248 1030 2339 aliquo
1053 2255 1105 2316 est
1132 2254 1352 2333 retractatus,
1374 2257 1408 2318 ct
1430 2251 1468 2318 in

152 2356 337 2423 dialectum
357 2355 466 2422 veluti
486 2357 712 2423 recentiorem
731 2355 988 2445 transscriptus,
1006 2363 1207 2446 comparata
1225 2357 1392 2425 idiomata
1410 2357 1468 2424 sti-

153 2463 223 2529 lum
237 2462 401 2552 produnt,
419 2463 469 2528 uti
482 2466 592 2551 patet,
609 2484 678 2529 non
693 2462 844 2529 auctoris
859 2462 918 2529 scd
932 2463 1176 2529 retractatoris.
1192 2467 1298 2550 Ergo,
1317 2469 1354 2530 ut
1368 2465 1468 2531 abso-

153 2570 222 2637 lute
254 2568 451 2648 deliniatur,
478 2568 627 2635 tueritne
657 2591 745 2634 unus
773 2568 896 2656 aliquis
922 2574 1031 2635 textus
1060 2591 1167 2636 unum
1200 2570 1294 2637 unici
1323 2570 1469 2636 arrctoris

153 2675 412 2753 documentum,
434 2697 560 2755 necne,
581 2674 670 2741 illud
697 2675 799 2741 etiam
825 2674 1081 2741 demonstretur
1111 2681 1262 2764 oportet,
1291 2675 1378 2740 sitne
1410 2675 1470 2742 ille

154 2788 263 2848 textus
289 2781 561 2848 substantialiter
584 2780 680 2863 talis,
705 2779 817 2870 qualis
837 2780 987 2869 primum
1010 2781 1239 2861 scribebatur,
1258 2782 1346 2846 sitne
1369 2804 1389 2846 a
1410 2804 1470 2848 suo

152 2894 290 2956 auctore
313 2887 505 2978 descriptus
525 2892 704 2977 tamquam
729 2910 837 2953 unum
859 2886 1061 2954 continuum
1085 2887 1343 2954 documentum.
1361 2892 1472 2954 Potest

151 2995 280 3084 quippe
301 3016 388 3061 unus
409 2998 530 3061 auctor
552 2994 677 3060 eodem
697 2994 775 3060 stilo
800 2993 934 3061 diversa
953 2993 1104 3061 scribere
1123 2993 1340 3060 documenta.
1359 2993 1469 3060 Vicis-

151 3101 232 3182 sim,
250 3106 394 3190 possunt
408 3101 502 3167 unici
521 3101 718 3167 documenti
738 3106 852 3189 partes
869 3123 889 3166 a
908 3100 1012 3167 variis
1028 3100 1163 3167 diverso
1180 3100 1258 3167 stilo
1278 3103 1469 3182 retractari,

152 3213 188 3274 ut
207 3206 316 3274 solam
336 3207 406 3275 stili
428 3207 661 3275 diversitatem
680 3206 821 3273 minime
836 3213 1066 3297 consequatur
1081 3207 1259 3275 diversitas
1279 3207 1471 3295 primorum

151 3313 299 3380 fontium
321 3319 354 3379 et
373 3313 477 3402 primi
496 3313 655 3380 auctoris

196 3424 251 3486 Est
272 3420 381 3508 igitur
401 3419 462 3486 illa
480 3447 496 3480 «
518 3420 718 3509 compositio
739 3420 959 3508 pentateuchi
978 3450 1012 3497 »‚
1030 3441 1134 3506 quam
1151 3425 1346 3485 constanter
1360 3421 1396 3484 in
1411 3442 1470 3485 ore

155 3527 284 3593 habent
302 3526 413 3593 critici
432 3526 653 3607 recentiores,
677 3549 729 3592 res
748 3548 915 3615 perquam
934 3525 1101 3613 impedita
1122 3531 1155 3589 et
1173 3525 1344 3590 intricata.
1368 3525 1467 3605 lllud,

154 3631 246 3720 quod
269 3632 423 3721 proxime
446 3633 583 3700 allicere
599 3633 689 3700 valet
710 3632 830 3699 critica
846 3653 916 3711 ars,
932 3636 982 3697 est
1001 3636 1039 3696 ut
1061 3642 1190 3715 tratres,
1214 3631 1275 3721 qui
1297 3653 1388 3697 rrurcc
1404 3643 1467 3715 cst,

153 3738 435 3827 compositionem
457 3739 631 3829 explicet:
653 3739 695 3805 cl.
711 3738 817 3805 h'lost.
835 3763 869 3827 p.
895 3745 985 3825 tlsq.
1011 3740 1135 3803 Verum
1157 3737 1214 3804 hic
1238 3742 1360 3819 textus,
1378 3738 1473 3826 quod

151 3866 371 3933 nequaquam
389 3846 470 3913 satis
494 3868 696 3934 perspexere
721 3844 786 3910 viri
805 3843 931 3922 critici,
953 3851 1002 3909 cst
1026 3849 1138 3910 textus
1161 3845 1362 3925 r·ertr'urlus,·
1381 3867 1468 3919 non,

152 3972 256 4040 quem
286 3951 372 4018 varii
401 3953 597 4018 redactores
624 3973 702 4016 cum
737 3951 824 4016 bona
851 3972 935 4039 pace
966 3950 1074 4016 veluti
1106 3973 1170 4018 acu
1197 3951 1385 4038 pinxerint,
1411 3952 1470 4016 sed

152 4080 255 4145 quem
279 4057 448 4125 incendiis
471 4065 502 4124 et
524 4056 777 4123 concisionibus
799 4062 955 4145 ereptum
981 4063 1015 4122 et
1038 4059 1075 4123 in
1098 4063 1255 4123 sexcenta
1279 4058 1474 4142 fragmenta

58 4184 62 4189 ·
153 4163 332 4230 disiectum
352 4164 479 4245 arduo,
498 4166 632 4250 ingrato
652 4167 685 4228 ct
704 4165 821 4253 utique
841 4163 1042 4253 imperfecto
1062 4163 1182 4230 labore
1206 4163 1347 4252 quidam
1374 4163 1474 4230 resti·
1513 4212 1520 4225 .

154 4277 305 4339 luerunt.

197 4377 352 4444 hl'linitas
365 4376 433 4442 stili
449 4375 636 4465 artificiosa
653 4376 722 4441 alia
742 4384 791 4441 cst
810 4378 980 4464 prraesilu,
999 4377 1066 4443 alia
1095 4389 1295 4466 spontanea.
1315 4376 1468 4453 Quaesita

153 4488 225 4549 tum
242 4484 401 4563 habetur,
420 4483 557 4572 quando
577 4482 654 4571 quis
673 4482 715 4547 dc
734 4483 874 4547 consilio
893 4483 1010 4548 stilum
1029 4483 1169 4550 alterius
1189 4484 1357 4561 imitatur,
1374 4506 1406 4547 v.
1431 4502 1466 4565 g.

154 4592 292 4678 quamlo
315 4589 424 4656 multo
445 4590 562 4656 labore
582 4588 760 4670 adnititur,
783 4594 820 4654 ut
841 4589 919 4655 stilo
938 4589 1064 4655 scribat
1083 4590 1312 4656 ciceroniuno.
1335 4594 1379 4651 lte
1400 4607 1467 4672 qua

154 4697 321 4763 affinitate
343 4719 413 4763 non
431 4699 565 4782 agimus
585 4697 620 4762 h.
640 4696 662 4762 1.
683 4700 874 4784 Spontanca
895 4695 1043 4762 habctur
1062 4696 1130 4762 stili
1152 4695 1311 4771 albuitaS,
1330 4690 1469 4779 (plaudo
