3366 5346
218 269 273 328 too
761 289 978 334 raraoororro.

215 420 321 500 Philo,
339 419 453 487 ludaei
470 422 671 510 posteriores
684 422 843 504 universi,
860 425 919 513 qui
934 423 1034 491 litera
1050 424 1150 491 huius
1165 422 1312 490 restituti
1327 427 1436 488 textus
1450 421 1528 506 glo-

216 525 405 592 riabantur.
437 528 502 616 lpsi
535 528 670 595 literam
696 536 792 596 tanto
818 529 937 597 labore
965 532 1156 598 restitutam
1183 528 1308 597 summi
1332 528 1524 609 faciebant,

215 631 315 698 anxia
329 633 569 722 superstitione
588 634 783 717 tuebantur,
806 642 909 726 atque
932 637 1012 703 hinc
1032 638 1066 703 in
1084 635 1358 727 superstitionem
1373 640 1452 701 sunt
1466 634 1528 701 ad-

216 738 324 818 ducti,
345 739 491 807 maiores
505 762 583 808 suos
602 741 722 809 eadem
741 764 878 832 semper
897 743 1064 829 religione
1079 750 1209 812 textum
1228 763 1362 810 sacrum
1383 762 1453 808 esse
1470 763 1529 808 vo-

216 846 312 912 ritos.
335 847 429 923 Quod
448 869 565 913 eorum
591 848 841 938 praeiudicium
866 849 924 916 alii
941 851 1024 917 item
1045 873 1116 917 non
1140 849 1256 918 iudaei
1280 870 1378 916 suum
1398 848 1527 927 fecere,

216 952 385 1040 imprimis
399 959 531 1020 veteres
544 961 782 1044 protestantes.
800 958 894 1024 Sicut
907 962 1022 1025 autem
1040 957 1185 1043 insignis
1204 955 1347 1023 alicuius
1365 953 1430 1020 viri
1444 959 1531 1020 tenu

217 1060 373 1146 perantia
394 1082 462 1126 nou
481 1067 531 1128 cst
552 1067 643 1129 certo
662 1069 883 1149 argumento,
910 1085 988 1130 eum
1013 1084 1191 1153 nunquam
1212 1070 1273 1152 per
1296 1067 1401 1128 totam
1421 1060 1528 1126 tritam

216 1163 504 1255 intemperantem
521 1167 635 1250 luisse,
649 1191 727 1236 cum
742 1168 768 1236 ii
783 1191 933 1259 quoque,
949 1170 1010 1259 qui
1022 1169 1106 1237 vitio
1122 1169 1406 1259 intemperantiae
1420 1165 1529 1233 dediti

152 1344 155 1349 ,
217 1272 324 1353 fuere,
347 1272 392 1338 ad
411 1274 587 1341 meliorem
606 1275 742 1363 frugem
762 1276 888 1343 reversi
907 1276 1113 1366 quandoque
1131 1274 1361 1366 temperantia
1379 1279 1526 1362 postmo-

217 1375 300 1444 dum
318 1378 484 1446 excellant
503 1403 510 1447 :
529 1382 577 1447 ita
593 1384 822 1471 posteriorum
833 1382 1038 1450 ludaeorum
1056 1382 1171 1474 quoad
1184 1403 1320 1450 sacrum
1330 1386 1460 1447 textum
1475 1370 1528 1445 di-

218 1482 362 1571 ligentia
389 1493 531 1554 nonest
557 1495 649 1555 certo
668 1495 883 1575 argumento,
908 1489 1066 1579 antiquos
1090 1489 1173 1556 item
1202 1489 1372 1555 Hebraeos
1393 1506 1529 1554 sacrum

218 1611 353 1678 semper
367 1596 496 1660 textum
516 1616 650 1661 summa
669 1617 752 1663 cura
770 1600 804 1661 et
825 1598 1017 1663 reverentia
1037 1603 1209 1663 tractasse.
1227 1595 1333 1662 Minus
1347 1592 1529 1679 diligentes

218 1699 412 1765 llasorethis
432 1701 549 1767 haoin
569 1723 604 1768 re
620 1701 720 1768 luisse
742 1701 881 1770 ludaeos
901 1708 978 1792 post
997 1702 1137 1769 Esdram
1159 1701 1396 1769 demonstrant
1411 1697 1530 1766 discri-

220 1801 314 1870 mina
328 1803 417 1872 inter
440 1806 540 1873 Hebr.
564 1815 596 1874 et
612 1812 709 1889 Lxx;
733 1807 838 1895 longe
862 1811 974 1876 minus
995 1808 1144 1896 diligens
1159 1808 1284 1875 exstitit
1295 1804 1365 1874 ‘rex
1387 1805 1528 1886 loakim,

221 1910 279 1997 qui
295 1909 424 1978 librum
448 1915 612 1982 Ieremiae
632 1914 832 1999 combussit,
851 1922 884 1982 et
902 1916 944 1998 ii,
966 1916 1027 2005 qui
1040 1915 1150 2005 ipsam
1174 1916 1309 1981 thoram
1329 1914 1366 1979 in
1383 1911 1532 1979 latebras

219 2016 428 2106 compulere.

264 2127 388 2191 Verum
403 2126 674 2195 coniecturarum
691 2129 734 2197 de
756 2135 866 2197 textus
880 2128 1174 2198 vicissitudinibus
1192 2126 1250 2194 hic
1268 2127 1311 2194 sit
1323 2125 1412 2193 finis.
1434 2123 1531 2191 Vides

221 2232 504 2320 compositionem
522 2237 743 2324 pentateuchi
764 2258 835 2303 esse
855 2237 1089 2326 quaestionem
1109 2233 1410 2313 intricatissimam,
1428 2251 1531 2322 quam

223 2336 446 2406 Wellhusiani
462 2362 529 2407 non
543 2342 730 2425 solverunt,
754 2341 816 2409 sed
829 2342 970 2409 summis
984 2345 1118 2409 tantum
1135 2339 1254 2428 digitis
1274 2340 1463 2426 attigerunt
1482 2358 1490 2404 ε
1512 2359 1533 2403 a

222 2443 401 2534 principiis
424 2446 567 2536 profecti
591 2448 718 2537 partim
739 2449 828 2516 veris
846 2448 972 2539 partim
996 2438 1090 2516 falsis
1113 2446 1156 2515 ad
1183 2445 1413 2513 conclusiones
1427 2442 1532 2509 delati

221 2555 302 2616 sunt
320 2554 445 2640 partim
464 2552 611 2622 incertas
625 2553 749 2645 partim
770 2557 910 2623 omnino
932 2555 1047 2622 falsas.
1070 2552 1281 2621 Retexenrlus
1301 2551 1533 2642 penelopaeus

219 2654 329 2727 labor.

261 2765 312 2833 ad
332 2789 383 2847 ca,
408 2789 497 2857 quae
517 2769 749 2837 demonstrata
771 2770 955 2849 habemus,
976 2767 1184 2835 reflectimus
1198 2787 1364 2855 gressum.
1386 2765 1533 2830 Thoram

215 2872 350 2960 scripsit
366 2878 502 2961 Moyses,
520 2875 672 2965 itemque
687 2876 829 2943 Librum
844 2874 1019 2953 Foederis;
1040 2874 1203 2963 reliquas,
1219 2879 1356 2963 praeter
1370 2871 1533 2937 collecta-

218 2999 338 3059 neum,
359 2980 450 3063 leges
465 2980 539 3068 ipse
555 3004 575 3046 a
591 2987 657 3047 lteo
674 2982 782 3048 iussus
801 2980 1051 3070 promulgavit;
1068 2979 1165 3046 novit
1179 2979 1415 3046 narrationem
1428 2975 1534 3043 histo·

221 3082 326 3148 ricem
352 3084 433 3150 libri
452 3086 618 3174 bipartiti.
648 3087 792 3176 Scripta,
820 3088 944 3176 quibus
968 3093 1082 3153 noster
1105 3091 1241 3152 constat
1263 3085 1531 3175 pentateuchus,

220 3188 358 3276 quando
371 3191 520 3278 primurn
533 3191 735 3274 edebantur,
749 3199 846 3259 erant
864 3215 942 3260 vere
962 3192 1120 3272 mosaica,
1138 3193 1241 3258 etiam
1257 3191 1408 3258 narratio
1427 3189 1533 3256 histo·

223 3294 309 3375 rica,
337 3319 457 3385 quam,
486 3298 580 3365 siah
604 3300 671 3365 alio
695 3299 829 3389 alioque
853 3299 931 3365 stilo
958 3299 1120 3389 scriptam
1144 3298 1220 3388 quis
1247 3297 1391 3380 iudicet,
1418 3304 1532 3362 tamen

223 3407 347 3489 Moyses
364 3410 396 3469 et
416 3411 515 3472 norat
528 3410 563 3473 et
575 3405 745 3496 probabat
757 3414 789 3472 et
804 3428 902 3473 suam
917 3406 1078 3472 faciebat.

267 3514 397 3598 tloysen
413 3513 529 3579 omnia
542 3514 601 3580 illa
617 3515 744 3603 scripta
760 3514 795 3580 iu
815 3535 921 3580 unum
937 3514 1147 3598 congessisse
1166 3514 1448 3601 pentateuchum.
1465 3531 1533 3576 non

225 3617 452 3693 affirmamus:
472 3642 582 3709 neque
603 3621 639 3686 id
660 3620 863 3687 defendatur
883 3625 1032 3709 oportet,
1055 3624 1092 3685 ut
1110 3620 1360 3709 pentateuchus
1379 3618 1468 3684 liber
1485 3615 1535 3682 di-

223 3722 321 3788 vinus
335 3730 368 3789 et
383 3725 549 3791 mosaicus
560 3749 629 3792 esse
643 3727 906 3793 demonstretur.
922 3727 958 3791 Ei
971 3724 1125 3813 opinioni
1138 3725 1275 3791 videtur
1287 3724 1373 3789 illud
1387 3725 1534 3803 obstare,
1564 3758 1567 3765 ·

223 3835 257 3896 et
275 3834 404 3918 lloyscn
425 3831 533 3897 solam
556 3833 703 3916 thoram,
729 3856 798 3899 non
820 3832 992 3921 reliquum
1015 3832 1281 3922 pentateuchum
1302 3830 1396 3919 apud
1417 3850 1534 3897 arcam

224 3939 429 4026 reposuisse.
456 3945 488 4005 ct
509 3939 614 4005 solam
635 3941 771 4006 thoram
791 3963 898 4029 usquc
918 3939 962 4006 ad
986 3940 1107 4006 lusiam
1131 3961 1236 4028 penes
1259 3960 1371 4004 arcam
1395 3959 1464 4002 esse
1489 3957 1540 4002 as-

223 4053 403 4112 servatam.
421 4045 625 4135 Compositio
645 4048 864 4135 pentateuchi
882 4047 1017 4112 videtur
1032 4068 1115 4135 opus
1133 4047 1234 4111 luisse
1249 4067 1318 4110 non
1334 4045 1434 4111 unius
1449 4041 1536 4124 aevi,

225 4149 284 4215 scd
299 4151 450 4239 plurium
474 4152 702 4218 saeculorum.
726 4159 762 4217 ln
782 4153 873 4240 quod
890 4159 957 4217 tres
972 4152 1188 4240 potissimum
1205 4151 1442 4240 conspiravere
1459 4172 1539 4216 cau-

225 4279 281 4322 sac
302 4257 504 4346 :inspiratio
524 4258 654 4338 diviua,
672 4258 760 4324 vires
776 4259 959 4339 luunauae,
982 4257 1199 4346 providentia
1219 4256 1348 4324 divina.

271 4365 455 4453 inspiratio
476 4365 727 4431 concedebatur
747 4366 847 4451 lloysi
867 4365 975 4453 iisque
993 4364 1075 4430 item
1095 4363 1192 4441 viris,
1213 4386 1299 4452 quos
1318 4364 1395 4453 quis
1409 4385 1537 4453 suppo-

227 4471 332 4537 suerit
353 4475 460 4558 lloysc
480 4471 617 4537 iubente
641 4478 674 4537 et
689 4471 902 4559 approbante
918 4471 1088 4559 ‹piracdam
1109 4470 1291 4559 scripsisse.
1316 4477 1389 4537 Non
1404 4471 1537 4556 cogeris

227 4580 302 4645 aevi
319 4578 458 4644 mosaici
480 4577 616 4644 unicum
637 4579 812 4644 adstruere
828 4585 1001 4642 arictorem
1021 4577 1242 4665 inspiratum,
1263 4599 1339 4644 eum
1356 4600 1440 4644 aevo
1455 4599 1536 4666 pro-

226 4686 410 4772 phetarum
421 4708 459 4752 ac
470 4692 680 4775 posteaaevo
697 4683 927 4773 apostolorum
943 4683 1258 4749 totuuatlorucrint
1270 4689 1423 4750 cantores
1435 4682 1536 4771 inspi-
