3366 5346
695 301 782 345 nsur.
808 287 854 355 t,l
880 302 924 353 so.
1411 285 1480 343 163.

154 442 249 491 'iibers
267 455 292 489 r.
311 440 358 488 tl'.
374 439 519 498 Gesenius)
533 441 675 501 comparat
690 444 801 501 portum
818 439 946 499 Dbalrab,
959 438 993 487 ad
1008 438 1145 487 orientem
1160 438 1264 487 mentis
1280 437 1358 485 Sinai
1371 440 1464 488 situm.

158 530 193 579 ad
208 543 290 593 quem
306 529 340 577 ab
353 541 387 576 eo
401 529 495 576 monte
510 529 648 589 procurrit
663 528 745 578 vallis
758 528 844 578 Wadi
860 528 945 581 Nasb.
962 541 979 577 a
994 540 1079 590 cupro
1094 528 1134 576 uti
1147 526 1255 575 ridetur
1270 538 1371 575 nomen
1386 534 1466 575 nacta

156 619 195 681 (G.
213 619 293 666 Eteri
309 632 316 666 ,·
334 616 427 665 [turcii
443 615 537 665 (lesen
556 628 618 666 zum
639 616 726 675 Sinai,
744 617 860 680 Leipzig
878 616 954 675 tata,
975 629 1003 679 p.
1021 614 1070 665 sat
1092 628 1134 677 sq.
1158 613 1229 678 diiii.
1252 613 1304 663 Vel
1319 615 1468 663 coniecerit

155 708 255 770 aliquis
270 713 325 760 :nt
342 712 371 759 ’.τ
392 703 595 754 detormatione
608 705 694 754 unlus
713 706 813 755 literae
831 687 923 755 ertum
937 718 1000 755 esse
1020 717 1055 754 cx
1074 710 1129 759 :nt
1149 710 1186 766 tt,
1205 702 1287 752 ruitis
1307 704 1379 761 arim,
1396 714 1468 766 quae

156 795 243 844 Vallis
258 796 327 844 Auri
341 793 376 842 ob
392 795 517 842 carnium
531 793 685 855 ingluviem
701 793 836 843 Hebraeis
846 793 946 845 ettecta
960 795 996 843 sit
1011 793 1146 856 Sepulcra
1158 791 1420 854 concupiscentiae.
1434 818 1468 826 -

156 883 210 933 sed
229 883 297 947 quid
311 884 364 931 sibi
379 883 477 933 volunt
496 884 621 932 extrema
636 884 760 946 quinque
774 896 802 931 v.
825 883 833 931 l
854 884 980 933 locorum
998 881 1129 931 nominat
1144 880 1199 931 Ubi
1213 882 1337 930 sentiunt
1351 879 1409 929 iere
1424 882 1467 928 in-

155 978 300 1035 terpretes.
317 971 392 1036 quod
411 972 464 1021 tria
483 976 608 1021 extrema
623 972 739 1020 nemina
759 979 875 1022 careant
896 971 1104 1035 praepositione
1124 975 1180 1053 ΡΞ,
1200 968 1384 1032 supplendam
1406 982 1468 1019 esse

153 1074 204 1125 pro
219 1062 275 1111 illis
295 1074 329 1111 cx
352 1059 512 1110 immediate
531 1059 765 1122 praecedentibus
785 1059 902 1109 eandem
922 1061 1170 1123 praepositionem.
1189 1057 1367 1109 constructio
1387 1057 1468 1107 valde

155 1151 311 1214 inaequalis
326 1152 353 1200 et
368 1148 500 1214 impedita
518 1162 523 1195 ε
541 1150 614 1198 inter
630 1149 742 1198 Pharan
757 1153 784 1198 et
796 1149 869 1199 inter
884 1149 991 1211 Tepbel
1006 1151 1033 1198 et
1047 1146 1137 1213 (inter)
1155 1147 1250 1199 laban
1265 1150 1292 1195 et
1309 1146 1399 1209 linter)
1415 1146 1468 1195 Ha·

155 1241 249 1289 seroib
270 1246 297 1288 et
319 1235 410 1304 (inter)
432 1236 566 1287 Diaahab.
582 1237 625 1289 lit.
646 1239 670 1287 si
690 1236 786 1287 Laban
805 1250 904 1301 reapse
919 1237 992 1287 idem
1011 1239 1048 1286 sit
1062 1240 1146 1300 atque
1167 1237 1271 1305 Lebna,
1288 1248 1337 1285 cur
1355 1234 1469 1285 tandem

154 1328 225 1378 haee
240 1328 355 1377 eliertur
374 1328 467 1385 statio,
486 1325 521 1376 de
541 1339 596 1389 qua
610 1328 721 1388 praeter
738 1326 843 1377 nudum
863 1338 966 1376 nomen
988 1326 1072 1376 Num.
1089 1325 1169 1381 33,ἳο
1189 1330 1360 1387 compertum
1380 1324 1467 1373 liabe-

151 1429 218 1467 mus
232 1416 319 1464 nibil?
336 1416 415 1467 l’rol
434 1395 498 1499 1²5³
512 1426 635 1477 suggero
656 1394 733 1495 3³25]
748 1415 794 1480 (et.
815 1416 851 1465 ls.
874 1414 947 1475 593)
966 1428 972 1462 :
989 1416 1060 1463 inter
1078 1414 1191 1461 Pharan
1210 1421 1233 1461 et
1255 1414 1328 1461 inter
1352 1411 1469 1476 Tiropliel

155 1517 190 1552 er
205 1517 261 1553 una
276 1509 365 1565 praete,
378 1506 401 1552 a
417 1504 488 1552 iuter
500 1504 629 1552 Harerotir
648 1509 673 1551 et
691 1503 813 1552 nautae
828 1517 863 1553 ex
877 1504 965 1553 altera
979 1505 1068 1566 parte.
1086 1502 1164 1561 Quae
1179 1514 1236 1551 non
1250 1508 1315 1551 sunt
1330 1502 1468 1565 appositio

156 1591 191 1640 ad
210 1593 338 1650 Arabum,
352 1603 425 1654 quae
443 1596 502 1640 erat
517 1590 689 1641 sufficienter
703 1598 769 1642 nota
786 1605 836 1657 per
854 1605 894 1653 se,
913 1594 1023 1655 iamque
1040 1596 1168 1641 accurate
1185 1589 1315 1640 delinitur
1330 1602 1379 1653 per
1393 1590 1468 1653 Supli

155 1679 341 1739 notissimum,
358 1691 486 1742 quaeque
503 1680 619 1729 minime
637 1680 710 1729 iuter
724 1686 846 1744 quatuor
860 1681 909 1730 illa
923 1681 986 1730 loca
1007 1681 1160 1743 repetitum
1176 1670 1226 1728 'sed
1245 1678 1406 1729 describunt
1424 1686 1467 1728 to·

155 1774 212 1816 tum
229 1766 298 1817 illud
313 1780 330 1816 a
351 1767 428 1817 Sinai
444 1767 580 1818 Cadesam
595 1767 747 1823 desertum.
762 1769 838 1832 quod
853 1781 1040 1833 peragravere
1055 1768 1176 1819 Hebraei
1191 1770 1341 1832 antequam
1355 1768 1383 1816 in
1397 1768 1468 1816 Ara·

153 1855 216 1904 bam
236 1854 430 1906 deflecterent.
448 1856 542 1906 Habes
562 1858 648 1920 igitur
662 1870 689 1908 v.
709 1859 717 1907 l
739 1862 826 1908 totum
849 1856 1040 1908 Hebraeorum
1056 1859 1109 1907 iter
1128 1871 1144 1906 a
1165 1858 1242 1905 Sinai
1262 1868 1350 1919 usque
1370 1855 1467 1904 lorda-

154 1956 218 1993 nem
235 1957 240 1990 :
255 1958 294 1993 sc.
309 1945 450 1994 desertum
471 1959 488 1993 a
508 1944 586 1994 Sinai
603 1945 752 2005 cadesam,
769 1947 879 1997 Cadesa
897 1947 931 1996 ad
948 1948 1046 1996 Sinum
1065 1947 1262 2003 Aelaniticum
1279 1945 1313 1994 ab
1329 1946 1382 1993 hoc
1398 1943 1467 1994 Sinu

154 2032 190 2081 ad
205 2032 324 2082 limitem
338 2032 588 2095 septentrionalem
603 2033 773 2087 Moabitidis.
789 2035 902 2086 tandem
923 2034 1183 2084 transiordanioam.
1201 2032 1279 2092 Quae
1293 2035 1316 2081 si
1330 2046 1380 2095 pro
1395 2033 1468 2081 reris

153 2122 333 2183 recipiantur,
350 2125 464 2184 praesto
484 2127 526 2171 est
545 2123 678 2185 suspicio,
700 2124 728 2171 in
743 2125 857 2173 nominc
874 2123 922 2173 illo
942 2123 1068 2172 inaudito
1084 2120 1201 2186 Titoplret
1223 2122 1309 2171 latere
1328 2121 1463 2171 cadesam.

155 2209 309 2272 perpende,
327 2210 401 2272 quod
418 2208 465 2260 CN
481 2224 509 2274 p.
532 2209 583 2259 ‘tid
601 2223 664 2274 sqq.
681 2211 899 2274 explicabamus.
914 2217 941 2262 et
958 2213 1041 2262 Deut.
1062 2209 1207 2271 laudat
1225 2213 1278 2262 etc.
1297 2210 1468 2272 explicantes

153 2296 388 2356 confirmabimus,
414 2303 588 2361 quantopere
612 2298 732 2349 Hebraei
754 2299 867 2362 quidam
891 2301 1063 2364 posteriores
1078 2299 1191 2350 solliciti
1213 2299 1317 2349 tuerint
1340 2298 1375 2347 de
1398 2299 1468 2347 actis

153 2386 309 2436 cadesianis
331 2385 525 2436 obscurandis
541 2387 628 2436 Porro
647 2367 709 2445 &En
724 2391 805 2438 sonat
824 2389 985 2453 insipidum,
1005 2387 1116 2438 stultum
1137 2387 1248 2451 (Thren.
1265 2386 1342 2447 a‚lt;
1363 2385 1397 2436 ci.
1417 2387 1467 2436 lob

157 2474 320 2534 tibiali:
346 2474 401 2525 ler.
426 2475 526 2535 ‘itast
548 2475 770 2539 pseudonymum
794 2477 868 2527 haud
888 2479 1073 2540 incongruum
1096 2477 1231 2530 Cadesae.
1248 2477 1295 2527 ubi
1320 2482 1467 2539 tantopere

151 2563 296 2626 desipuere
314 2564 442 2614 Hebraei.
459 2564 599 2617 Ceterum.
613 2567 637 2614 sl
652 2565 733 2615 malis
748 2579 907 2629 supponere
921 2580 1026 2616 nomen
1040 2572 1108 2649 terp
1122 2567 1150 2614 in
1163 2568 1240 2615 textu
1255 2565 1313 2615 iere
1329 2566 1463 2614 oblitera-

153 2660 211 2701 tum
226 2652 344 2701 scribam
356 2654 478 2716 aliquem
494 2652 632 2703 infelicius
646 2656 818 2716 expressisse
832 2634 904 2713 ben,
919 2668 976 2703 non
989 2654 1120 2717 equidem
1132 2667 1269 2716 repugno.

99 2904 103 2911 ·
193 2901 226 2943 v.
244 2885 264 2944 2
283 2909 297 2938 ιι
325 2878 486 2945 Ηνιιίεειῗηι
511 2878 627 2946 diebus
651 2879 693 2945 cle
716 2879 827 2945 Horeb
846 2902 909 2969 per
930 2880 1022 2945 viam
1042 2880 1168 2946 moretis
1191 2878 1267 2945 Scir
1295 2879 1469 2968 usquead

152 2984 258 3052 Codes
281 2989 389 3051 itai-ne
417 3015 447 3051 a.
477 2992 514 3052 ln
537 2993 647 3065 textu,
675 2987 735 3075 qui
759 2992 849 3053 certe
878 3007 1018 3054 mancus
1042 2991 1091 3053 est
1117 2993 1151 3053 et
1176 3008 1312 3053 recusus
1338 2986 1385 3074 (v.
1409 2987 1463 3071 i),

151 3115 242 3158 nune
261 3092 332 3179 legi
353 3115 438 3173 non,
456 3084 547 3182 quod
567 3092 649 3178 libri
670 3092 826 3182 bipartiti
849 3095 959 3180 magis
983 3092 1163 3184 proprium
1187 3094 1247 3175 sit,
1269 3093 1387 3177 Sinai,
1407 3092 1463 3159 sed

151 3202 277 3281 Horeb,
303 3199 543 3266 difficultatem
566 3199 760 3266 nonhabet
786 3220 793 3266 :
817 3202 928 3290 potuit
952 3223 997 3268 sc.
1023 3224 1085 3290 pro
1107 3200 1208 3268 Sinai
1231 3199 1334 3266 scribi
1355 3199 1465 3266 Horeb

150 3306 290 3387 abillo,
319 3306 379 3394 qui
401 3311 529 3374 textum
555 3305 698 3373 recudit.
725 3306 788 3372 Sed
814 3308 848 3372 h.
876 3307 899 3371 l.
929 3307 1111 3373 dicendum
1136 3306 1235 3372 nobis
1261 3311 1310 3371 est
1334 3307 1376 3372 de
1400 3307 1467 3372 illis

150 3411 360 3479 nominibus.
384 3415 472 3488 Quae
493 3412 692 3479 dicebamus
714 3417 785 3479 CEL
807 3438 839 3503 p.
865 3419 906 3480 tt
929 3436 979 3502 sq.
1009 3419 1072 3478 187
1090 3424 1162 3478 es‘se
1186 3435 1394 3498 synonyma3
1415 3414 1466 3478 vi-

152 3517 278 3583 deniur
292 3518 486 3604 designasse
506 3519 609 3585 modo
634 3542 741 3585 unum
763 3519 906 3608 aliquod
926 3541 1106 3599 cacumen,
1126 3519 1228 3584 modo
1244 3524 1353 3584 totum
1376 3523 1465 3585 trac-

151 3628 221 3687 tum
252 3632 463 3691 montanum.
492 3631 577 3691 Ante
603 3625 752 3714 primum
780 3626 898 3692 foedus
927 3626 1033 3691 habes
1056 3625 1167 3691 Horeb
1192 3629 1247 3690 Ex.
1271 3631 1344 3706 3,t;
1368 3631 1461 3706 17‚ti;

151 3728 233 3793 inde
253 3729 296 3794 ab
323 3752 455 3796 accessu
480 3731 599 3820 populi
622 3731 667 3798 ad
698 3733 809 3800 locum
836 3732 999 3811 foederiS,
1031 3754 1070 3798 ac
1092 3730 1250 3820 deinceps
1271 3754 1332 3819 per
1354 3737 1463 3797 totum

151 3834 280 3903 librum
304 3835 505 3924 bipartitum
532 3838 647 3926 (etiam
676 3845 769 3905 licut.
798 3838 890 3925 332)
921 3839 1027 3904 habes
1053 3839 1162 3919 Sinai;
1191 3839 1227 3903 in
1251 3838 1465 3904 orationibus

150 3941 268 4028 Moysis
283 3948 477 4009 constanter
499 3943 603 4010 habes
621 3945 731 4010 Horeb
749 3944 914 4033 (itemque
938 3951 957 4008 3
981 3950 1065 4031 Reg.
1085 3952 1161 4025 &93
1188 3951 1265 4021 las
1289 3944 1326 4009 in
1344 3966 1464 4010 narra-

150 4048 241 4114 tione
268 4048 393 4136 prioris
415 4049 522 4139 partis
553 4053 628 4117 aevi
656 4052 803 4140 regum).
839 4051 1076 4132 Postmodum,
1103 4051 1195 4140 quod
1223 4051 1365 4116 Hebraei
1393 4055 1462 4116 tam

149 4155 276 4221 librum
302 4155 504 4245 bipartitum
532 4179 635 4246 quam
665 4158 835 4224 orationes
860 4181 943 4247 prae
969 4159 1128 4225 manibus
1151 4157 1334 4239 haberent,
1357 4157 1464 4223 habes

150 4261 251 4327 modo
282 4263 392 4328 Horeb
422 4263 508 4351 (ilat.
541 4269 611 4343 t‚t;
636 4268 686 4331 Ps.
713 4271 775 4330 105
799 4268 902 4352 iititit,
927 4265 998 4352 to),
1018 4265 1122 4330 modo
1145 4263 1238 4329 Sinai
1269 4263 1356 4351 (lud.
1385 4271 1460 4346 a‚5;

150 4367 263 4433 iudith
278 4375 373 4447 5‚1t;
394 4374 445 4435 rs.
469 4377 509 4435 ti'l
533 4371 616 4457 [68],
636 4376 731 4443 tt.l8;
755 4377 824 4438 Act.
849 4379 938 4449 7,30.
958 4379 1017 4453 38;
1037 4372 1110 4438 dal.
1128 4375 1206 4455 lubi
1228 4371 1313 4458 sq),
1331 4376 1463 4435 utrum-

151 4494 216 4559 que
235 4497 363 4541 nomen
388 4475 486 4541 Eccli.
518 4483 608 4547 t8,'l.
642 4481 739 4558 Nota,
762 4478 910 4543 nominis
937 4478 1029 4543 Sinai
1049 4476 1184 4544 nullum
1207 4478 1392 4563 vestigium
1411 4498 1463 4538 re·

150 4578 255 4665 periri
274 4580 311 4645 in
335 4581 613 4671 inscriptionibus
638 4583 924 4672 hieroglyphice,
944 4585 1212 4650 cuneitormibus
1236 4584 1352 4648 aliisve
1374 4580 1462 4643 anti-

150 4684 226 4772 quis
252 4686 479 4760 documentis,
508 4688 589 4755 dum
619 4713 745 4756 nomen
776 4693 886 4757 Horeb
910 4691 1067 4757 videatur
1091 4689 1134 4755 ab
1161 4690 1278 4754 indole
1301 4687 1365 4750 lori
1393 4705 1462 4749 esse
