3366 5346
464 297 491 354 7.
516 312 570 354 mx
592 313 629 354 un
650 311 908 356 sornusrrarmrs
931 314 938 355 :
963 312 1053 356 unrr.
1079 296 1148 364 libi
1171 314 1216 363 so.
1437 299 1495 357 aru

184 431 353 516 sanguine
373 427 581 494 liniebantur
600 448 669 493 non
689 426 759 492 iam
780 433 892 516 postes
915 427 1037 493 domus
1055 427 1132 507 sed,
1149 428 1198 494 uti
1221 428 1426 516 posteriores
1443 435 1495 495 lu-

185 535 262 600 daei
279 536 398 611 iecere,
424 554 486 621 per
504 531 695 599 sacerdotes
718 554 849 598 cornua
868 534 999 599 altaris.
1023 535 1252 600 'l'otemoculo
1272 534 1345 601 Coi.
1368 535 1496 624 aliique

181 640 379 725 intelligunt
391 638 521 705 domos.
535 637 630 704 Unde
646 638 806 706 inductus
822 644 871 704 est
887 640 1023 727 Boasr„
1040 645 1078 706 ut
1096 661 1196 705 ritune
1210 639 1495 729 interpretaretur

183 746 274 812 diem
297 750 372 835 post
394 745 588 811 absolutam
608 752 788 811 octavam:
811 751 847 811 at
866 767 984 811 sensus
1003 745 1124 813 obvius
1143 751 1205 826 est,
1223 746 1372 834 intelligi
1394 770 1493 814 mane

181 851 287 941 ipsius
303 851 485 933 Pascbatisr,
504 850 715 939 praecedens
728 851 926 939 septiduum
942 874 973 915 r.
989 858 1021 917 8.
1041 851 1150 918 Color.
1166 859 1277 919 censet
1289 853 1375 918 illud
1392 854 1492 932 edici,

182 961 357 1045 integrum
369 957 474 1024 fuisse
489 956 700 1034 bominibus,
717 958 789 1045 ipso
808 978 907 1023 mane
923 957 1097 1024 Pasclratis
1116 959 1338 1046 profectionis
1356 959 1494 1025 initium

183 1067 312 1141 lacere,
335 1065 395 1131 sed
415 1064 469 1129 vix
487 1085 557 1129 non
572 1085 689 1128 omues
711 1063 869 1151 pluribus
886 1063 1007 1130 diebus
1027 1064 1239 1132 substitisse:
1264 1065 1373 1131 eritne
1388 1065 1495 1151 igitur

185 1170 443 1238 concedendum
459 1176 585 1235 textum
599 1168 801 1257 permisisse,
818 1170 889 1235 imo
902 1170 1109 1256 suggessisse
1124 1170 1295 1245 Hebraeis,
1311 1177 1348 1236 ut
1363 1169 1495 1238 itineris

184 1300 253 1343 uon
272 1277 320 1342 ita
341 1275 454 1342 brevis
468 1274 604 1341 initium
623 1276 774 1341 facerent
791 1275 865 1364 ipso
883 1275 1053 1341 Pasclratis
1068 1275 1144 1342 die?
1158 1276 1303 1344 Advorte
1320 1278 1376 1343 lric
1392 1277 1495 1343 scribi

186 1381 418 1467 tabernacula,
437 1404 469 1447 v.
493 1389 645 1469 iperius
664 1404 722 1446 seu
743 1383 855 1448 urbes.
876 1381 974 1447 Circa
998 1382 1229 1448 sanctuarium
1251 1382 1406 1469 figebant
1420 1391 1495 1449 ten-

185 1490 273 1554 toria
293 1487 436 1553 Hebraei
460 1495 614 1576 tempore
638 1487 912 1570 solemnitatum,
936 1487 1075 1577 epulum
1096 1488 1257 1576 paschale
1272 1489 1495 1555 celebrabant

186 1618 291 1684 prope
307 1593 568 1660 tabernaculum
595 1605 692 1658 riocte
712 1595 756 1679 (r.
781 1595 832 1681 1),
852 1595 1009 1683 sequenti
1027 1616 1140 1675 niune,
1162 1597 1222 1684 qui
1239 1601 1311 1661 erat
1327 1595 1400 1661 dies
1415 1600 1494 1661 Pas-

183 1701 303 1777 ebatis,
327 1691 360 1766 se
382 1699 597 1788 recipiebant
612 1699 655 1765 ad
676 1700 918 1781 tabernacula,
939 1701 1070 1788 expleta
1088 1706 1206 1766 octava
1223 1701 1266 1766 ad
1287 1702 1427 1790 propria
1441 1725 1495 1768 re·

184 1807 317 1873 dibaut.
336 1796 425 1891 Ergo
437 1805 499 1872 illa
513 1805 734 1871 luber-rruculu
746 1827 967 1894 nequaquam
984 1807 1072 1895 (Dr.)
1088 1829 1149 1872 nos
1166 1815 1329 1873 revocant
1344 1807 1387 1873 ad
1407 1807 1494 1873 illud

184 1920 330 2002 tempus,
351 1912 491 2001 ‘quando
515 1912 658 1978 Hebraei
678 1911 867 1979 nomadum
893 1913 1002 1977 instar
1023 1913 1060 1978 in
1086 1912 1317 1979 tabernaculis
1334 1913 1495 1980 vivebant

184 2021 325 2107 fixisque
348 2017 508 2083 domibus
525 2017 702 2084 carebant.
727 2041 759 2086 v.
786 2024 806 2084 8
834 2046 848 2073 «
872 2002 942 2084 Sea
962 2017 1078 2083 diebus·
1099 2017 1252 2085 comedes
1272 2041 1394 2106 azyaco
1411 2031 1443 2086 ct
1458 2020 1495 2084 io

188 2125 243 2191 iiic
267 2125 422 2214 septima,
449 2125 532 2212 quio
558 2123 698 2189 collecta
722 2135 771 2188 est
799 2123 940 2189 Doriciru'
963 2123 1026 2190 Dei
1051 2123 1113 2205 tui,
1140 2147 1208 2190 bon
1231 2124 1343 2211 socies
1360 2147 1445 2214 opas
1462 2154 1491 2192 s.

219 2321 306 2376 mim,
323 2314 441 2372 coit-ecia,
459 2315 476 2361 i.
492 2326 517 2362 e.
531 2312 703 2376 probabilius
719 2313 817 2362 testum
835 2326 891 2362 uon
908 2318 963 2362 iam
979 2325 1087 2362 sacrum
1103 2325 1186 2375 quam
1201 2315 1336 2376 populare
1351 2328 1358 2361 :
1372 2313 1406 2362 cl.
1424 2313 1493 2365 CEL

184 2418 210 2466 p.
230 2404 294 2462 5¹&
317 2404 364 2454 CN
385 2417 412 2466 p.
434 2401 495 2451 337.
516 2429 551 2438 -
571 2401 744 2450 Noiabaruus
769 2401 838 2452 CEL
856 2416 883 2463 p.
908 2401 957 2450 iii
983 2403 1130 2450 discrimen
1153 2404 1224 2452 inter
1239 2383 1353 2461 mabil,
1371 2405 1493 2452 strictam

183 2495 308 2555 rerpriem
332 2492 504 2541 sabbatinam
532 2491 607 2554 (ber.
630 2490 761 2551 titii),
786 2495 813 2540 et
835 2495 916 2546 ti'iz‘l
939 2470 1055 2550 maban,
1072 2478 1197 2553 recinium
1221 2506 1238 2539 a
1263 2491 1330 2539 solis
1353 2491 1494 2540 laboribus

184 2581 350 2642 agrestibus
368 2579 486 2637 Qirando
505 2580 566 2635 riri,
584 2578 679 2640 procul
700 2579 759 2626 suis
779 2578 893 2633 taribus,
913 2576 983 2628 lesia
1006 2579 1186 2640 peragebant,
1207 2592 1263 2626 uon
1287 2583 1346 2627 orat
1366 2593 1414 2628 cur
1438 2593 1493 2628 nou

183 2670 268 2718 eiiam
288 2670 315 2717 iu
332 2675 431 2717 octava
452 2666 577 2715 Paschae
591 2667 626 2714 ab
641 2667 716 2714 omni
731 2665 828 2720 labore
842 2670 975 2715 vacarent
992 2680 998 2712 ε
1013 2679 1099 2728 qirare
1119 2667 1165 2714 bic
1183 2680 1240 2714 non
1257 2666 1387 2715 scribitur
1402 2674 1491 2724 fi'i2'5.

545 2831 571 2877 b.
590 2829 737 2877 solemnitas
754 2831 912 2877 Pentecostes
930 2830 1002 2877 Dent.
1020 2832 1121 2888 libii-12.

225 2983 319 3062 Quod
332 2982 388 3048 hic
401 2989 435 3048 et
447 2986 503 3049 Ex.
522 2988 640 3061 abab
658 2987 678 3045 ·2
699 2982 775 3046 Par.
798 2987 876 3060 8,13
890 2985 1032 3046 vocatur
1042 2980 1172 3067 festum
1188 2979 1492 3061 hebdomadarum,

181 3091 272 3157 idem
295 3094 348 3155 Es.
367 3096 469 3167 ³23,16
484 3089 679 3154 solemnitas
697 3087 827 3167 messis
852 3090 951 3153 Num.
969 3093 1070 3167 98,ἳό
1086 3087 1158 3153 dies
1179 3088 1411 3175 primitiarum
1432 3112 1491 3154 au-

183 3197 242 3262 dit.
264 3203 308 3263 lie
328 3196 450 3263 eodem
466 3194 635 3281 agebatur
656 3199 731 3259 lev,
756 3199 933 3274 sam-ae
955 3198 1052 3260 Num.
1074 3200 1250 3276 asae-31.
1273 3217 1304 3262 v.
1329 3196 1436 3281 iiagit
1451 3195 1493 3261 de

183 3312 336 3393 tempore
349 3302 426 3368 lesii
444 3302 489 3389 (v.
507 3303 564 3388 s),
582 3323 613 3368 v.
634 3307 673 3365 10
687 3300 729 3366 de
745 3299 918 3365 oblatione
932 3299 1100 3381 facienda,
1115 3323 1146 3365 r.
1168 3307 1205 3365 11
1223 3301 1266 3366 de
1281 3301 1383 3390 epulo
1397 3323 1493 3367 sacro

183 3410 355 3475 babendo.
379 3409 439 3474 uui
459 3407 569 3493 magis
584 3428 687 3494 quam
704 3405 872 3471 oblationi
891 3405 1018 3470 insistit
1036 3405 1192 3492 scriptor,
1211 3407 1303 3492 quod
1321 3406 1430 3491 magis
1449 3407 1490 3471 ad

183 3515 414 3580 sanctuarium
433 3513 661 3602 pellecturum
684 3518 768 3577 esset
791 3511 957 3576 homines
983 3516 1029 3576 Eo
1046 3517 1082 3576 ut
1102 3509 1321 3591 conveniant,
1348 3511 1493 3598 scriptor

184 3626 262 3685 rmte
287 3620 403 3686 omnia
428 3618 562 3684 efficere
585 3618 718 3683 nititur.
741 3617 873 3683 Oblatio
895 3638 915 3681 a
937 3616 1082 3702 singulis
1101 3615 1275 3682 offerenda
1300 3621 1371 3683 lev.
1391 3623 1492 3697 ⁴23,10

183 3725 399 3792 indicebatur
420 3723 615 3812 manipulus
636 3723 800 3789 frumenti
828 3729 954 3808 :urget
975 3728 1088 3788 autem
1110 3721 1267 3811 scriptor,
1285 3733 1323 3790 ut
1336 3722 1380 3788 ad
1394 3744 1490 3789 sanc·

182 3833 333 3899 tuarium
356 3830 537 3910 accedant,
563 3828 697 3895 etiamsi
718 3829 763 3894 ob
782 3836 977 3917 temporum
1004 3828 1221 3917 iniquitatem
1244 3828 1334 3894 banc
1354 3837 1491 3896 tenuem

182 3940 394 4006 oblationem
411 3936 609 4003 nullatenus
627 3941 687 4002 aut
706 3957 811 4021 aegre
831 3935 968 4001 valeant
989 3936 1155 4024 prolerre.
1173 3942 1281 4013 Quare
1301 3935 1416 4000 afferri
1437 3934 1492 3999 iu-

180 4048 240 4113 bet
263 4042 505 4134 srifficientiam
528 4043 623 4121 (nnn,
648 4045 725 4122 ἅπαξ
752 4043 930 4128 λεγόμενον)
956 4039 1138 4135 oblationis
1165 4053 1371 4131 spontaneae
1393 4040 1492 4107 irrata

181 4151 466 4232 berredictiouem,
491 4171 595 4239 quam
615 4149 684 4214 illis
706 4149 809 4214 lahre
836 4147 1009 4216 concessit.
1027 4149 1191 4233 Aderant,
1213 4148 1303 4237 quod
1319 4147 1400 4237 ipsis
1418 4148 1489 4235 suf-

178 4261 295 4349 ficiens
320 4257 510 4334 videbitur3
534 4256 680 4323 aderant
698 4266 905 4344 spontanee,
922 4277 990 4321 non
1006 4254 1104 4342 quasi
1121 4255 1199 4340 lege
1216 4253 1260 4321 ad
1277 4253 1489 4321 determina-

180 4374 251 4432 tum
268 4366 409 4454 aliquod
427 4364 556 4430 donum
580 4360 826 4451 proterendum
845 4361 1048 4448 adigantur;
1070 4361 1226 4443 afferant,
1252 4366 1354 4449 prout
1375 4361 1491 4426 messis

182 4472 394 4559 (certadeie)
407 4470 626 4556 lueritmagis
643 4469 797 4535 minusve
813 4467 1004 4536 abundans.
1022 4467 1083 4544 uui
1099 4490 1221 4556 parum
1237 4468 1351 4549 habet,
1367 4488 1488 4555 parum

182 4581 318 4659 offerat,
341 4577 526 4667 quibibit,
552 4576 672 4642 alferat
695 4574 796 4642 nihil.
820 4574 887 4642 Sed
910 4573 1073 4642 accedant
1095 4595 1223 4641 omnes.
1252 4574 1362 4653 Vides,
1385 4593 1488 4660 quam

181 4691 271 4751 arcte
293 4685 375 4751 haec
388 4683 441 4750 lex
454 4688 678 4752 connectatur
692 4704 769 4751 cum
784 4680 926 4770 reliquis
940 4681 982 4749 de
996 4681 1070 4749 loco
1089 4681 1210 4747 cultus.
