3366 5346
175 296 215 355 68
730 305 937 351 irraonucrro.

176 444 279 511 thora
307 470 337 524 o,
362 462 474 530 neque
495 463 516 506 a
540 447 675 507 sensato
699 460 874 530 quoquam
893 439 1089 527 negabitur.
1114 450 1205 518 Quae
1233 441 1343 507 oratio
1361 446 1502 508 constat

179 549 401 640 praeambulo
415 569 491 637 cap.
514 555 547 629 5,
565 545 751 636 pentalogo
771 553 941 629 6‚1-·1,11,
959 546 1139 636 paraenesi
1158 552 1370 628 nra-1132,
1393 546 1499 614 bene-

178 655 388 724 dictionibus
407 662 440 720 et
454 651 756 720 maledictionibus
770 658 919 733 aar-to.
937 653 1000 720 Ubi
1016 653 1109 720 illico
1124 653 1320 742 perspicies
1334 653 1459 742 peretot
1480 690 1499 707 ·

178 787 262 853 qum
273 784 341 830 csse
353 761 485 828 theram.
496 772 558 826 orit
569 773 657 825 certe
668 759 786 826 thorae
793 760 1166 851 partempotissimcm.
1181 759 1218 825 ld
1228 760 1374 827 suadent
1388 760 1500 828 verba

179 869 301 938 Christi
317 865 570 958 pronuntiantis
583 867 710 952 (Mattb.
728 872 848 947 ‘22383
869 872 965 933 Marc.
987 873 1098 947 1228.
1120 868 1189 955 30),
1209 866 1360 955 primum
1377 873 1498 956 penta·

178 978 248 1061 logi
264 974 464 1042 mandatum
479 995 549 1041 esse
564 973 767 1041 mandatum
779 973 966 1039 maximum
982 980 1015 1039 ct
1030 973 1182 1064 primum
1196 972 1234 1039 in
1244 973 1359 1051 thora;
1377 994 1497 1041 secun·

177 1081 259 1147 dum
286 1104 348 1148 nos
371 1079 459 1148 illud
486 1079 686 1146 mandatum
712 1085 761 1146 est
788 1107 803 1139 a
829 1080 981 1168 primum
1003 1079 1039 1145 in
1059 1079 1159 1146 thora
1186 1107 1201 1139 »
1229 1101 1300 1145 non
1325 1080 1496 1166 dignitate

178 1189 302 1270 solum,
322 1188 383 1254 sed
398 1186 502 1254 etiam
516 1185 591 1252 loeo
610 1192 643 1252 et
660 1184 791 1252 ordine.
812 1186 1017 1273 Pentalogus
1031 1208 1109 1253 vere
1127 1194 1176 1251 est
1192 1185 1257 1267 lea,
1276 1185 1360 1251 dum
1373 1208 1494 1275 parae-

178 1296 268 1361 nesis
282 1316 352 1360 non
372 1300 421 1360 est
436 1294 488 1359 lex
501 1291 562 1359 sed
579 1292 665 1379 legis
684 1292 895 1381 paraenesis,
916 1291 1169 1359 benedictiones
1185 1298 1219 1357 et
1239 1291 1495 1359 maledictiones

177 1423 290 1491 neque
313 1406 393 1466 sunt
413 1399 476 1479 lex,
505 1398 564 1465 sed
589 1398 676 1485 legis
701 1403 855 1465 servatae
879 1398 933 1464 vel
959 1399 1138 1485 neglectae
1161 1398 1297 1465 futurae
1319 1397 1491 1488 sequelae.

176 1509 309 1575 Priores
323 1508 457 1586 thorae,
475 1526 561 1594 quas
575 1509 649 1571 Lev.
667 1509 766 1571 Num.
783 1503 1054 1586 ollendebamus,
1070 1527 1139 1571 non
1153 1511 1253 1571 erant
1264 1505 1312 1571 ita
1327 1504 1491 1595 prolixae,

177 1636 289 1703 neque
308 1613 345 1679 in
364 1612 515 1702 prolixas
533 1610 819 1678 diffundebantur
833 1632 1034 1701 paraeneses
1056 1631 1064 1679 :
1085 1611 1237 1678 eiusdem
1252 1610 1376 1677 indolis
1390 1610 1495 1677 docu-

177 1726 331 1788 mentum
351 1726 401 1785 est
417 1719 632 1808 pentaloguS,
652 1718 857 1807 paraenesin
875 1717 979 1783 babet
1000 1740 1069 1783 non
1091 1717 1227 1803 legibus
1239 1717 1414 1797 intextam,
1431 1716 1493 1782 sed

176 1827 220 1892 ad
236 1827 363 1893 calcem
384 1824 583 1891 subnexam.
607 1822 734 1893 Suadet
748 1824 833 1890 haec
848 1824 952 1890 etiam
964 1824 1135 1910 analogia,
1150 1822 1290 1890 nomine
1305 1822 1405 1889 thora
1421 1824 1492 1910 pri·

176 1940 327 2000 irrumet
350 1932 565 2021 potissimum
588 1931 701 1997 solum
728 1931 953 2019 pentalogum
978 1952 1050 1997 esse
1075 1930 1307 2015 designatum.
1329 1927 1494 1996 Convenit

176 2061 259 2107 sane
273 2060 400 2105 nomen
420 2039 540 2105 thorae
559 2038 589 2104 ei
605 2028 821 2127 potissimum
836 2036 1032 2126 pericopae,
1052 2036 1151 2102 cuius
1170 2036 1370 2125 paraenesin
1389 2035 1494 2101 tradit

176 2147 272 2235 prior
291 2144 413 2215 oratio.
431 2166 518 2232 quae
538 2171 554 2204 α
573 2143 767 2232 paraenesis
782 2145 901 2209 thorae
920 2171 935 2201 »
952 2141 1165 2210 inscribitur.
1186 2148 1242 2209 Est
1256 2164 1337 2209 vero
1353 2164 1393 2208 ea
1415 2163 1492 2207 ora-

176 2253 224 2317 tio
240 2251 436 2339 paraenesis
450 2249 576 2337 quarti,
595 2249 700 2338 primi
715 2256 747 2314 et
764 2249 858 2315 tertii
876 2249 1052 2337 pentalogi
1067 2249 1231 2328 mandati,
1250 2254 1284 2314 et
1302 2247 1494 2335 generatim

175 2358 278 2423 totius
304 2356 483 2446 pentalogi
514 2358 562 2444 (p.
592 2360 660 2441 17).
690 2355 897 2442 l‘eutalogus
920 2361 1010 2422 certe
1034 2355 1184 2442 intelligi
1209 2355 1400 2422 censendus
1422 2362 1490 2433 est,

175 2464 307 2553 quoties
327 2469 481 2549 urgetur,
503 2471 540 2526 ut
566 2488 582 2521 «
602 2461 685 2528 liant
701 2462 819 2528 omnia
840 2462 945 2529 verba
964 2463 1085 2529 thorae
1112 2462 1214 2528 huius
1233 2490 1260 2526 o.
1282 2461 1379 2539 Quod
1393 2470 1495 2548 urget

177 2576 278 2652 sato
301 2575 421 2636 auctor
438 2568 519 2635 libri
537 2568 712 2657 bipartiti,
732 2575 833 2650 2939
858 2569 927 2655 (28)
952 2569 1129 2636 restitutor
1152 2574 1276 2648 textus,
1295 2574 1398 2651 28,58
1413 2590 1492 2658 pro-

177 2678 298 2767 pheta.
315 2677 415 2742 Fiunt
429 2675 556 2765 quippe
573 2676 619 2742 ab
640 2676 776 2743 homine
795 2698 854 2741 seu
869 2676 1076 2742 exsecutioni
1096 2674 1307 2742 mandantur
1318 2674 1393 2764 ipsa
1408 2696 1493 2764 pen-

175 2784 282 2871 talogi
297 2783 472 2863 mandata,
490 2805 560 2848 non
580 2804 800 2871 paraeneses,
819 2805 885 2849 non
910 2781 1179 2848 maledictiones.
1199 2786 1289 2866 Ergo
1312 2781 1412 2848 thora
1432 2779 1494 2847 illa

174 2892 242 2956 κατ’
267 2895 374 2976 ὲξεχήν
404 2895 453 2954 est
478 2888 701 2976 pentalogus,
718 2910 788 2953 non
817 2909 898 2953 vcro
918 2890 1117 2976 paraenesis
1138 2894 1493 2975 7,12-11,32,neque

175 2994 431 3060 benedictiones
451 3004 484 3059 et
504 2993 775 3060 maledictiones.

219 3101 284 3166 Sed
304 3100 437 3185 ambigi
457 3104 584 3188 potest,
602 3121 718 3165 annon
732 3100 874 3166 nomine
896 3101 996 3167 thora
1012 3100 1211 3187 designetur
1225 3108 1493 3191 practerpenta-

176 3208 295 3292 logum
309 3206 412 3272 etiam
429 3205 693 3294 praeambulum
709 3229 783 3296 cap.
803 3213 835 3289 5,
849 3208 943 3295 quod
953 3206 1157 3295 decalogum
1172 3210 1297 3297 repetit
1311 3215 1345 3275 et
1359 3207 1493 3297 priores

177 3312 271 3399 leges
281 3335 301 3378 a
313 3318 419 3400 lloysc
431 3313 517 3379 latas
526 3314 724 3379 summatim
735 3313 887 3400 attingit,
901 3336 1020 3380 earum
1030 3313 1208 3381 inculcans
1220 3315 1489 3382 observantiam.

177 3424 303 3487 lamen
319 3420 540 3509 proferuntur
560 3420 645 3486 baec
664 3419 714 3486 ibi
731 3442 801 3486 non
817 3442 878 3509 per
892 3419 1035 3486 modum
1053 3420 1183 3502 thorae,
1201 3421 1262 3488 sed
1277 3444 1340 3511 per
1353 3419 1492 3487 modum
1536 3424 1539 3429 '

178 3526 393 3616 praeambuli
421 3528 550 3593 thorae.
573 3526 607 3592 Si
630 3548 670 3592 ea
695 3528 815 3592 thorae
846 3548 1039 3607 accenseas,
1069 3528 1236 3594 defendas
1260 3526 1446 3618 oportebit,
1473 3549 1492 3592 a

178 3637 270 3697 losue
290 3634 393 3697 etiam
416 3656 491 3719 cap.
513 3641 532 3699 5
554 3633 655 3698 fuisse
677 3631 855 3721 lapidibus
874 3633 1143 3701 inscribendum.
1166 3634 1277 3717 Dices,
1302 3656 1341 3700 ea
1370 3634 1493 3700 thorae

179 3737 320 3803 omnino
350 3760 419 3803 esse
439 3738 668 3821 accensenda,
689 3737 782 3827 quod
811 3739 999 3827 praefixam
1025 3740 1177 3807 babeant
1203 3740 1490 3830 inscriptionem:

180 3874 195 3905 r
219 3850 307 3912 llaec
327 3850 377 3912 est
396 3843 496 3909 thora
518 3871 547 3910 a.
566 3850 611 3911 De
625 3867 742 3934 quare
762 3868 792 3910 v.
815 3844 918 3913 infra.
933 3850 998 3912 Nos
1016 3846 1124 3932 igitur
1144 3860 1334 3927 censemus,
1353 3846 1493 3913 nomine

177 3954 296 4019 thorae
313 3950 473 4040 primitus
492 3950 624 4017 venisse
639 3952 750 4017 solum
766 3952 1011 4041 pentalogum3
1029 3953 1057 4019 si
1075 3953 1152 4042 quis
1170 3953 1380 4035 detenderit,
1403 3952 1492 4020 illud

179 4079 305 4124 nomen
321 4059 481 4146 primitus
493 4057 673 4145 pertigisse
687 4058 791 4123 etiam
808 4058 850 4124 ad
867 4059 1144 4148 praeambulum,
1161 4083 1231 4127 non
1244 4081 1490 4150 repugnamus.

224 4171 256 4230 6.
284 4168 357 4229 Non
376 4170 456 4229 sunt
477 4163 578 4253 plane
603 4162 695 4229 idem
721 4162 819 4229 edera
839 4172 870 4230 et
892 4165 993 4232 cerda
1012 4165 1176 4254 [certeris
1195 4172 1247 4233 Se.
1270 4167 1371 4233 thora
1393 4187 1494 4233 sensu

179 4270 295 4336 nativo
318 4277 366 4335 est
386 4291 509 4335 norma
528 4269 700 4337 actionum
717 4271 962 4355 humanarum,
979 4257 1090 4339 solum
1111 4273 1158 4354 id,
1181 4273 1274 4362 quod
1295 4273 1494 4340 hominibus
1559 4280 1562 4285 '

180 4382 228 4442 est
252 4375 509 4465 praestandum,
533 4376 683 4464 attingit.
709 4376 837 4445 Foedus
858 4385 907 4445 est
929 4385 1122 4447 contractus
1146 4380 1348 4463 bilateralis,
1370 4388 1404 4447 et
1430 4381 1502 4447 ha·'

180 4483 259 4549 beat
278 4504 413 4548 necesse
433 4489 483 4548 est
503 4483 680 4572 utriusque
700 4484 806 4572 partis
826 4485 1036 4553 conditiones
1052 4494 1112 4554 aut
1131 4510 1304 4577 expressas
1324 4496 1383 4554 aut
1402 4493 1493 4555 certe

177 4588 443 4656 subintellectas.
467 4589 623 4657 l'oederis
640 4590 787 4658 sinaitici
812 4590 1056 4660 documentum
1077 4592 1141 4661 luit
1162 4595 1345 4681 decalogus
1360 4593 1494 4662 habens

180 4701 233 4763 Ex.
255 4703 309 4775 3t,
328 4702 370 4762 28
387 4724 403 4757 α
422 4696 527 4764 verba
547 4697 692 4765 foederis
712 4698 829 4767 decem
849 4718 883 4779 »;
906 4706 940 4766 et
961 4701 1051 4767 nihil
1072 4707 1264 4790 praetcrea.
1286 4702 1428 4780 Quando
1443 4725 1490 4771 sc.
