3366 5346
584 300 758 351 comacina,
783 298 976 343 sacannores.
1379 283 1436 342 ί195

126 461 222 528 posse
247 443 412 517 censeret,
437 435 598 524 quodque
624 433 791 500 iudicaret
815 433 982 521 populum
1005 424 1243 500 inducendum
1271 457 1343 501 csse
1367 432 1437 523 pri-

127 567 231 624 mum,
251 550 289 611 01
313 545 444 609 cultum
463 548 531 609 1100
553 541 711 608 redderet
730 541 846 620 talem,
867 539 1005 628 qualem
1027 546 1099 604 tuna
1123 539 1265 607 reddere
1294 562 1436 606 consue-

125 652 251 717 vissent
266 650 421 716 homines
443 648 504 739 pii,
525 649 653 715 neonisi
671 654 790 737 postea
802 647 894 712 hunc
914 646 1043 711 cultum
1063 646 1244 712 reformari
1262 652 1433 736 oportere.

124 763 285 838 Fortasse,
306 757 399 845 quod
417 762 568 823 censeret
594 777 705 821 mores
729 755 829 843 plene
852 759 885 819 et
908 757 1150 841 permanenter
1166 753 1347 819 reformari
1365 775 1434 818 non

122 884 230 952 posse,
257 864 322 928 nisi
344 863 438 952 prius
467 863 729 929 constitueretur
755 882 828 942 rex,
854 859 914 948 qui
940 858 1039 926 rectis
1067 859 1220 925 moribus
1248 859 1434 948 legumque

125 969 349 1036 mosaicarum
366 967 597 1035 observationi
616 967 748 1033 assidue
763 965 970 1052 invigilaret.
989 970 1151 1045 Fortasse,
1171 965 1264 1053 quod
1284 970 1435 1031 censeret

123 1096 233 1142 mores
258 1083 291 1142 et
314 1075 485 1165 imprimis
511 1097 607 1141 sacra
635 1074 813 1140 reformari
836 1095 907 1139 non
930 1093 1043 1161 posse,
1065 1071 1130 1137 nisi
1155 1071 1432 1161 conspirantibus

120 1182 363 1248 sacerdotibus.
385 1181 474 1247 Nihil
500 1185 549 1247 cst
572 1181 609 1246 in
631 1185 702 1245 toto
718 1179 937 1260 collectaneo,
956 1177 1049 1266 quod
1072 1177 1193 1244 innuat
1214 1179 1432 1245 collectorem

121 1288 229 1354 amice
255 1287 412 1354 habiturn
439 1309 510 1353 csse
533 1309 554 1352 a
579 1285 739 1375 pontifice
763 1292 797 1352 et
820 1284 1053 1352 sacerdotibus
1079 1284 1172 1374 apud
1202 1284 1433 1351 sanctuarium

120 1396 309 1461 maximum
331 1393 547 1480 degentibus.
565 1398 679 1482 Neque
705 1392 739 1458 id
756 1391 863 1477 gratis
885 1414 1077 1480 supponere
1099 1393 1149 1457 fas
1164 1396 1225 1473 001,
1241 1391 1334 1479 quod
1353 1414 1434 1479 pro-

120 1501 245 1588 phetae
260 1501 444 1566 universim
464 1499 655 1566 rectoribus
669 1499 789 1588 populi
801 1496 936 1588 saepius
948 1496 1047 1564 invisi
1062 1497 1190 1563 fuerint
1209 1520 1315 1586 quarn
1329 1497 1432 1584 grati.

120 1613 233 1694 Ecqua
249 1606 349 1673 nohis
364 1611 414 1672 cst
432 1605 519 1672 ratio
535 1604 736 1672 adstruendi
752 1605 853 1671 huius
871 1604 1060 1693 prophetae
1076 1610 1201 1671 sortem
1221 1605 1321 1671 fuisse
1335 1608 1430 1669 tanto

119 1713 308 1779 feliciorem
332 1712 482 1780 sortibus
505 1718 556 1778 tot
579 1713 724 1780 aliorum
750 1713 1010 1801 prophetarum,
1028 1712 1088 1801 qui
1112 1732 1223 1798 regeS,
1241 1710 1432 1777 sacerdotes

119 1819 270 1885 habuere
292 1820 460 1886 infensos?
489 1824 634 1885 lirantne
660 1819 864 1907 prophetam
893 1818 1031 1907 speciali
1059 1818 1188 1883 honore
1218 1817 1429 1906 prosecuturi

118 1925 310 1991 sacerdotes
335 1925 385 1990 illi
407 1932 441 1990 01
464 1925 588 1992 levitae
608 1932 760 2011 egentes,
781 1923 888 2005 avari,
914 1926 1004 2011 vagi,
1026 1924 1096 1991 imo
1124 1924 1331 2012 quandoque
1352 1922 1431 1989 ido-

118 2031 273 2097 lolatriac
293 2038 326 2096 01
348 2031 482 2118 magiae
498 2030 604 2097 dediti
630 2036 675 2119 (v.
697 2030 742 2096 ad
764 2030 879 2117 18,8)‘?
899 2031 957 2096 Vel
977 2030 1228 2113 illud,nullun1
1249 2030 1283 2095 in
1304 2029 1429 2095 collec-

117 2143 215 2203 taneo
252 2136 375 2202 haberi
410 2137 585 2219 indicium,
606 2138 809 2227 prophetam
842 2137 932 2203 hunc
968 2135 1160 2202 levitarum
1194 2135 1430 2201 reformationi

117 2243 309 2309 admovisse
336 2265 490 2325 manum,
516 2244 674 2331 suggerit
697 2266 775 2310 cum
801 2243 893 2333 apud
920 2243 1000 2308 illos
1023 2242 1136 2308 surdis
1158 2241 1299 2308 auribus
1328 2242 1429 2308 fuisse

116 2350 406 2438 praedicaturum.
427 2354 516 2427 Quae
555 2349 643 2416 ratio
680 2356 730 2415 est
759 2350 991 2440 supponendi,
1020 2347 1211 2415 sacerdotes
1239 2347 1428 2415 collectoris

116 2456 286 2543 aequales,
307 2457 334 2521 si
358 2456 387 2521 is
403 2462 620 2546 supponatur
635 2463 714 2522 ante
734 2457 928 2523 Samuelem
952 2455 1083 2538 vixisse,
1102 2456 1202 2522 fuisse
1220 2454 1330 2541 magis
1345 2462 1427 2521 stre-

114 2583 201 2626 nuos
227 2583 330 2648 quani
361 2561 445 2640 llcli,
467 2563 575 2647 magis
599 2561 773 2645 religiosos
801 2584 905 2650 quam
931 2563 1044 2650 Ophni
1072 2570 1104 2627 et
1135 2561 1289 2642 l‘hinccs,
1314 2563 1424 2627 minus

114 2667 242 2733 inertes
263 2665 304 2732 iis
323 2689 410 2755 quos
432 2675 448 2734 1
468 2673 549 2753 ltcg.
572 2673 613 2733 ³22
635 2667 818 2733 trucidavit
839 2669 940 2735 Saul?

159 2777 281 2839 Verum
308 2772 523 2839 collectorem
548 2773 750 2840 coniicimus
773 2796 844 2839 csse
866 2773 979 2863 ipsum
1002 2773 1205 2840 Samuelem.
1222 2773 1283 2849 Qui
1309 2773 1425 2861 utique

114 2879 204 2967 apud
231 2880 465 2946 sanctuarium
490 2879 658 2961 adolevit,
680 2882 754 2946 cius
777 2879 957 2948 adversum
980 2880 1156 2947 oraculum
1183 2888 1198 2946 1
1226 2884 1310 2964 ch.
1342 2886 1422 2960 3,18

113 2984 290 3051 humiliter
306 2985 436 3075 excepit
450 2987 539 3065 llcli;
561 2993 595 3052 at
615 2986 675 3052 filii
695 2987 766 3053 Heli
786 2988 953 3075 propheta
973 2992 1168 3076 contempto
1187 2987 1232 3052 ad
1247 2985 1421 3054 interitum

114 3114 315 3180 procurrere
331 3091 434 3160 veluti
456 3093 498 3159 ad
526 3093 701 3160 victoriam
725 3094 824 3183 (11).
844 3094 995 3161 ichabod
1022 3096 1126 3183 (131)
1144 3094 1180 3159 10
1201 3094 1343 3184 reliquis
1363 3101 1423 3162 Sa-

114 3199 235 3264 muelis
251 3200 414 3265 00110000
428 3206 716 3267 commemoratur
731 3223 739 3269 ε
757 3203 811 3323 q'x
826 3200 1016 3267 credendus
1030 3201 1163 3267 00111011
1179 3201 1300 3268 iudicis
1314 3225 1422 3292 nepos

112 3305 231 3371 favisse
243 3306 274 3371 ei
295 3306 379 3381 viro,
398 3306 458 3394 qui
482 3307 537 3373 avi
561 3307 766 3393 dignitatem
787 3308 1311 3374 001011000010011.1100011001
1329 3309 1416 3376 duae

112 3413 355 3477 heranitarum
380 3413 558 3493 factiones,
579 3413 808 3479 Ithamaridae
827 3420 860 3479 01
879 3414 1097 3480 Eleazaridae
1120 3433 1127 3478 ε
1152 3415 1261 3501 putuit
1286 3422 1417 3482 utram-

112 3539 178 3604 que
194 3517 331 3582 Samuel
349 3518 478 3585 habere
498 3520 678 3601 infensam,
696 3525 786 3585 certe
808 3541 875 3585 non
893 3527 1073 3607 utramque
1088 3520 1246 3585 amicam.
1268 3525 1420 3588 Postmo-

112 3621 211 3695 dum,
234 3644 301 3687 non
318 3623 471 3690 obstante
488 3624 687 3692 collectanei
703 3626 778 3711 lege
796 3632 872 3703 17‚8
887 3648 962 3714 sqq.
986 3646 1104 3692 causas
1116 3630 1149 3691 ct
1164 3647 1342 3693 causarum
1357 3651 1419 3718 ap-

111 3727 310 3816 pellationes
339 3728 524 3796 dirimebat
552 3733 687 3798 Samuel
712 3733 743 3819 (1
772 3736 855 3817 ltcg.
884 3734 977 3819 7,16)
1000 3732 1185 3821 quotannis
1216 3735 1251 3800 10
1282 3735 1412 3818 Bethel,

110 3833 264 3919 Galgala,
281 3835 418 3922 Maspha
431 3843 464 3901 et
474 3835 641 3924 imprimis
651 3837 686 3903 in
696 3842 814 3919 ltama,
826 3859 909 3923 ergo
923 3859 992 3903 uon
1003 3838 1173 3906 unicoillo
1187 3840 1261 3907 loco
1276 3864 1296 3906 a
1316 3844 1417 3908 lahve

110 3962 173 4029 pro
186 3940 380 4007 sanctuario
405 3942 525 4024 electo,
545 3964 657 4032 neque
672 3950 763 4009 certe
782 3965 918 4033 semper
936 3944 1168 4013 sacerdotibus
1183 3947 1415 4028 assessoribus,

109 4048 200 4134 quod
213 4046 262 4111 illi
279 4047 321 4112 ad
338 4069 414 4113 cum
432 4048 593 4116 accedere
606 4056 812 4133 recusarent,
832 4051 883 4118 vel
900 4052 1116 4119 accedentem
1132 4053 1227 4119 haud
1243 4060 1352 4121 essent
1365 4077 1420 4121 cx-

109 4153 255 4242 cepturi,
271 4172 355 4218 'cum
389 4153 464 4243 ipso
488 4156 717 4245 conspiraturi
743 4179 814 4223 0000
839 4159 931 4224 haud
956 4165 1243 4249 exspectarentur.
1276 4163 1415 4229 Samuel

108 4256 174 4323 illis
188 4261 291 4324 etiam
308 4264 358 4326 sat
373 4261 488 4328 multis
503 4262 614 4345 annis,
632 4263 757 4350 quibus
769 4264 812 4330 ab
829 4266 986 4331 universo
1003 4266 1123 4332 lsracle
1136 4266 1238 4333 iudex
1253 4290 1418 4355 agnosce-

109 4362 219 4445 batur,
247 4388 318 4431 nou
345 4388 525 4453 aggressus
546 4374 596 4434 est
613 4391 790 4436 sacrorum
812 4370 1090 4438 reformationem
1112 4394 1119 4439 :
1142 4396 1204 4440 cur
1226 4381 1317 4442 non?
1333 4377 1416 4453 11010

111 4490 217 4553 regno
231 4471 387 4539 nondum
403 4474 557 4541 instituto
567 4475 654 4541 nihil
670 4475 765 4542 cisat
779 4484 911 4544 certum
927 4477 1128 4559 videbatur;
1141 4481 1281 4548 fortasse
1298 4483 1412 4553 etiarn,

109 4573 201 4661 quod
217 4577 406 4645 sacerdotes
431 4581 496 4647 sihi
515 4582 615 4649 sciret
632 4604 703 4649 esse
718 4583 882 4666 infensos,
899 4606 1011 4673 neque
1027 4607 1100 4652 rem
1117 4586 1286 4654 violenter
1300 4587 1415 4652 dirimi

107 4702 203 4768 posse
219 4682 416 4754 confideret.
