3366 5346
220 265 279 322 ⁶298
677 275 908 321 comi-:crannus
931 275 1089 320 saracems.

221 413 365 481 corollis
378 412 488 478 tribus
505 434 537 476 v.
555 417 649 478 8-19.
668 416 785 476 20-28.
802 416 919 475 29-31.
936 416 1086 488 Quarum
1101 409 1200 475 tertia
1218 415 1352 497 partem
1368 409 1454 496 legis
1473 433 1538 477 ne-

222 521 372 608 gativam
393 519 550 607 explicat,
576 521 694 584 vetans
712 539 754 582 ne
776 516 871 596 ritus,
895 515 1011 605 quiin
1033 514 1233 581 sanctuariis
1252 516 1397 582 ethnicis
1422 516 1540 582 ohser-

222 628 403 708 vabantur,
420 626 536 713 utique
550 624 653 690 etiam
666 623 770 712 cippi,
790 618 870 704 luci,
893 622 1088 700 simulacra,
1104 622 1210 688 cultui
1229 622 1331 687 tahve
1346 623 1539 690 adhibean-

222 739 290 801 tur.
318 733 477 798 Novellae
497 730 585 796 duae
606 731 735 818 priores
752 728 940 818 respiciunt
959 728 1048 814 legis
1065 733 1198 817 partem
1213 729 1406 818 positivam,
1422 730 1538 797 locum

222 842 332 927 cultus
353 839 467 904 tahve.
492 838 621 903 Tertiae
640 835 799 902 novellae
816 859 849 901 v.
875 842 917 901 32
935 834 1098 901 adscribit
1113 834 1275 901 collector
1293 857 1397 901 unam
1415 858 1537 903 carum

221 947 447 1013 formularum
471 944 527 1031 (ct.
546 966 581 1032 p.
607 949 669 1009 112
689 943 795 1032 squ),
820 941 944 1030 quihus
958 940 1172 1007 documentis
1187 965 1205 1007 a
1221 964 1256 1007 sc
1272 930 1435 1024 collectis,
1454 965 1539 1029 ergo

220 1053 256 1118 h.
278 1053 301 1117 l.
325 1051 387 1117 toti
407 1073 481 1139 cap.
502 1056 554 1130 12,
574 1049 642 1115 vim
664 1048 751 1134 legis
775 1049 961 1115 attribuere
978 1048 1167 1129 consucvit;
1185 1047 1332 1114 similem
1351 1049 1539 1117 formulam

220 1181 253 1225 v.
280 1165 322 1223 28
342 1157 440 1222 alteri
462 1155 625 1222 adscribit
644 1155 814 1221 novellae.
833 1160 883 1221 An
905 1154 1014 1239 igitur
1038 1154 1199 1220 collector
1217 1155 1329 1239 legem
1352 1179 1383 1221 v.
1401 1162 1460 1222 2-*1
1482 1179 1537 1223 re-

222 1266 311 1354 perit
332 1263 401 1328 iam
424 1270 558 1329 auctam
578 1262 721 1328 novellis
741 1284 773 1329 v,
793 1268 888 1343 8-27,
909 1260 1047 1327 tertiam
1072 1283 1153 1327 vero
1166 1261 1348 1343 ¹novellam
1372 1285 1404 1327 v.
1431 1269 1534 1329 atr-31

221 1370 362 1438 aliunde
382 1368 619 1457 deprompsit?

266 1482 344 1542 Tres
367 1475 525 1541 novellae
550 1473 650 1540 initia
677 1474 819 1555 habent,
843 1496 930 1563 quae
954 1475 1109 1540 futurum
1135 1473 1315 1539 interram
1335 1474 1538 1564 promissam

220 1583 416 1669 ingressum
442 1581 689 1661 demonstrant,
712 1604 743 1646 v.
775 1587 857 1646 8-10
889 1579 1060 1668 (nonnihil
1088 1579 1363 1669 amplificatum).
1392 1587 1493 1647 2029
1528 1603 1534 1647 :

225 1719 240 1750 «
262 1689 404 1766 Quando
427 1687 622 1753 dilataverit
643 1689 744 1753 Iahve
760 1686 926 1753 terminos
946 1694 1019 1752 tuos
1047 1714 1076 1766 »,
1097 1713 1112 1745 «
1134 1686 1273 1775 quando
1293 1686 1537 1775 disperdiderit

224 1795 325 1862 lahve
341 1801 462 1880 gentes
478 1822 507 1873 o,
523 1799 585 1860 ete.
605 1799 695 1871 Quae
711 1793 809 1859 initia
824 1793 965 1858 omnino
978 1793 1097 1858 altinia
1115 1798 1194 1859 sunt
1209 1792 1298 1858 initii
1314 1793 1424 1882 quinti
1436 1815 1535 1859 man·

222 1901 295 1967 dati
312 1900 489 1990 pentalogi
504 1908 573 1983 7,1,
592 1900 684 1989 qnod
700 1922 737 1966 re
754 1900 835 1966 latet
849 1900 886 1966 in
902 1899 1055 1985 generali
1069 1899 1292 1988 inscriptione
1309 1905 1383 1980 121
1403 1923 1410 1966 :
1428 1921 1537 1988 quare

225 2008 275 2074 lex
300 2030 331 2072 v.
354 2014 373 2072 Ξ
395 2007 550 2073 absolute
577 2006 711 2072 orditur
729 2019 846 2098 teman
863 2023 925 2068 rna·
950 2006 1008 2090 (ct.
1031 2009 1104 2072 cm
1124 2029 1157 2096 p.
1182 2006 1251 2095 22).
1270 2045 1306 2054 -
1333 2005 1448 2103 Gravis
1467 2006 1539 2070 tor·

224 2114 329 2194 mula,
350 2136 437 2201 quae
457 2136 489 2178 v.
520 2119 535 2178 t
555 2113 734 2185 transitum
755 2113 860 2179 eflicit
884 2135 903 2178 a
929 2117 1025 2202 parte
1049 2111 1137 2198 legis
1160 2112 1324 2198 negativa
1347 2112 1392 2178 ad
1420 2111 1539 2200 positi-

223 2242 298 2284 vam
319 2240 325 2284 :
346 2251 359 2275 «
380 2224 453 2285 Non
473 2219 604 2284 facietis
628 2221 675 2285 sic
700 2219 801 2285 lahve
822 2224 890 2284 Deo
915 2225 1026 2285 vestro
1044 2249 1073 2299 »‚
1093 2219 1182 2285 redit
1207 2217 1327 2285 eadem
1353 2219 1425 2284 sere
1439 2217 1538 2284 initio

222 2325 355 2412 primae
386 2324 541 2389 novellae
568 2347 599 2390 v.
623 2331 642 2389 8
670 2345 677 2390 :
706 2353 721 2383 «
751 2330 824 2389 Non
851 2324 997 2406 facietis,
1026 2348 1113 2413 qnae
1138 2348 1201 2391 nos
1230 2325 1372 2392 iacimus
1395 2326 1450 2391 hic
1474 2325 1538 2390 ho-

223 2429 279 2496 die
296 2435 359 2495 ete.
380 2457 409 2509 »,
433 2441 466 2495 et
486 2435 635 2496 extrema
653 2430 754 2496 tertia
771 2431 905 2497 novella
920 2454 952 2496 v.
972 2437 1011 2497 31
1029 2452 1036 2497 :
1054 2460 1069 2491 u
1087 2437 1161 2498 Non
1176 2430 1280 2497 facies
1294 2432 1453 2496 similiter
1472 2436 1539 2497 Deo

222 2542 281 2603 tuo
310 2565 339 2600 a.
364 2541 469 2612 eram
494 2536 640 2625 explicat
664 2537 798 2603 novella
823 2539 918 2626 prior
942 2561 973 2605 v.
1003 2543 1035 2620 8,
1059 2567 1074 2597 «
1098 2538 1216 2604 fecisse
1240 2559 1537 2626 unumquemque,

223 2641 316 2732 quod
341 2648 470 2710 rectum
493 2648 581 2709 esset
608 2642 644 2710 in
671 2644 778 2710 oculis
804 2644 876 2710 stris
898 2673 928 2726 »,
951 2644 1047 2724 dum,
1069 2644 1162 2734 quod
1186 2666 1248 2732 por
1270 2667 1304 2710 se
1329 2649 1421 2732 patet
1445 2643 1540 2710 etin

222 2750 332 2817 altera
347 2749 482 2815 novella
502 2772 533 2816 v.
552 2757 654 2817 2528
676 2750 801 2816 diserte
824 2752 1035 2832 enuntiatur,
1053 2751 1234 2840 oportebat
1256 2771 1540 2838 unumquemque

226 2883 241 2916 u
260 2858 384 2933 facere,
401 2856 494 2944 quod
509 2862 639 2922 rectum
652 2863 739 2922 esset
757 2857 794 2921 in
810 2856 916 2922 ortelio
934 2857 1034 2922 lotoe
1052 2885 1081 2922 u.
1100 2856 1294 2925 Generatim
1310 2857 1407 2923 stilus
1421 2856 1541 2922 novel-

224 2962 336 3026 larum
362 2984 475 3049 presse
502 2961 667 3028 adhaeret
693 2962 771 3027 stilo
792 2963 878 3048 legis
904 2986 936 3028 v.
968 2971 1035 3028 'rt-7.
1060 3004 1102 3012 -
1129 2962 1299 3031 Orationis
1323 2962 1456 3030 articuli
1480 2983 1540 3026 or-

226 3066 368 3133 diuntur
386 3089 466 3132 voce
487 3083 515 3130 ’)
537 3069 581 3153 (a
605 3068 720 3156 2029)
741 3069 808 3151 vel,
826 3069 854 3134 si
874 3075 953 3135 ante
973 3069 1072 3136 dictis
1087 3071 1192 3136 veluti
1213 3070 1458 3137 restrictionem
1475 3067 1542 3134 ali-

226 3194 329 3261 quam
348 3172 504 3253 afferant,
522 3196 603 3238 voce
628 3189 666 3265 pn
693 3176 737 3260 (v.
762 3182 802 3241 15
823 3198 872 3264 sq.
900 3175 1034 3264 23.·26);
1053 3176 1177 3265 quibus
1201 3182 1423 3266 opponuntur
1447 3191 1493 3238 na·
1511 3191 1541 3238 tn

227 3277 272 3366 (v.
291 3283 456 3366 arara),
476 3269 514 3343 at
532 3280 576 3368 (v.
596 3280 934 3368 acroamata
957 3283 1112 3372 emphasi
1135 3297 1169 3375 p:
1187 3272 1224 3370 p
1241 3298 1336 3347 aean
1362 3286 1403 3369 (v.
1425 3289 1538 3348 raro.

226 3385 295 3463 30).
319 3386 468 3452 Tandem
492 3408 524 3452 v.
542 3393 597 3470 31,
615 3387 785 3476 quidquid
812 3388 942 3455 cultum
967 3389 1151 3475 gentilium
1177 3391 1329 3476 attingit,
1348 3389 1543 3455 declaratur

226 3514 295 3559 esse
311 3493 521 3560 oboririootio
534 3509 633 3561 annin
651 3493 706 3583 (ct.
718 3518 752 3583 p.
769 3498 829 3561 131
847 3518 882 3562 n.
898 3500 968 3581 79).
986 3496 1191 3563 Subiicimus
1202 3496 1288 3583 legis
1304 3519 1382 3562 eum
1397 3494 1543 3561 novellis

225 3600 379 3680 Sclrerno,
399 3600 458 3665 ubi
479 3600 611 3688 priores
628 3600 713 3667 duas
731 3601 893 3679 novellas,
913 3601 1006 3690 quod
1029 3603 1174 3668 candem
1195 3603 1281 3689 legis
1300 3607 1433 3692 partem
1451 3602 1543 3691 posi-

224 3704 330 3770 tivam
360 3705 559 3793 respiciant,
584 3707 750 3794 parallele
783 3706 1025 3791 describimus,
1053 3731 1121 3797 quo
1153 3715 1273 3776 mutua
1305 3731 1424 3775 earum
1453 3708 1543 3774 ratio

225 3809 327 3876 unico
346 3811 469 3877 obtutu
485 3817 612 3900 pateat.

664 4037 804 4090 Schema
823 4039 909 4103 legis
928 4042 1023 4091 Dent.
1048 4042 1098 4092 12.

528 4226 675 4269 axrrorron
696 4228 746 4264 nux
767 4228 800 4264 nr
820 4229 887 4267 uoco
906 4230 1008 4267 cuurrs
1027 4231 1107 4268 narr.
1132 4220 1231 4278 tasi-7.

264 4363 335 4409 Pano
351 4373 483 4410 urorum
497 4375 524 4410 v.
542 4365 556 4412 ‘2
571 4377 610 4420 so.
629 4377 635 4412 :
652 4368 762 4427 penitus
777 4368 963 4418 subvertenda
978 4371 1137 4418 sanctuaria
1152 4372 1288 4432 gentium.

262 4451 335 4499 Pars
350 4462 471 4500 rosrrn‘a
487 4463 512 4499 v.
529 4451 572 4501 1-7
581 4466 587 4511 ;
605 4454 739 4503 colendus
754 4455 840 4507 Iatrvc
855 4459 882 4506 in
897 4461 1056 4508 sanctuario
1071 4473 1087 4507 a
1100 4472 1129 4508 se
1145 4459 1245 4510 electe.
