1056 1483
364 197 482 209 rsnrmcrmnm
492 197 511 208 Ετ
521 197 644 209 mmm-rmum.
805 194 835 209 ⁴55

178 231 284 253 ragraphum
295 231 402 251 observatur,
416 230 488 247 morbus
500 230 600 248 incurabilis
610 231 678 248 videtur
690 237 726 248 esse
738 232 770 248 soli
781 233 835 248 extre-

178 263 215 274 mae
227 258 336 281 paragrapho
350 257 476 278 concedendus,
491 259 508 274 et
517 257 562 274 duae
573 258 700 280 percussiones,
712 258 726 275 si
738 258 768 275 uni
782 258 834 275 alicui

178 284 287 307 paragrapho
300 284 423 305 concedantur,
436 284 557 301 concedendae
569 286 619 302 erant
633 286 719 302 extremae
729 285 769 302 item
782 290 833 308 para-

177 311 251 334 grapho,
259 317 294 328 non
303 311 376 328 mediae.

199 343 215 354 v.
224 340 244 355 &5
253 343 278 360 sq.
290 338 364 354 habetur
371 337 457 359 generalis
467 337 544 354 clausula
552 339 587 354 tarn
595 338 687 361 pericopae
697 344 713 354 v.
723 339 781 357 xs-tb.
789 344 833 360 quae

177 364 232 381 minas
243 364 323 385 intentat,
334 370 373 381 cum
384 370 401 381 v.
413 366 433 381 bo
445 364 473 381 vix
486 369 520 381 non
530 364 633 381 verbotenus
645 366 712 387 repetat
721 370 737 381 v.
746 366 772 385 15,
781 370 833 387 qnam

176 391 228 408 totius
238 391 312 414 epilogi,
324 396 363 408 cum
374 397 390 408 v.
402 392 422 408 ¹5
432 391 501 407 nonnisi
515 391 595 413 negative
606 391 683 408 enuntiet
694 391 719 412 id,
733 391 780 414 quod
792 397 808 409 v.
824 393 831 408 1

176 418 248 440 positive
256 419 368 440 expresserat,
377 417 451 440 ideoque
458 423 474 434 v.
484 419 504 434 55
511 418 563 434 etiam
571 418 627 434 versui
634 419 642 434 1
650 418 755 435 adamussim
761 423 833 440 respon-

176 445 222 461 deat.
230 446 292 461 Verum
301 444 346 461 hanc
353 444 447 461 clausulam
455 444 517 466 excipit
524 450 540 461 v.
550 445 602 461 t'1-68
609 444 663 467 plaga
670 444 705 461 alia
713 444 750 462 fuse
758 444 833 467 descrip-

176 473 201 491 ta,
210 476 255 493 quae
265 476 300 487 non
312 471 379 488 orditur
389 470 503 493 descriptione
514 471 571 487 morbi
581 471 678 493 infligendi,
690 476 746 493 neque
757 471 833 493 praefixo

176 497 228 514 verbo
236 497 329 520 percutiat,
340 499 399 520 estque
406 499 442 514 tota
453 497 474 514 de
486 497 551 520 populo
558 497 577 514 in
586 497 664 514 exsilium
672 497 785 515 exturbando.
794 499 832 514 Post

175 524 269 541 clausulam
277 524 376 546 generalem
386 530 403 541 v.
414 526 435 541 45
444 524 460 547 (κ
469 530 527 541 omnes
535 524 664 541 maledictiones
672 524 688 547 υ)
696 530 731 541 non
739 526 776 541 erat
785 524 833 541 locus

175 556 229 568 novae
236 552 253 568 et
258 551 370 573 gravissimae
379 551 456 568 omnium
464 550 526 573 plagae
537 550 667 571 describendae,
676 551 707 568 sed
716 551 832 568 absolvendae

175 577 254 594 orationi,
264 579 308 594 Num
315 578 351 600 ipse
359 577 441 594 orationis
449 579 509 594 auctor
515 577 559 594 illud
566 583 582 595 v.
591 579 611 594 61
622 577 713 595 additurus
723 579 766 597 erat,
776 578 832 600 plagis

175 606 214 621 ante
222 604 334 625 enumeratis,
345 604 408 627 quihus
421 604 515 621 atrociores
526 604 574 621 haud
581 604 623 626 fingi
630 605 708 627 possunt,
716 604 832 627 superadden-

175 630 205 647 das
211 631 248 647 sore
254 631 306 647 etiarn
312 631 364 647 alias?
371 632 416 650 Quae
422 630 474 647 verba
479 630 535 653 potius
541 631 611 653 sapiunt
618 631 731 647 recentiorem
738 632 830 651 auctorem,

174 657 205 679 qui
220 657 274 674 nostri
287 657 359 674 oratoris
371 657 416 674 dicta
431 657 489 680 cupiat
502 662 613 679 exaggerare.
629 658 672 674 Num
684 657 737 674 verba
749 664 757 672 α
769 657 831 679 plagae

174 689 239 704 omnes,
248 689 292 706 quae
298 690 332 701 non
338 685 378 700 sunt
383 684 457 706 scriptae
462 683 479 700 in
487 683 533 700 libro
541 684 601 700 thorae
610 683 661 701 huius
669 690 677 699 n
684 689 719 700 non
726 685 829 705 suggerunt,

174 716 208 733 quo
216 712 293 733 ternpore
302 716 319 727 v.
331 712 381 727 b7-os
393 710 542 730 adscribebantur.
551 710 683 732 praecedentem
691 715 788 727 sermonem
795 710 831 727 iam

174 736 224 753 fuisse
233 737 302 758 librum,
311 737 323 754 i.
334 743 349 754 e.
358 737 441 759 scripturn
449 737 466 753 in
473 743 490 754 se
500 737 598 754 absolutum
605 738 621 754 et
628 737 743 759 completum?

196 764 281 784 Ceterum,
290 764 327 786 ipsa
334 763 426 786 descriptio
432 769 447 780 v.
455 765 507 780 5⁷43ss
515 763 595 786 depingit
601 769 657 780 rerum
665 763 781 780 conditionem
789 769 831 780 aevo

173 790 233 812 Moysis
242 790 293 812 longe
304 790 421 813 posteriorem.
431 791 466 809 Quo
478 795 520 806 aevo
532 795 566 806 non
577 792 627 807 erant
640 790 686 812 apud
697 790 783 807 Hebraeos
792 796 830 807 mu-

173 816 223 833 lieres
232 816 272 833 illae
283 817 307 833 ita
315 816 399 834 delicatae
410 822 426 834 v.
440 818 468 837 56,
480 822 524 839 quae
533 818 632 834 vererentur
640 817 717 839 plantam
724 816 772 839 pedis
781 817 831 834 humi

173 843 227 865 figere
234 845 306 866 propter
313 843 412 860 mollitiem.
424 844 461 860 Non
471 844 520 860 erant
530 844 566 860 tum
574 843 621 860 belia
629 848 667 860 cum
676 843 774 860 nationibus
781 849 797 859 v.
809 845 830 860 Η)

173 869 194 887 de
206 870 302 892 longinquo
315 870 399 891 advectis,
416 870 445 887 sed
461 875 500 886 cum
514 869 576 886 ineolis
589 869 724 890 Chanaanitidis,
738 870 830 892 regionum

172 896 249 919 proxime
262 896 384 917 adiacentium,
396 896 464 913 deserti.
478 896 507 913 Vel
519 896 596 913 iudicum
609 902 652 913 aevo
667 896 720 918 longe
732 896 793 913 aberat
806 896 829 913 ab

172 923 249 940 hostibus
258 923 348 940 eonsilium
358 929 374 940 v.
382 924 404 940 64
411 923 527 940 Hebraeorum
542 923 560 940 in
572 928 631 940 omnes
641 923 721 945 regiones
729 923 830 946 dispergen-

172 949 233 967 dorum
243 955 247 967 2
257 950 363 970 Philisthaei,
377 950 478 967 Madianitae
490 951 522 966 etc.
531 949 610 966 nationes
617 949 692 966 devictas
699 955 733 966 non
741 950 829 972 disperge-

172 976 219 996 bant,
228 976 257 993 sed
265 982 343 993 annuum
351 977 435 993 tributum
442 976 535 998 exigebant
543 978 573 993 uut
582 978 648 998 segetes
656 976 748 998 quotannis
757 976 829 998 diripie-

172 1003 220 1019 bant.
233 1004 280 1020 Certe
291 1003 357 1020 nemini
369 1003 386 1019 in
397 1005 471 1019 mentem
481 1002 562 1019 veniebat
574 1002 595 1019 de
607 1002 687 1019 Hebraeis
696 1008 712 1019 v.
727 1004 748 1019 ⁶8
757 1002 829 1025 captivis

172 1029 189 1046 in
203 1031 300 1052 Aegyptum
311 1029 415 1046 devehendis
429 1029 457 1052 (cf.
470 1029 534 1051 17,16).
547 1030 605 1051 Neque
615 1028 759 1046 Philisthaeorum
773 1034 828 1051 neque

171 1056 244 1073 aliorum
255 1057 292 1073 tum
303 1056 349 1073 bella
361 1056 462 1073 constabant
472 1056 559 1072 diuturnis
572 1055 641 1072 urbium
653 1055 776 1076 obsidionibus,
788 1061 828 1072 eum

171 1088 206 1099 non
214 1085 294 1104 ageretur
303 1083 324 1099 de
332 1082 451 1099 defensoribus
457 1082 571 1105 exstirpandis
579 1082 606 1099 vel
613 1082 632 1099 iu
640 1082 718 1099 exsilium
730 1082 826 1104 abigendis,

171 1109 201 1126 sed
215 1109 237 1126 ad
254 1109 318 1126 tributa
332 1109 463 1132 compellendis,
475 1109 571 1131 malintque
584 1109 663 1125 homines
676 1108 740 1125 tributa
752 1109 827 1131 pendere

171 1136 298 1158 quantumlibet
305 1136 371 1158 gravia,
383 1136 440 1158 potius
451 1141 503 1158 qnam
515 1135 579 1152 liberos
587 1135 675 1152 devorare*
683 1135 730 1152 Licet
737 1141 788 1158 porro
799 1135 827 1152 vei

171 1162 247 1180 iudicum
260 1168 301 1179 aevo
313 1162 385 1179 Hebraei
397 1162 490 1179 habuerint
502 1162 569 1185 aliquas
579 1162 684 1179 munitiones
692 1162 720 1184 (ci.
732 1161 768 1179 lud.
779 1163 825 1182 imo.

171 1190 208 1212 51),
216 1192 274 1206 tamen
286 1190 332 1212 qnod
341 1189 362 1206 de
372 1189 422 1206 bellis
433 1189 549 1206 Hebraeorum
559 1191 637 1211 tempore
649 1188 727 1205 iudicum
740 1190 756 1206 et
772 1189 827 1206 Saulis

171 1218 277 1239 compertum
285 1216 373 1237 habemus,
382 1216 433 1233 nobis
439 1216 527 1233 evidenter
534 1215 639 1233 demonstrat
645 1217 705 1232 contra
711 1221 727 1232 v.
734 1217 761 1236 «Ὦ,
770 1221 826 1238 neque

172 1243 233 1260 multas
245 1244 282 1260 tum
294 1243 374 1260 Hebraeis
384 1243 434 1260 fuisse
444 1242 496 1259 urbes
507 1242 588 1263 munitas,
601 1248 658 1265 neque
669 1248 727 1259 muros
736 1242 760 1259 ita
767 1243 826 1259 firmos

170 1271 222 1292 atque
236 1270 323 1290 sublimes,
340 1275 397 1292 neque
411 1269 516 1292 potissimam
527 1269 612 1286 bellorum
624 1269 697 1286 feliciter
710 1269 826 1290 gerendorum

170 1296 252 1313 fiduciam
259 1296 344 1313 Hebraeos
348 1296 366 1313 in
376 1296 448 1313 urbibus
456 1296 525 1313 munitis
532 1296 627 1313 collocasse.
635 1295 666 1312 Sed
674 1296 716 1312 haec
722 1295 780 1312 omnia
786 1301 826 1318 per-
