3366 5346
642 322 732 367 neor.
757 308 805 378 ‘tt
830 323 892 376 son.

399 553 430 613 la.
457 544 627 632 Profectio
651 543 699 611 acl
721 544 903 612 Iordanem
927 550 1026 613 Decet.
1053 554 1073 613 -2
1097 572 1147 637 sq.

167 746 289 818 auara
306 747 339 806 et
354 747 503 807 extrema
516 739 777 806 introductionis
793 739 975 808 historicae
992 763 1072 830 pars
1087 748 1136 809 est
1151 743 1193 809 de
1209 747 1292 812 actis
1307 746 1435 816 Cadesa

122 849 165 915 ad
184 848 368 915 Jordanem
388 869 395 915 :
414 869 492 914 earm
513 845 676 912 Edomitis
690 852 803 926 ΞΗ,
820 868 898 913 eum
918 846 1070 914 Moabitis
1090 872 1122 916 v.
1144 856 1244 933 8-15,
1260 875 1337 919 crim
1354 860 1433 923 nm-

121 954 261 1021 monitis
281 977 311 1021 v.
337 960 456 1034 16-233
474 975 552 1021 earm
571 951 790 1019 amorrhaeis
808 958 1003 1036 aaa-att,
1021 955 1174 1044 sequitur
1189 960 1436 1029 transiordani-
1503 1026 1508 1035 ,

125 1083 184 1128 eae
209 1060 329 1126 divisio
351 1058 665 1142 3,12-20;tandem
687 1064 825 1140 3,·21-29
849 1064 1020 1142 narratur,
1045 1063 1231 1150 quomode,
1258 1074 1436 1135 recusante

125 1173 192 1234 beo
205 1169 409 1235 sententiam
424 1166 461 1231 in
473 1172 606 1253 Moysen
620 1165 724 1231 latam
740 1187 916 1248 revocare,
932 1170 1028 1232 losue
1043 1168 1246 1236 constitutus
1260 1170 1303 1236 sit
1318 1174 1436 1261 populi

125 1272 203 1339 dux.
225 1273 262 1340 Ei
282 1273 331 1340 rei
351 1296 412 1362 per
429 1273 544 1339 omnia
561 1273 738 1352 insistitur,
758 1270 859 1337 fuisse
879 1271 1007 1339 lahven
1025 1275 1150 1340 borum
1172 1276 1325 1344 omnium
1344 1279 1437 1368 prin·

123 1382 234 1469 cipem
248 1386 435 1461 auctorem,
449 1401 518 1469 quo
533 1379 692 1445 Hebraeis
707 1383 874 1464 augeatur
884 1378 1010 1445 fiducia
1020 1381 1055 1446 in
1069 1381 1169 1447 lahve
1184 1383 1433 1471 providentiam

125 1492 228 1576 atque
241 1485 426 1553 auotoritas
441 1485 681 1552 nrarrdatorum
698 1485 800 1551 labve
817 1484 958 1551 iamiam
971 1485 1269 1555 inculcandorum.

535 1695 556 1727 a.
572 1682 705 1727 Actaeam
719 1680 841 1727 Edomitis
856 1679 929 1729 Dent.
946 1683 1022 1740 2‚l·7.

169 1836 315 1920 ar9,-
329 1855 361 1900 v.
382 1839 436 1899 1-7
452 1831 562 1918 magis
579 1854 684 1921 quam
699 1837 796 1898 Num.
815 1840 857 1898 20
875 1832 1026 1913 effertur,
1044 1833 1217 1921 quomodo
1232 1836 1348 1903 omnia
1362 1844 1438 1905 aeta

128 1941 196 2005 sint
217 1938 419 2027 disponente
441 1938 556 2005 tahve.
581 1943 655 2027 lpse
675 1937 914 2005 determinavit
933 1940 1009 2019 iter,
1026 1938 1178 2026 primum
1196 1941 1240 2007 ab
1261 1943 1436 2010 occidente

127 2045 244 2111 Montis
268 2047 341 2111 Seir
362 2065 479 2110 versus
504 2050 589 2109 Mare
614 2043 708 2133 Suph
731 2042 957 2126 descendens,
975 2041 1053 2110 dein
1079 2044 1123 2110 ad
1141 2045 1307 2112 orientem
1322 2051 1438 2116 Montis

128 2151 200 2218 Seir
221 2151 422 2231 aseendens;
440 2150 511 2239 ipse
529 2149 685 2236 negavit,
702 2172 736 2216 se
760 2150 974 2216 Edomitiden
996 2150 1158 2217 Hebraeis
1179 2174 1436 2239 concessurum,

12 2272 31 2297 ⁸
128 2256 329 2346 monuitque
346 2263 382 2323 ut
399 2257 539 2345 pacifice
552 2256 694 2323 omuino
710 2278 786 2322 cum
805 2255 968 2323 Edomitis
982 2263 1142 2342 agerent,
1160 2258 1212 2324 fisi
1232 2282 1290 2326 sua
1311 2260 1438 2329 libera-

128 2365 256 2430 lissima
269 2363 495 2452 providentia.
516 2368 538 2428 H
552 2369 670 2428 contra
685 2384 753 2428 nou
767 2362 956 2429 efferuntur
970 2363 1005 2429 b.
1030 2362 1051 2428 Ι.
1073 2370 1149 2429 aeta
1162 2367 1281 2452 Moysis
1301 2373 1334 2432 et
1349 2368 1440 2455 regis

127 2470 229 2536 Edom
247 2475 344 2536 Num.
361 2475 537 2547 todi-21.

176 2579 259 2665 Cup).
288 2579 324 2642 ll
341 2599 373 2640 v.
400 2584 414 2641 1
445 2605 460 2636 «
484 2575 703 2665 Profectique
725 2574 830 2662 [iude]
858 2573 1011 2641 venimus
1033 2575 1069 2639 in
1091 2575 1327 2663 solitudinem,
1351 2604 1439 2670 qrcue

129 2681 225 2747 clircit
239 2681 287 2748 acl
300 2685 395 2748 Mure
409 2681 578 2763 Rubrum,
595 2681 683 2747 sicut
697 2681 784 2746 acilii
798 2680 934 2747 eliserat
947 2680 1112 2746 Dominus
1134 2708 1148 2740 »
1167 2687 1265 2750 Num.
1291 2691 1390 2763 teas
1406 2695 1439 2753 et

41 2832 44 2837 -
131 2795 225 2855 Heut.
247 2795 339 2870 1,a0‚
359 2816 375 2850 ι(
399 2800 431 2854 et
453 2788 671 2854 circuivimus
693 2800 841 2854 montem
862 2785 939 2854 Scir
959 2787 1062 2875 leupo
1084 2799 1231 2877 tremore
1253 2817 1287 2873 u,
1306 2791 1348 2856 de
1370 2815 1438 2880 qua

130 2897 384 2984 expressiones.
397 2884 423 2962 s'.
442 2919 476 2984 p.
497 2901 572 2962 167.
587 2900 668 2960 Cum
686 2901 741 2975 1,7
757 2894 813 2982 (ct.
832 2916 863 2961 v.
883 2893 936 2981 19)
953 2907 1056 2956 annun
1074 2908 1111 2955 aa
1128 2909 1198 2958 mm
1217 2884 1275 2959 aab
1291 2912 1358 2964 um
1374 2914 1435 2973 ue,

52 3038 56 3045 ·
129 3011 161 3069 et
183 3008 259 3077 1‚t0
278 3018 334 3092 *pe
349 3018 383 3065 m
401 3017 459 3089 qu
474 3017 605 3066 namna
620 3016 687 3068 *sci
706 2991 764 3065 025
779 3015 829 3066 *aa
846 3015 942 3070 ansa,
956 2999 999 3065 et.
1013 2999 1049 3065 h.
1066 2998 1089 3064 l.
1140 3015 1271 3065 annana
1288 3019 1356 3071 aar*
1376 3019 1438 3093 ῑεετ

129 3124 185 3199 qne
204 3126 239 3172 nr
261 3124 330 3197 qm,
356 3115 391 3175 et
415 3109 602 3198 perspicies
625 3108 680 3173 vel
700 3131 739 3174 os
762 3105 1119 3195 solajconstructione,
1139 3113 1193 3189 2,1
1218 3111 1354 3178 narrari
1373 3112 1439 3178 im-

128 3216 261 3304 pletum
276 3216 416 3282 tandem
432 3214 519 3280 illud
535 3214 752 3297 mandatum,
770 3212 863 3302 quod
879 3217 955 3295 1,a0
972 3211 1215 3300 imponebatur
1229 3217 1344 3282 statim
1364 3225 1441 3307 post

128 3324 383 3411 exploratorum
396 3321 634 3388 rebellionem.
653 3327 742 3406 Ergo
754 3319 841 3386 illud
852 3325 975 3406 Moyses
989 3340 1059 3384 non
1071 3318 1203 3400 statim,
1222 3323 1360 3408 quando
1376 3327 1440 3391 im-

132 3430 591 3516 ponebatur'exseontusest3
607 3427 743 3493 dettexit
755 3427 883 3514 quippe
899 3424 967 3491 iter
986 3446 1025 3490 ex
1040 3424 1173 3490 Pharan
1190 3425 1362 3507 Cadesam,
1381 3432 1439 3496 sed

131 3535 301 3622 apostasia
315 3536 461 3602 Cadesae
475 3535 564 3600 faeta
580 3535 652 3600 eius
665 3553 884 3621 progressum
902 3535 1034 3595 morata
1048 3534 1113 3611 est,
1130 3530 1204 3595 eius
1218 3530 1255 3595 in
1271 3534 1438 3621 populum
1488 3606 1492 3613 ,

130 3641 366 3708 auctoritatem
388 3639 566 3708 concussit.
590 3645 772 3706 Exsecutus
793 3643 842 3705 est
862 3636 1001 3703 tandem
1024 3639 1100 3724 post
1120 3639 1343 3726 compositam
1365 3662 1438 3709 ma-

129 3768 235 3832 gnam
249 3747 464 3835 apostasiam.
480 3747 564 3814 Hinc
575 3747 675 3813 facile
691 3749 944 3834 componuntur
955 3746 1063 3808 textus
1078 3741 1205 3830 plures.
1223 3748 1321 3812 Num.
1341 3754 1440 3826 tilia
1534 3778 1538 3786 ·

130 3859 164 3919 et
190 3859 284 3921 [taut.
315 3859 393 3933 t,'e0
419 3854 572 3920 nondum
601 3853 765 3919 iubentur
791 3850 932 3917 Hebraei
961 3855 1114 3914 montem
1143 3849 1215 3915 Seir
1243 3852 1438 3936 circumire,

132 3960 227 4027 cuius
245 3960 340 4027 illico
360 3960 595 4027 circumeundi
613 3965 686 4026 tum
706 3979 775 4023 non
791 3963 863 4023 erat
883 3955 986 4037 ratic,
1004 3977 1082 4021 curn
1102 3962 1213 4022 essent
1226 3962 1268 4021 37
1288 3959 1386 4026 annis
1405 3961 1441 4028 in

131 4069 264 4135 deserto
276 4067 468 4148 detinendi3
483 4067 645 4135 iubentur
660 4064 820 4131 recedere
832 4064 868 4130 in
878 4061 1065 4129 directione
1077 4062 1171 4128 Haris
1185 4063 1302 4156 auhn,
1319 4069 1442 4135 Verum

130 4197 347 4266 nequaquam
362 4198 426 4264 per
443 4175 581 4259 longius
597 4179 732 4261 tempus
751 4169 918 4237 dilaturus
936 4174 1009 4235 erat
1024 4173 1151 4255 Moyses
1164 4168 1272 4235 divini
1289 4173 1444 4241 mandati

133 4285 398 4365 exsecutionem,
418 4303 530 4370 neque
553 4281 625 4346 eius
646 4278 799 4367 aliquam
823 4276 1077 4362 mitigationem
1101 4275 1229 4364 populo
1251 4284 1445 4348 constanter

135 4390 324 4457 rebellante
349 4411 368 4456 a
397 4387 499 4455 tahve
526 4391 659 4476 poterat
687 4384 759 4474 ipse
785 4388 991 4473 exspectare.
1018 4380 1112 4448 Unde
1137 4381 1280 4464 inieras,
1306 4393 1446 4453 eventus

135 4500 232 4564 Num.
250 4502 327 4578 20,1
348 4501 381 4562 et
395 4501 535 4577 tufi-13
549 4515 618 4559 non
631 4491 736 4577 longo
749 4489 913 4580 temporis
928 4487 1109 4555 intervallo
1125 4488 1283 4557 distitisse
1298 4491 1342 4556 ab
1357 4492 1446 4557 invi·
1473 4575 1476 4582 1

97 4661 99 4665 ,
137 4624 210 4669 cena
227 4609 292 4669 eta
308 4602 496 4669 rebellione
511 4606 609 4667 Num.
630 4605 668 4664 13
685 4622 735 4687 sq.
754 4597 1075 4686 Exortasmultorum
1094 4617 1264 4662 annorum
1280 4597 1446 4684 apostasia

139 4710 224 4776 iuu'a
241 4710 305 4776 iter
324 4710 467 4776 distulit.
490 4707 585 4786 Quod
601 4730 640 4774 ea
657 4705 844 4795 composita
858 4704 952 4770 illico
972 4706 1184 4790 resumptum
1206 4708 1271 4781 est,
1290 4722 1359 4767 non
1378 4703 1447 4770 iarn

521 4827 697 4864 renuntiatam.
714 4839 745 4848 -
762 4826 839 4862 cona.
859 4825 883 4861 ru
901 4823 974 4860 neor.
992 4811 1070 4857 -1s
