3366 5346
214 262 272 320 999
686 272 798 319 orario
821 271 926 316 uersis
947 272 1050 316 rurus.

212 415 268 477 Ex.
285 418 324 477 19
334 411 462 501 priora,
480 411 523 478 ad
536 414 693 498 portenta
703 408 739 472 in
750 410 904 493 Aegypto
918 407 1018 486 iacta,
1032 426 1120 494 (puae
1135 406 1318 473 cumulatis
1329 407 1532 475 nominibus

210 525 398 604 exaggerat
423 543 454 583 v,
487 522 529 584 3li
549 539 556 586 ς
577 544 593 577 u
610 515 639 581 si
658 513 739 602 fecit
754 516 855 592 Deus,
878 525 916 577 ut
936 511 1212 601 iuqredereturet
1225 512 1357 579 tolleret
1369 513 1434 579 sibi
1447 538 1531 604 qen

211 635 278 689 teni
296 624 337 690 ile
358 625 470 691 aredio
490 624 668 690 nationum
690 648 705 679 »
727 658 771 670 -
793 619 916 708 reliqui
941 640 948 686 ε
971 621 1011 684 dr
1027 618 1139 684 medio
1154 619 1280 707 peritis,
1300 642 1382 705 ergo
1398 622 1468 688 iere
1487 614 1531 689 de

209 730 323 796 medio
339 733 455 822 stirpis
474 732 601 798 electae
628 727 839 794 Semitarum
858 725 914 790 vel
935 725 1201 795 Noaohidarum.
1219 727 1404 815 Profecit,
1423 731 1527 797 Hebr.

209 838 366 921 teretinil,
386 845 458 904 erat
477 839 513 903 in
539 839 605 902 hoc
629 833 737 901 voluti
761 832 872 899 audax
890 831 1032 921 aliquod
1051 833 1341 921 experimentum
1359 841 1392 900 et
1406 835 1528 902 eadem

207 946 493 1025 santumnium)
512 966 589 1009 mox
612 941 838 1030 repetitur-
859 967 874 1000 u
893 961 959 1030 per
979 939 1194 1021 tentationes,
1212 939 1313 1029 siquo
1332 954 1435 1031 atque
1443 965 1524 1032 por-

209 1066 315 1135 tenta,
334 1076 400 1144 per
422 1072 579 1142 perquam
604 1062 636 1115 et
662 1050 834 1114 rotumum
858 1068 1000 1112 orarium
1022 1059 1265 1135 extentumque
1285 1047 1471 1132 bruelium,
1495 1065 1528 1117 et

209 1162 385 1228 horribiles
411 1158 554 1224 visiones
577 1156 675 1222 iusta
702 1153 837 1236 omitia,
855 1175 941 1242 quor
958 1152 1046 1240 serit
1059 1175 1122 1242 pro
1142 1154 1234 1219 arabis
1251 1154 1417 1221 Dominus
1437 1160 1528 1224 Deus

209 1282 317 1335 uester·
341 1268 378 1333 in
401 1268 569 1354 aeqypto,
594 1261 791 1328 ridentibus
812 1259 920 1325 orariis
946 1260 1013 1327 tuis
1035 1288 1065 1325 ».
1088 1264 1269 1350 Comperta
1283 1261 1369 1328 haec
1391 1262 1527 1330 halietis

210 1398 280 1442 non
304 1397 368 1464 par
385 1379 503 1452 testes,
525 1369 584 1437 sed
606 1368 672 1457 ipsi
696 1367 829 1433 vidistis
850 1389 879 1432 v.
906 1372 947 1431 35
968 1369 1038 1434 :Tu
1060 1364 1189 1451 vidisti,
1214 1395 1229 1429 α
1253 1381 1289 1433 ut
1311 1368 1426 1447 scires,
1444 1393 1528 1459 quo·

210 1482 306 1548 niani
323 1478 488 1546 Dominus
505 1476 574 1566 ipsc
590 1477 937 1553 millenariorum!
952 1472 1042 1538 alius
1054 1485 1195 1562 praeter
1210 1496 1288 1540 euin
1305 1503 1335 1542 o.
1353 1476 1417 1541 Sed
1434 1475 1525 1542 illico

209 1587 299 1654 redit
323 1585 432 1652 oratio
459 1583 501 1649 ad
532 1581 717 1648 maximum
738 1577 893 1645 omnium
921 1579 967 1665 (v.
992 1579 1046 1661 33)
1074 1578 1280 1646 beneficium
1299 1604 1331 1647 v.
1353 1588 1394 1647 36
1413 1605 1420 1650 :
1440 1610 1456 1642 «
1478 1586 1527 1648 De

211 1692 301 1760 coelo
328 1705 358 1758 te
386 1690 473 1778 feeit
496 1687 617 1755 crudire
641 1709 752 1752 rocem
776 1707 890 1768 saturn,
911 1697 948 1750 ut
968 1684 1101 1751 doceret
1122 1698 1166 1770 te,
1191 1699 1224 1752 et
1247 1687 1283 1752 in
1299 1699 1388 1754 terre
1414 1701 1525 1754 osten-

210 1799 262 1865 rlit
290 1798 353 1864 tibi
385 1797 498 1886 iqnern
522 1817 621 1860 suurn
644 1792 851 1872 tirocinium,
878 1803 911 1856 et
932 1789 1064 1857 credisti
1090 1791 1204 1879 [rerba
1228 1792 1333 1882 illius]
1351 1793 1391 1860 de
1412 1794 1524 1861 aredio

209 1905 300 1995 iynr's
331 1933 361 1971 »‚
391 1904 536 1970 Advorte
561 1900 813 1991 oppositionem
840 1899 930 1964 iuter
953 1898 1084 1965 coelum
1112 1905 1312 1983 eternam,
1338 1901 1398 1990 qui
1421 1901 1525 1968 adibo

207 2018 368 2101 poterunt
391 2010 455 2075 boc
477 2007 683 2074 beneficium
707 2029 767 2073 suo
789 2004 983 2072 testimonio
1006 2006 1218 2073 confirmare.
1243 2007 1367 2073 Eadem
1383 2030 1447 2073 vox
1467 2013 1521 2076 Ex.

210 2125 249 2185 19
263 2125 296 2185 et
316 2118 357 2184 de
371 2117 464 2183 coelo
479 2114 736 2190 exaudiebatur,
755 2120 788 2178 ct
804 2113 846 2180 de
865 2112 1017 2190 nubibus
1032 2112 1181 2180 tonitrua
1196 2118 1230 2180 ct
1240 2114 1379 2201 fulgura
1395 2114 1527 2182 edenti-

207 2226 283 2305 bus
302 2246 389 2312 quac
404 2227 514 2288 totum
528 2220 624 2288 Sinai
639 2219 882 2287 obvolvebant.

253 2329 387 2396 Claudit
409 2329 596 2393 orationem
617 2349 650 2391 v.
676 2333 788 2404 37-70,
816 2324 877 2390 ubi
895 2348 926 2390 v,
950 2332 992 2390 37
1012 2348 1062 2414 sq.
1088 2332 1136 2392 est
1158 2326 1325 2415 prodosiS‚
1349 2351 1378 2393 v.
1406 2337 1447 2395 39
1471 2352 1522 2418 sq.

209 2434 367 2526 apodosis
384 2434 492 2522 (lin).
511 2432 637 2522 Incipit
657 2434 786 2521 quippo
803 2454 834 2496 v.
856 2438 899 2496 37
915 2430 1055 2498 vocibus
1075 2448 1104 2494 a:
1120 2448 1200 2507 nou,
1212 2456 1279 2522 pro
1295 2455 1333 2500 eo
1354 2434 1449 2525 quod
1466 2436 1523 2524 (cf.

209 2547 322 2624 ΞΜ),
340 2547 452 2623 9999,
469 2539 599 2628 9837),
618 2560 763 2627 quarum
776 2559 895 2604 sensus
911 2544 971 2621 est,
989 2560 1052 2626 pro
1067 2539 1157 2605 iacto
1170 2541 1272 2606 unius
1288 2540 1430 2629 rependi
1454 2542 1524 2608 lac-

207 2657 281 2716 tum
307 2648 460 2715 alterius.
486 2651 595 2724 Quare
619 2645 834 2736 repudianda
861 2649 910 2711 est
935 2646 1142 2712 constructio
1167 2645 1270 2713 Keil:
1288 2648 1371 2736 quia
1393 2647 1523 2730 dilexit,

207 2757 285 2823 ideo
311 2754 427 2842 clegit.
456 2776 488 2821 v.
505 2760 548 2819 37
567 2783 581 2813 a
603 2752 692 2834 Qiria
710 2751 833 2818 ditarit
854 2764 969 2841 putres
988 2764 1075 2832 ticos,
1094 2764 1126 2819 et
1148 2752 1249 2842 clepit
1271 2776 1384 2820 semen
1408 2778 1525 2821 eornm

199 2876 281 2952 post
302 2885 367 2942 ros,
387 2860 576 2949 eririeitpue
597 2871 629 2924 te
651 2858 859 2948 praecedens
883 2885 899 2918 »
922 2880 984 2946 per
1003 2859 1166 2945 angelum
1185 2859 1223 2924 in
1243 2860 1403 2927 columna
1422 2862 1525 2927 nubis

208 2969 250 3055 (T
250 2969 326 3054 ost.)
345 2995 360 3026 a
387 2967 423 3031 in
443 2966 568 3031 virtius
583 2987 646 3030 sira
663 2987 795 3053 rurique
821 2986 862 3029 en
886 2967 1043 3053 aeqypto
1064 2995 1094 3047 »‚
1109 3003 1153 3015 —
1168 2972 1242 3054 post
1264 2967 1432 3034 beneficia
1455 2967 1521 3034 iam

206 3079 347 3160 accepta
360 3076 526 3160 sequntur
537 3071 602 3136 alia
615 3069 786 3136 beneficia
798 3069 977 3136 demortuo
986 3076 1096 3157 Moyse
1108 3072 1248 3138 iamiam
1262 3073 1470 3140 conferenda
1480 3113 1525 3124 —

205 3201 237 3245 v.
257 3185 298 3244 38
326 3205 338 3238 u
365 3189 403 3243 ut
416 3165 1102 3264 deleretnotionesrnueirirosrefertiores
1123 3191 1155 3243 te
1179 3179 1215 3243 in
1230 3179 1373 3246 irnroitn
1399 3194 1468 3261 tero,
1491 3193 1523 3246 et

207 3283 440 3351 introduceret
451 3295 482 3349 te
494 3282 658 3372 duretque
670 3281 734 3348 tibi
744 3294 870 3349 terrum
883 3305 1001 3348 eurum
1016 3283 1052 3349 in
1064 3287 1320 3374 possessionem,
1337 3287 1425 3354 sicut
1438 3288 1523 3375 [cer-

206 3391 273 3480 nis]
295 3394 331 3457 in
352 3391 530 3481 praesenti
552 3389 610 3456 die
630 3417 660 3471 »‚
682 3429 726 3438 —
742 3412 774 3455 v,
795 3395 836 3455 37
856 3402 972 3479 prinus
997 3390 1152 3477 intellige
1176 3392 1256 3459 inde
1283 3393 1328 3459 ab
1350 3393 1522 3460 Abraham

209 3490 328 3587 (Coi),
346 3499 443 3567 cuius
462 3519 578 3565 semen
601 3490 806 3584 eligebatur.
827 3501 864 3562 ln
890 3519 958 3585 quo
982 3497 1111 3563 semine
1139 3500 1279 3565 omnino
1301 3499 1523 3566 includuntur

209 3605 312 3670 etiam
325 3618 441 3692 petras
465 3605 528 3688 illi,
550 3606 610 3694 qui
635 3605 669 3670 io
690 3603 824 3670 deserto
845 3603 970 3670 mortui
988 3609 1067 3670 sunt
1083 3604 1204 3693 (913),
1225 3627 1409 3695 secumque
1424 3606 1524 3672 valde

207 3709 292 3775 dure
306 3709 364 3795 agi
380 3715 635 3798 reputaverant.
653 3715 801 3787 Quorum
817 3709 908 3799 filios
923 3716 1038 3776 monet
1054 3716 1191 3798 lloyscS,
1206 3718 1308 3778 Deum
1324 3712 1403 3780 illos
1418 3713 1522 3780 ctiam

206 3821 322 3905 patres
348 3837 493 3899 ancusae,
517 3816 672 3883 debuisse
693 3817 770 3884 illos
786 3839 857 3883 nou
877 3818 1001 3882 lahvcn
1015 3839 1128 3906 noque
1148 3821 1292 3904 Moysen,
1307 3819 1368 3886 sed
1384 3842 1419 3886 se
1434 3821 1524 3909 ipsos

204 3924 256 3989 sui
270 3922 429 3990 interitus
440 3945 516 3989 reos
537 3923 662 3990 lacere.
676 3926 777 3990 chr.
796 3930 915 3990 eontra
928 3946 1047 3990 omnes
1058 3938 1194 4014 petrem
1212 3936 1325 4007 terion,
1339 3939 1417 4016 post
1431 3949 1518 4008 eriere,

202 4029 264 4094 ubi
296 4036 393 4117 pater
421 4029 485 4095 erit
511 4029 757 4116 intelligendus
787 4030 878 4097 solus
903 4030 1089 4098 Abraham.
1113 4035 1218 4108 Quam
1245 4033 1426 4099 lectionem
1451 4054 1521 4098 esse

203 4133 317 4200 urinas
332 4136 564 4222 probabilem,
583 4135 765 4202 confirmat
783 4137 886 4202 etiam
901 4136 995 4203 locus
1013 4137 1200 4227 parallelus
1217 4145 1329 4220 10‚15.
1347 4181 1391 4189 —
1405 4138 1523 4229 Sequi-

202 4247 259 4305 tur
277 4238 346 4305 iam
363 4241 533 4329 apodosis,
553 4264 640 4331 quam
658 4243 833 4331 potissima
854 4243 921 4309 duo
943 4246 1107 4310 orationis
1128 4246 1241 4333 capita
1255 4268 1390 4313 rursum
1411 4246 1522 4312 incul-

205 4351 271 4424 cat,
291 4347 581 4414 monotheismum
600 4371 633 4415 v.
650 4354 691 4415 39
717 4353 751 4414 et
774 4349 1046 4416 observationem
1068 4352 1310 4420 mandatorum
1332 4377 1364 4420 v.
1388 4360 1441 4436 lib,
1459 4352 1521 4418 ad-

205 4453 277 4519 dita
303 4453 539 4543 prosperitatis
564 4460 597 4521 et
623 4454 866 4541 longaevitatis
892 4456 1128 4546 promissione.
1154 4481 1186 4526 v.
1216 4466 1258 4526 39
1288 4489 1304 4522 «
1325 4459 1421 4530 Scito
1441 4483 1519 4550 erpo

204 4558 305 4626 bodie
319 4572 351 4626 et
368 4561 517 4650 capituto
537 4560 573 4628 in
587 4561 686 4628 corde
702 4573 760 4628 tuo
779 4591 809 4647 »,
827 4601 868 4611 -
884 4561 984 4630 corde
999 4564 1130 4631 revolar
1147 4605 1189 4614 —
1210 4595 1226 4628 <i
1246 4566 1340 4656 qriod
1353 4568 1521 4634 noniano

205 4668 275 4757 ipse
294 4667 338 4734 sit
359 4671 446 4736 Deris
470 4668 505 4735 in
525 4668 607 4736 caelo
627 4691 762 4736 sursum
782 4682 815 4736 et
836 4669 871 4737 in
891 4682 981 4738 terra
1003 4669 1173 4755 deorsum,
1191 4685 1224 4740 et
1239 4697 1307 4740 raon
1322 4675 1366 4741 sit
1381 4675 1470 4742 nlius
1488 4704 1518 4744 o.
