3366 5346
635 345 722 388 ouer.
747 328 818 397 3:3,8
834 344 876 395 so.
1353 333 1411 390 au

96 477 225 542 tutione
248 490 278 542 ct
305 475 467 543 iudicasti
491 476 539 542 acl
562 481 680 566 Aquas
700 475 989 544 Contradictioms
1015 504 1045 542 o.
1072 477 1167 543 Falso
1197 481 1288 544 LXX
1312 479 1411 547 initio

94 582 282 649 sentcntiae
304 581 498 671 praefigunt
526 586 615 663 Δότε,
641 590 673 650 et
698 584 813 649 onmia
834 582 955 649 suffixa
976 589 1190 672 pervertunt.
1210 596 1311 671 ποῦ
1330 575 1412 648 atah

95 695 144 756 est
168 689 239 754 circ
265 688 376 754 sancti
403 688 466 769 tui,
489 712 573 775 crgo
603 713 682 757 sane
711 689 860 777 Moysis:
887 691 1093 756 constructio
1122 688 1225 771 dura,
1254 691 1409 772 obseura,

94 801 219 882 Moyses
242 817 310 860 non
330 796 505 861 consuevit
525 819 560 862 se
583 797 698 885 ipsum
721 795 889 863 eiusmodi
915 794 1076 883 epithetis
1100 795 1302 863 laudatoriis
1324 798 1412 864 eele-

94 902 209 968 brare.
235 905 383 968 Fortasse
403 901 589 987 legendum
610 918 696 989 quon
715 917 790 973 aava,
809 901 881 967 ciro
894 901 1029 990 scocris
1047 901 1110 983 tui,
1132 901 1205 967 viro
1221 925 1323 992 quem
1345 906 1411 971 ele-

95 1007 174 1095 gisti
192 1027 199 1072 :
218 1007 309 1074 urim
326 1013 360 1074 ct
374 1007 569 1074 Thummim
591 1009 700 1075 libera
720 1010 777 1076 Dei
791 1008 957 1076 electione
977 1008 1102 1074 collata
1116 1014 1195 1074 suut
1209 1008 1299 1076 Levi.
1317 1010 1408 1089 Lcoi,

95 1114 144 1180 uti
160 1119 265 1202 patet,
284 1111 461 1180 collective
479 1114 698 1200 intelligitur,
718 1120 767 1182 est
785 1116 860 1205 ipsa
877 1113 999 1194 tribus,
1015 1136 1104 1203 quae
1120 1115 1156 1180 iu
1177 1137 1325 1204 persona
1347 1121 1410 1182 Aa·

95 1243 156 1286 ron
177 1225 288 1305 gestat
302 1218 394 1285 Urim
411 1226 445 1286 et
463 1221 657 1288 Thummim
679 1244 784 1310 seque
805 1221 906 1308 Moysi
925 1219 1061 1287 fidelem
1080 1220 1235 1288 exhihuit
1260 1222 1411 1311 primum

94 1327 130 1392 in
141 1329 265 1408 Massa,
280 1326 374 1414 quod
385 1331 441 1393 Ex.
462 1333 539 1409 1u‚7
556 1330 599 1414 (v.
617 1351 643 1394 s.
657 1328 701 1395 ad
717 1334 812 1395 [teut.
828 1327 921 1416 (tlt)
934 1332 1122 1394 estnomon
1135 1328 1312 1416 proprium
1332 1329 1409 1410 loci,

95 1433 156 1499 ubi
170 1434 320 1521 primum
334 1455 424 1521 aqua
440 1455 458 1499 e
476 1456 561 1523 rupe
576 1434 790 1510 eliciebatur,
808 1439 904 1502 [teat.
920 1439 1000 1514 932
1016 1434 1195 1522 copulatur
1214 1435 1412 1503 nominibus

95 1539 244 1628 propriis
258 1539 387 1605 Tabera
406 1544 439 1605 ct
461 1540 604 1616 Qibroth
623 1541 808 1607 ha-Taawa
829 1541 940 1628 (Num.
965 1541 1117 1627 thaat)
1138 1560 1145 1606 :
1163 1562 1247 1627 ergo
1263 1542 1299 1609 h.
1317 1541 1341 1609 l.
1360 1565 1413 1609 co

96 1646 252 1734 putatum
274 1645 407 1711 nomini
431 1648 571 1735 proprio
592 1651 638 1714 tle
656 1648 808 1713 tleribah
828 1679 869 1704 =
890 1652 1006 1736 Aquae
1028 1646 1313 1714 Contradictionis
1331 1649 1411 1714 item

95 1751 334 1841 accipiendum
356 1759 406 1818 est
432 1775 495 1841 pro
517 1753 657 1820 nomine
679 1753 833 1844 proprio.
853 1753 970 1821 Dices:
989 1752 1164 1831 Quomodo
1187 1757 1309 1837 Massae
1338 1777 1414 1844 spe-

96 1858 218 1924 cialem
238 1880 320 1947 prae
336 1858 457 1924 ceteris
472 1859 609 1927 laudem
627 1860 753 1926 meruit
767 1860 865 1927 Levi‘t
877 1858 1076 1949 Respondeo
1090 1859 1138 1940 id,
1155 1860 1330 1949 quomodo
1344 1862 1413 1927 lao-

95 1968 168 2030 tum
193 1965 248 2045 sit,
270 1968 327 2029 ux.
347 1970 388 2029 17
409 1985 471 2029 nos
490 1964 583 2031 haud
606 1965 759 2043 edoceri;
775 1965 961 2032 certissime
984 1965 1111 2030 factum
1132 1986 1205 2032 esse
1229 1967 1264 2031 h.
1285 1964 1309 2033 l.
1334 1966 1414 2032 edo-

96 2091 224 2136 cemur.
245 2074 296 2136 Sc.
314 2091 383 2135 non
406 2070 533 2151 omnia,
549 2093 638 2159 quac
661 2072 749 2138 facta
764 2078 854 2153 sunt,
872 2073 909 2137 in
929 2072 1170 2159 pentateucho,
1187 2070 1300 2160 qualis
1322 2093 1413 2140 nuuc

96 2180 156 2256 est,
175 2175 331 2242 distincte
355 2181 541 2242 narrantur
567 2177 623 2265 (cl.
641 2177 730 2265 Da).
750 2182 832 2243 Com
855 2199 957 2266 porro
987 2176 1132 2243 verbum
1152 2192 1265 2241 tanain
1294 2178 1413 2267 utique

98 2282 155 2369 (cl.
178 2305 209 2349 v.
231 2285 260 2368 9)
290 2280 426 2348 laudem
449 2282 576 2349 haheat
597 2285 687 2362 Levi,
709 2282 781 2349 noli
804 2288 936 2350 vertere
962 2294 1081 2350 contra
1107 2305 1209 2371 quem
1227 2285 1409 2373 jamnasii,

95 2388 154 2455 sed
172 2411 237 2477 pro
262 2410 329 2476 quc
352 2388 518 2476 pacqncsti
535 2389 712 2478 (Wellli.);
730 2411 819 2478 quae
841 2388 1025 2477 expressio,
1043 2390 1183 2479 quando
1204 2411 1318 2456 veram
1343 2412 1413 2457 res-

97 2494 179 2584 picit
193 2515 347 2583 pugnam
364 2495 420 2581 (cl.
438 2516 470 2560 v.
488 2498 535 2582 7),
554 2495 658 2562 habet
673 2485 700 2569 h,
715 2494 855 2584 quando
875 2496 1012 2585 respicit
1026 2496 1279 2562 contentionem
1298 2518 1413 2562 eoram

96 2599 223 2682 iudice,
239 2599 343 2665 habet
365 2601 596 2667 accusativum
619 2601 673 2689 (ts.
703 2607 794 2683 1,17;
816 2603 931 2689 5132)
951 2622 959 2669 ε
979 2621 1063 2686 ergo
1083 2606 1174 2668 recte
1201 2603 1298 2689 Vcclq.
1324 2600 1414 2667 iadi-

98 2705 183 2773 casti
202 2705 258 2793 (ct.
282 2709 361 2793 Syr.
385 2703 471 2770 Chul
480 2704 533 2791 t).
550 2706 711 2772 Probavit
727 2712 843 2774 autem
866 2708 978 2787 lahve
992 2707 1105 2773 Levim
1131 2707 1176 2773 ad
1196 2711 1310 2797 Aquas
1330 2711 1414 2774 Con·

97 2812 309 2899 tradiotioois
331 2816 363 2877 et
379 2833 443 2900 pro
466 2834 505 2878 eo
527 2814 731 2880 seutentiam
746 2813 837 2889 tulit,
856 2812 994 2901 quando
1009 2835 1167 2880 concesso
1180 2814 1318 2880 tandem
1335 2836 1415 2902 por-

97 2923 191 2985 tento
215 2939 325 3007 aquae
348 2940 366 2983 e
388 2941 474 3007 rupe
494 2918 629 2986 elicitae
651 2919 889 3010 comprobavit
910 2941 1049 2987 causam
1070 2919 1192 3006 Moysis
1211 2925 1244 2986 et
1257 2921 1411 3001 aaronis,

97 3048 117 3090 a
135 3046 282 3115 quorum
297 3024 455 3114 partibus
467 3024 578 3092 stabat
593 3025 703 3093 tribus
718 3028 804 3093 Levi.

141 3130 206 3197 Sed
220 3131 412 3198 accuratius
435 3131 641 3199 describitur
660 3134 745 3200 haec
767 3133 852 3200 fides
874 3133 953 3200 Levi
975 3155 1006 3198 v.
1025 3138 1068 3200 9:
1087 3161 1102 3194 «
1131 3133 1200 3213 Qui
1215 3132 1304 3199 dicit
1320 3132 1415 3223 patri

96 3260 157 3305 suc
177 3248 210 3305 ct
228 3237 336 3304 metri
354 3260 438 3304 acccc
451 3259 463 3302 .·
483 3238 606 3305 Nescio
629 3263 697 3323 vos,
724 3252 756 3306 ct
771 3240 941 3325 fratribus
957 3239 1028 3305 suis·
1046 3261 1058 3305 .·
1076 3242 1201 3327 lqncro
1217 3262 1285 3321 eoo,
1308 3251 1340 3305 et
1355 3263 1415 3305 atc-

98 3345 248 3410 sciercmt
267 3343 360 3431 lilios
379 3366 457 3409 suos
483 3373 514 3411 a.
533 3346 642 3411 Lectio
659 3345 810 3431 genuina
834 3351 884 3410 est
905 3360 995 3407 insat
1014 3344 1150 3431 (Sami,
1173 3344 1283 3422 video,
1303 3344 1415 3409 cousi·

98 3450 189 3528 dcco,
210 3471 313 3537 quam
330 3449 537 3536 explicantes
552 3451 646 3516 varia
662 3451 871 3538 adscripscre
883 3451 1002 3515 suffixa
1020 3471 1028 3514 :
1048 3452 1138 3514 LXX
1156 3461 1201 3529 tc,
1224 3449 1319 3536 l’ulp.
1342 3471 1411 3516 cos.

98 3554 323 3645 Reduplicato
345 3556 517 3642 sequentis
532 3557 621 3622 vocis
636 3573 646 3618 ·.
669 3556 793 3622 initiali
810 3561 884 3622 orta
898 3562 949 3622 est
963 3554 1064 3622 lectio
1081 3557 1181 3620 chc.
1199 3557 1277 3642 Syr.
1294 3569 1411 3618 tentat.

100 3663 242 3751 Reliqua
258 3661 327 3726 duo
344 3659 449 3726 verba
464 3682 534 3726 uon
557 3667 636 3727 sunt
655 3663 817 3728 orationis
831 3663 995 3744 directae,
1012 3667 1091 3728 suut
1108 3661 1240 3745 tertiae,
1253 3682 1322 3727 non
1344 3660 1414 3750 pri-

99 3791 176 3835 mae
186 3789 351 3856 personae
365 3786 371 3832 :
385 3789 453 3832 nco
466 3768 624 3857 respexit,
639 3768 790 3834 nesciuit.
809 3768 906 3857 Apud
921 3773 1035 3850 Massa,
1049 3775 1084 3833 et
1094 3766 1306 3857 potissimum
1322 3767 1414 3855 apud

99 3880 145 3941 lle
166 3873 333 3954 tleribah,
357 3873 544 3962 postposita
575 3876 668 3940 omni
698 3875 1024 3961 consanguineitatis
1054 3875 1200 3956 ratione,
1228 3872 1415 3961 repudiatis

99 3981 154 4048 vel
164 3980 207 4046 iis
221 3980 366 4046 aliarum
384 3979 538 4046 tribuum
549 3980 758 4062 hominihus,
769 3983 827 4069 qui
841 3980 964 4047 Levitis
973 3987 1085 4047 esseut
1098 3979 1205 4046 instar
1217 3984 1412 4067 parentum,

101 4088 263 4169 liliorum,
280 4088 439 4170 fratrum,
458 4086 569 4154 tribus
588 4088 664 4154 Levi
684 4088 784 4174 Moysi
801 4087 968 4154 adhaesit.
984 4086 1058 4152 Fuit
1079 4109 1161 4172 ergo
1181 4085 1274 4174 apud
1290 4089 1336 4151 tte
1355 4090 1417 4151 tte·

100 4194 203 4261 ribah
233 4192 413 4260 dissidium
442 4194 608 4273 tribuum,
625 4193 660 4260 in
685 4217 753 4283 quo
778 4193 888 4259 tribus
917 4195 992 4260 Levi
1018 4215 1035 4259 e
1063 4191 1223 4259 tribubus
1248 4190 1333 4272 sola,
1357 4197 1416 4257 aut

102 4308 192 4366 certe
212 4301 282 4367 tere
300 4300 373 4365 sola
395 4304 428 4365 et
449 4300 571 4366 ceteris
591 4299 782 4388 quibusque
807 4299 953 4381 fidelius,
972 4300 1073 4385 Moysi
1092 4297 1295 4364 adhaeserit.
1314 4302 1415 4364 Secus

102 4405 194 4470 enim
211 4429 280 4472 nou
296 4412 381 4472 esset
405 4405 575 4472 sufficiens
595 4405 681 4472 ratio
696 4405 800 4472 solius
816 4405 925 4473 tribus
951 4405 1028 4472 Levi
1049 4405 1094 4471 ob
1115 4426 1190 4471 eam
1215 4403 1414 4471 fidelitatem

102 4511 407 4579 commendandae.
426 4516 465 4578 Et
481 4534 599 4601 reapse
614 4514 662 4577 ita
677 4511 977 4602 reprehenduntur
995 4517 1046 4578 Ps.
1064 4517 1106 4578 aa
1120 4512 1223 4597 (95t,8
1241 4532 1290 4596 sq.
1307 4508 1416 4573 trihus

102 4615 256 4705 reliquae
276 4619 320 4683 oh
344 4624 419 4685 acta
443 4641 503 4686 sua
529 4619 620 4707 apud
645 4617 805 4697 tleribah,
822 4620 871 4684 uti
899 4619 933 4685 h.
963 4618 986 4684 l.
1017 4623 1157 4707 propter
1182 4638 1242 4682 sua
1266 4614 1314 4680 ih.
1342 4616 1415 4679 acta

103 4723 365 4791 commendatur
385 4725 462 4794 Levi
485 4744 492 4791 :
515 4725 623 4792 Nolite
639 4724 808 4790 obdurare
828 4724 932 4791 corda
952 4731 1063 4791 vestra
1084 4722 1172 4788 sicut
1190 4723 1226 4787 in
1248 4718 1413 4801 lllcribulq
