3366 5346
648 313 737 358 usur.
762 299 852 368 aaut
875 315 937 368 sco.
1032 344 1042 370 ,
1392 303 1450 361 469
1543 359 1544 362 ,

137 472 255 517 recens
275 456 394 516 natum
420 447 587 514 infantem
614 468 621 514 :
651 473 667 507 a
695 447 749 513 vel
772 448 864 537 ipsas
887 470 952 530 res,
970 472 990 516 a
1009 450 1135 538 quibus
1159 455 1283 516 natura
1303 451 1449 517 maxime

137 557 311 636 abhorret,
329 559 362 620 et
378 552 669 620 immundissimas
690 554 872 642 spurcitias
895 583 911 616 n
938 554 1019 643 (Cei
1055 555 1091 643 .).
1114 557 1324 645 Supponitur
1343 558 1451 642 igitur

137 684 305 752 puerpera
321 660 456 750 prolem
474 681 591 726 recens
605 659 766 739 edidisse,
783 660 818 727 in
838 683 955 751 quam,
972 663 1022 728 uti
1038 663 1140 728 etiam
1159 663 1194 727 in
1209 662 1381 742 illuviem,
1402 663 1449 729 ir-

136 774 242 835 ruunt
256 768 400 834 maritus
417 771 451 834 et
467 765 581 847 liberi,
599 766 710 832 diram
732 767 861 833 samem
881 768 1053 849 horrendo
1072 768 1148 835 cibo
1167 768 1324 858 sopituri,
1347 791 1450 858 quem

135 875 204 942 illis
224 875 354 941 invidet
374 878 495 940 mater.
516 872 691 939 Eiusmodi
714 873 921 963 quandoque
947 876 1036 941 lacta
1062 897 1146 957 esse,
1165 873 1296 942 disccc
1323 880 1341 940 t
1365 880 1449 962 Reg.

136 988 227 1064 (5283
245 982 367 1047 Thren.
387 987 477 1063 t,10;
496 986 587 1062 2,20;
610 981 740 1046 Baruch
763 987 821 1061 ΞΩ
845 985 1000 1048 nostrum
1023 985 1152 1048 textum
1177 980 1376 1070 appellante
1398 1003 1452 1047 vo-

136 1088 231 1156 cibus
249 1114 264 1147 «
280 1087 446 1177 scriptum
462 1088 497 1152 in
512 1086 589 1173 lege
604 1087 704 1174 lloysi
720 1114 749 1152 n.
766 1086 814 1153 cf.
836 1086 918 1153 item
934 1089 999 1154 Ios.
1017 1086 1100 1155 Bell.
1119 1087 1192 1154 lud.
1208 1092 1271 1153 Vll.
1295 1094 1349 1153 at.

180 1200 299 1261 Textus
316 1216 392 1282 cap.
410 1199 452 1260 28
476 1192 637 1281 primitus
659 1197 737 1282 apte
759 1193 1028 1260 concludebatur
1051 1193 1166 1260 verbis
1189 1217 1221 1260 v.
1243 1200 1284 1260 t5
1311 1215 1362 1282 sq.
1391 1193 1448 1283 (cf.

137 1323 168 1366 v.
202 1308 241 1367 13
263 1301 344 1390 sq.).
370 1300 434 1368 Ubi
454 1300 625 1389 propheta
648 1299 828 1389 adscripsit
851 1322 883 1365 v.
912 1307 1029 1380 t7-57,
1052 1300 1203 1390 oportuit
1219 1305 1359 1367 auctum
1385 1322 1453 1367 ser-

137 1429 275 1474 monem
290 1406 406 1496 aliquo
421 1407 559 1496 epilogo
574 1406 719 1483 absolvi,
736 1428 840 1496 quem
856 1407 963 1474 habes
977 1430 1009 1472 v.
1026 1413 1143 1474 58-68.
1161 1411 1261 1490 llaec,
1277 1407 1328 1473 uti
1343 1429 1375 1472 v.
1395 1412 1452 1472 tr-

138 1522 192 1594 57,
207 1519 285 1580 suut
306 1514 492 1602 prophetae
509 1511 601 1578 illius
616 1512 775 1579 auctoris.
794 1517 919 1599 Moyses
933 1535 1033 1580 suum
1050 1534 1245 1580 sermonem
1260 1513 1452 1580 absolverat

139 1645 169 1687 v.
197 1626 250 1701 to,
275 1642 338 1685 nec
360 1625 433 1686 erat
454 1641 515 1684 cur
534 1618 607 1707 ipse
632 1619 740 1686 alium
759 1620 937 1709 epilogum
961 1624 1101 1686 texeret.
1116 1624 1242 1708 Moyses
1266 1619 1453 1686 documen-

113 1807 117 1814 ,
137 1732 210 1793 tum
229 1725 377 1793 foederis
397 1725 502 1815 (29,ss
517 1719 635 1792 texens
649 1724 770 1792 debuit
789 1747 908 1792 omncs
928 1747 1064 1816 poenas·
1078 1725 1228 1813 neglecti
1246 1725 1395 1792 foederis
1417 1725 1454 1792 in

137 1835 210 1923 ipso
227 1833 434 1899 documento
449 1852 635 1913 recensere,
655 1830 725 1898 sive
742 1831 945 1917 singillatim
961 1832 1031 1899 sive
1051 1831 1302 1899 universalibus
1320 1854 1454 1921 expres·

137 1939 290 2006 sionibus
315 1963 322 2007 :
348 1960 417 2004 nou
445 1943 580 2027 poterat
600 1936 754 2005 indicere
778 1959 905 2027 poenas
930 1939 1075 2028 aliquas,
1096 1965 1112 1999 «
1141 1961 1230 2027 quae
1253 1960 1321 2004 non
1347 1943 1455 2004 essent

138 2047 284 2134 scriptae
309 2044 345 2110 in
368 2045 433 2110 hoc
459 2044 548 2110 libro
573 2043 694 2111 thorae
719 2071 750 2111 ».
769 2043 875 2125 nicea,
897 2066 937 2111 ca
958 2066 993 2110 v.
1018 2049 1057 2111 61
1079 2044 1186 2111 verba
1204 2066 1274 2110 nou
1293 2065 1364 2110 esse
1385 2045 1453 2110 nisi

139 2151 348 2218 rhetoricam
362 2150 590 2240 hyperbolen,
607 2173 640 2216 y.
658 2156 762 2218 aaut
779 2171 897 2239 reapse
912 2172 1030 2217 omnes
1045 2150 1166 2218 haberi
1184 2172 1324 2241 poenas,
1343 2150 1454 2239 neque
1547 2146 1549 2150 ⁴
1678 2160 1682 2167 '

138 2258 224 2324 alias
240 2257 417 2344 graviores
431 2256 649 2346 postmodum
666 2278 738 2322 esse
752 2256 911 2323 Hebraeis
928 2255 1086 2323 inflictas
1101 2255 1167 2322 Sed
1182 2278 1273 2343 nego
1288 2255 1456 2322 eiusmodi

137 2364 348 2454 hyperbolae
368 2364 480 2431 locum
495 2362 599 2429 fuisse
619 2361 655 2429 iu
674 2362 881 2429 documento
902 2362 1060 2429 foederis.

182 2493 215 2535 v.
237 2475 278 2536 58
302 2497 317 2529 ι(
343 2469 421 2536 Nisi
443 2467 642 2535 cicstodieris
665 2481 697 2534 et
716 2468 840 2555 seceris
865 2469 981 2534 oncrtin
1004 2471 1106 2536 cerba
1130 2468 1213 2557 lepis
1235 2468 1349 2550 lecticis,
1366 2491 1454 2554 qecae

138 2575 264 2664 scripta
283 2588 361 2641 siccet
384 2573 501 2640 inlice
521 2573 708 2655 columine,
730 2585 762 2640 et
783 2573 940 2640 timueris
959 2597 1083 2641 nomen
1101 2574 1196 2663 [eius]
1217 2575 1408 2662 gloriosum
1422 2587 1454 2640 ct

140 2681 302 2764 terribile,
321 2680 394 2770 [hoc
419 2681 477 2770 est]
498 2679 682 2746 Dominum
707 2683 817 2747 Deum
835 2692 930 2746 tetum
950 2708 980 2760 »,
998 2719 1042 2730 -
1063 2702 1125 2770 pro
1149 2681 1220 2746 eins
1243 2681 1353 2747 scribe
1377 2681 1451 2749 hoc.

140 2787 306 2856 Scribitur
325 2810 449 2853 nomen
463 2808 527 2876 pro
546 2787 621 2876 ipso
637 2785 755 2869 Iahce3
773 2809 845 2854 non
864 2791 994 2867 tamen,
1012 2785 1105 2875 quod
1122 2786 1326 2876 posteriores
1339 2786 1455 2854 ludaei

139 2895 262 2976 fecere,
283 2893 326 2959 ad
343 2891 627 2983 supprimendam
646 2914 765 2959 vocem
781 2892 894 2975 inlice,
913 2914 992 2960 cum
1009 2892 1094 2959 haec
1112 2891 1206 2959 illico
1223 2891 1451 2960 adscribatur.

139 2999 204 3066 Sed
225 3022 350 3066 nomen
372 3024 392 3067 a
415 3000 585 3089 propheta
611 2998 774 3065 scribitur
794 2998 923 3066 intuitu
946 2998 1068 3087 templi
1091 2998 1401 3086 hierosolymitani,
1416 3000 1453 3066 in

139 3129 206 3196 quo
230 3111 389 3196 posuerat
409 3107 510 3173 lahve
531 3110 774 3195 permanenter
792 3127 917 3172 nomen
937 3127 1035 3173 suum
1063 3105 1119 3192 (cf.
1151 3111 1228 3185 125
1244 3104 1349 3194 etc.):
1378 3105 1454 3193 agi-

138 3218 195 3280 tur
210 3236 257 3280 sc.
279 3212 448 3302 imprimis
468 3212 511 3279 de
536 3213 683 3301 peccatis
701 3211 917 3279 idololatriae
941 3217 975 3278 et
996 3211 1255 3301 superstitionis.
1280 3211 1328 3279 Cf.
1352 3211 1454 3279 etiam

138 3319 251 3386 ideam
284 3340 475 3408 expressam
509 3325 629 3399 26,19,
667 3318 794 3385 lahven
825 3317 993 3384 Israelitas
1029 3317 1147 3384 fideles
1180 3319 1350 3384 iacturum
1381 3340 1455 3385 esse

138 3447 263 3490 icomen
281 3463 325 3476 -
351 3448 383 3490 v.
411 3431 452 3492 59
477 3436 675 3513 portentosa
700 3425 804 3511 saciet
829 3445 959 3512 -pro
988 3445 1055 3511 quo
1086 3422 1185 3510 Vtth.
1212 3450 1227 3483 «
1253 3422 1392 3510 actpebit
1416 3446 1449 3504 »3

139 3530 200 3596 sed
222 3552 291 3595 non
306 3530 379 3616 agit
396 3529 453 3595 hic
473 3551 589 3595 versus
611 3530 652 3595 de
680 3529 792 3618 plagis
815 3551 847 3593 v.
872 3534 977 3595 20-57
1003 3527 1171 3612 augendis
1194 3549 1201 3593 :
1224 3527 1295 3605 sed,
1314 3528 1452 3617 quando

141 3656 258 3702 omnes
284 3658 322 3701 ex
344 3634 463 3701 ordine
488 3634 605 3701 lsraeli
629 3634 778 3701 inflictae
803 3639 921 3715 erunt,
943 3643 996 3700 res
1020 3634 1085 3700 crit
1102 3632 1144 3699 in
1170 3634 1323 3700 omnium
1347 3633 1455 3701 oculis

141 3740 291 3831 portenti
316 3740 436 3807 similis
461 3779 505 3791 —
531 3769 547 3802 «
569 3742 734 3808 Dominus
756 3739 882 3830 plagas
910 3753 985 3806 tuns
1015 3751 1048 3806 et
1069 3741 1198 3830 plagas
1224 3740 1363 3807 sentinis
1391 3741 1452 3822 tcn',

138 3848 263 3938 plnyns
278 3869 421 3936 ntapnns
437 3860 469 3913 et
484 3860 747 3936 perseverantes,
765 3847 983 3935 infirmitates
995 3847 1158 3936 pessimas
1173 3859 1205 3912 ct
1213 3858 1399 3936 perpetuas
1420 3876 1451 3914 n.

141 3959 214 4021 Non
228 3952 389 4020 scribitur
401 3969 452 4022 ἰιι
470 3954 589 4044 (ras),
607 3953 667 4021 sed
682 3970 748 4018 nnn
764 3955 809 4041 (ν.
827 3960 882 4035 61;
898 3960 990 4036 25,3;
1009 3958 1111 4034 2932
1129 3952 1206 4042 {tlh
1224 3957 1303 4018 Lev.
1320 3953 1449 4042 2631),

141 4061 164 4128 i.
188 4083 218 4127 e.
237 4060 484 4150 percussiones
506 4061 627 4130 Recole
642 4067 711 4126 tres
728 4061 963 4150 percussiones
983 4083 1014 4127 v.
1032 4066 1206 4126 22.‘28.35.
1230 4062 1295 4125 Has
1315 4080 1467 4147 percus·

142 4167 255 4234 sioncs
274 4189 392 4234 omncs
411 4167 554 4234 resumit
574 4190 605 4233 v.
626 4174 680 4249 59,
698 4167 823 4234 harum
844 4167 995 4234 celebrat
1019 4187 1214 4247 numerum,
1234 4165 1451 4252 gravitatem,

143 4275 421 4363 perpetuitatem;
436 4275 498 4341 has
517 4274 747 4364 percussiones
761 4274 871 4340 ferent
889 4296 961 4340 non
980 4272 1042 4340 soli
1056 4277 1241 4361 apostatae,
1256 4271 1317 4338 sed
1336 4292 1455 4338 eorum

141 4380 223 4446 item
249 4402 380 4463 semen3
405 4382 471 4448 hae
494 4381 619 4470 plagae
643 4379 747 4446 simul
774 4385 930 4469 sumptae
960 4383 1051 4446 recte
1077 4401 1110 4447 v.
1140 4386 1181 4446 60
1209 4384 1455 4469 comparantur

143 4485 301 4553 omnihus
315 4486 493 4577 epictemc'is
508 4486 659 4577 Aeyppti
675 4487 795 4576 (nto),
813 4485 898 4576 quin
912 4486 989 4553 idco
1005 4485 1170 4553 dicendus
1184 4487 1227 4552 sit
1240 4509 1273 4552 v.
1292 4493 1334 4551 60
1350 4505 1454 4551 novos

144 4592 304 4657 Hebraeis
324 4593 475 4661 indicere
499 4594 637 4661 morbos
656 4600 792 4682 praeter
813 4615 880 4674 eoS,
901 4593 960 4683 qui
978 4614 1010 4658 v.
1034 4598 1073 4659 21
1095 4614 1146 4681 sq.
1168 4598 1210 4658 28
1230 4614 1282 4679 sq.
1306 4597 1346 4656 35
1367 4587 1456 4655 indi·

143 4696 320 4764 cebantur.
338 4699 425 4776 Quin
447 4701 518 4767 imo
542 4699 590 4766 ibi
612 4699 681 4766 iam
705 4699 897 4766 habebatur
918 4720 1020 4767 omne
1038 4719 1149 4785 genus
1173 4697 1388 4776 morborum,
1406 4695 1463 4761 in·
