3366 5346
240 286 297 345 101
786 298 999 343 rxrnonucuo.
1093 315 1095 319 ν

236 436 280 502 ab
295 435 449 502 hostibus
465 435 659 516 defendere,
681 455 792 522 neque
815 432 981 500 haberent
998 432 1215 520 prophetam,
1237 432 1296 521 qni
1319 454 1375 499 eos
1390 431 1553 498 edoceret

237 564 311 608 eam
328 542 558 609 defensionem
572 540 701 608 licitam
719 561 805 616 esse:
824 544 953 620 tamen,
968 538 1028 627 qui
1046 559 1125 605 cum
1144 539 1328 605 llathathia
1342 544 1452 620 erant,
1471 560 1551 605 mox

237 670 437 738 perspexere
454 648 490 714 in
511 649 575 715 hac
593 670 629 713 re
643 647 750 714 tutius
764 668 851 727 esse,
868 645 1073 736 prophetam
1092 667 1163 711 non
1178 647 1342 735 opperiri.
1364 650 1448 713 Sunt
1463 646 1550 713 haec

236 755 391 844 exempla
414 754 531 845 aliqua
556 753 810 844 quaestionum,
838 774 986 843 quarum
1010 751 1136 818 solutio
1159 773 1377 842 summopere
1405 758 1491 819 esset
1511 752 1550 818 in

237 860 338 944 votis,
359 861 418 927 sed
435 883 597 951 persaepe
617 860 662 927 ad
682 861 889 950 prophetam
910 865 1091 926 venturum
1111 858 1361 926 remittebatur.
1386 859 1462 925 Alia
1478 881 1551 925 non

235 975 395 1057 poterant
412 968 543 1035 incerta
563 966 714 1056 relinqui
736 989 744 1035 :
764 967 960 1033 statuebant
977 986 1061 1051 ergo
1080 964 1268 1055 principes,
1288 967 1481 1033 sacerdotes
1497 965 1547 1048 id,

234 1075 327 1164 qnod
351 1074 522 1164 optimum
542 1074 735 1155 videbatur,
754 1094 842 1161 quae
861 1077 989 1140 statuta
1007 1071 1201 1138 necessario
1216 1078 1315 1138 erant
1333 1072 1450 1139 omnia
1466 1079 1551 1139 tem-

235 1181 373 1270 poraria
387 1187 420 1247 et
441 1179 694 1259 conditionata,
719 1178 836 1245 abillo
856 1178 1027 1268 propheta
1046 1179 1187 1245 tortasse
1209 1179 1413 1247 revocanda.
1431 1182 1550 1246 Nonne

235 1286 384 1354 debuero
404 1288 459 1354 his
478 1286 638 1354 omnibus
655 1284 805 1352 exerceri
823 1285 960 1374 piorum
982 1284 1163 1352 hominum
1182 1285 1422 1367 conscientiae,
1439 1290 1472 1351 ct
1488 1307 1550 1351 au-

235 1393 310 1479 geri
331 1392 539 1460 desiderium
565 1391 706 1459 maximi
730 1391 823 1458 illius
846 1390 1036 1480 prophetae
1060 1391 1217 1457 venturi?
1238 1392 1357 1479 Cogita
1380 1390 1549 1480 populum

235 1499 385 1589 aliquem
407 1500 592 1566 habentem
611 1499 781 1588 sapientes
804 1497 900 1584 leges
921 1496 1079 1586 scriptas,
1103 1497 1290 1564 habentem
1309 1497 1411 1564 etiam
1436 1498 1549 1564 viram

235 1603 386 1693 aliquam
406 1607 656 1685 auctoritatem,
680 1605 959 1694 parliamentum,
984 1625 1073 1693 quae
1092 1603 1185 1689 leges
1200 1627 1262 1693 pro
1275 1610 1469 1693 temporum
1487 1626 1549 1671 ne-

236 1710 447 1778 cessitatibus
460 1711 613 1800 explicet,
635 1710 816 1801 compleat,
833 1717 983 1788 revooet;
1006 1731 1179 1799 supponas
1193 1710 1283 1778 hanc
1302 1710 1414 1779 vivam
1429 1717 1549 1777 aucto·

236 1817 370 1884 ritatem
392 1817 564 1884 demedio
582 1817 674 1898 tolli,
691 1815 789 1884 nulla
803 1816 873 1884 alia
892 1816 937 1883 ad
956 1815 1104 1882 eundem
1122 1815 1279 1883 effectum
1294 1816 1332 1884 in
1347 1818 1419 1884 eius
1434 1816 1548 1884 locuni

233 1924 372 1991 suffecta
391 1945 398 1992 :
416 1946 530 1991 nonne
545 1923 644 1991 brevi
657 1924 768 2012 leges,
786 1946 873 2013 quae
891 1928 970 1989 ante
991 1929 1089 1989 erant
1105 1921 1383 2011 sapientissimae,
1403 1924 1550 1992 evadent

234 2030 486 2112 insufficientes,
502 2052 636 2117 graves,
655 2029 910 2102 intolerabilest

279 2141 433 2204 Ceterum
460 2138 607 2223 urgebat
629 2137 823 2216 necessitas,
844 2143 880 2202 ut
904 2136 998 2225 ipsae
1024 2137 1117 2222 leges
1138 2136 1256 2203 thorae
1279 2136 1546 2225 replicarentur.

235 2243 329 2318 Quod
341 2243 576 2309 deficientibus
594 2242 771 2332 prophetis
785 2243 985 2331 praestitere
1000 2242 1130 2308 scribac
1145 2242 1232 2330 lcqis
1241 2243 1359 2333 peritii
1374 2249 1497 2311 Verum
1512 2245 1564 2311 hi-

235 2350 272 2413 in
291 2348 478 2415 Palaestina
492 2371 527 2414 se
546 2370 625 2415 mox
639 2348 824 2415 exhibuere
843 2369 960 2413 servos
974 2347 1110 2429 literae,
1130 2369 1218 2437 quae
1234 2349 1368 2430 occidit,
1386 2350 1514 2418 alienos
1528 2374 1550 2417 a

234 2454 354 2544 spiritu
375 2453 580 2534 vivificante,
597 2454 633 2521 in
655 2454 759 2521 rebus
773 2474 910 2520 morum
926 2453 1124 2535 tutioristas,
1147 2456 1206 2543 qui
1221 2456 1358 2545 sepibus
1372 2480 1465 2547 sepes
1481 2458 1549 2523 cir-

234 2562 491 2642 cumducerent,
507 2583 549 2628 nc
563 2560 656 2650 quod
665 2561 720 2627 lex
732 2559 977 2628 detrimentum
988 2565 1136 2650 caperet.
1151 2563 1379 2630 arctabantur
1395 2563 1547 2630 fidelium

233 2667 472 2736 conscientiae.
491 2671 573 2734 Cum
588 2674 604 2734 1
621 2672 699 2735 blac.
717 2672 795 2748 idol
811 2669 853 2734 cl.
872 2671 945 2735 CEL
964 2690 1000 2756 p.
1021 2673 1098 2736 212.

277 2779 382 2861 Leges
401 2777 580 2856 mosaicae,
601 2774 661 2841 ubi
680 2774 717 2840 in
736 2796 843 2841 unum
864 2796 982 2840 omnes
1002 2775 1162 2842 collectae
1181 2776 1412 2843 cernebantur
1427 2783 1549 2867 penta·

233 2882 408 2955 teuchum,
427 2903 504 2947 mox
523 2881 628 2948 etiam
652 2880 861 2947 videbantur
882 2902 953 2947 csse
973 2880 1125 2946 eiusdem
1147 2903 1265 2948 omnes
1283 2883 1496 2950 auctoritatis
1514 2893 1548 2951 et

233 2987 421 3072 gravitatis.
446 2986 696 3052 Collcctaneum
718 2985 920 3075 explicaturi
946 2986 1182 3067 ostendemus,
1211 2987 1328 3074 legum
1348 2989 1549 3057 collectanei

234 3098 388 3158 auctores
407 3113 477 3157 non
490 3092 650 3158 omnibus
665 3090 800 3176 legibus
822 3114 843 3156 a
857 3096 964 3177 lloyse
980 3091 1079 3158 editis
1093 3115 1211 3182 parem
1228 3095 1387 3162 tribuisse
1399 3097 1548 3164 auctori·

235 3203 351 3280 tatem,
370 3199 464 3283 leges
483 3196 575 3263 Libri
594 3195 751 3265 Foederis
772 3202 828 3263 Ex.
849 3199 1221 3279 2¹,1-23,33habuisse
1241 3202 1351 3287 magis
1364 3225 1477 3270 sacras
1495 3226 1548 3270 re·

236 3303 338 3391 liquis
365 3303 501 3390 legibus
528 3306 733 3383 Ero-Num,
765 3303 827 3369 has
855 3310 1020 3382 mutasse,
1048 3305 1125 3372 illas
1153 3328 1223 3373 non
1252 3314 1411 3376 mutasse.
1442 3293 1548 3396 Leges

235 3411 374 3478 secundi
398 3410 546 3478 foederis
564 3432 622 3477 seu
645 3409 834 3500 pentalogi,
857 3409 959 3477 luisse
986 3411 1068 3478 item
1096 3412 1340 3495 immutabiles,
1365 3420 1460 3504 patet
1488 3439 1549 3504 per

235 3541 281 3597 se,
301 3540 379 3585 cum
398 3541 468 3585 non
487 3518 554 3585 sint
575 3518 617 3584 de
636 3517 739 3583 rebus
758 3515 1039 3606 particularibus,
1058 3518 1116 3584 sed
1132 3519 1175 3585 de
1190 3523 1358 3609 supremis
1371 3544 1454 3608 erga
1469 3522 1547 3589 lah-

236 3648 300 3690 ven
316 3625 447 3690 officiis.
466 3630 558 3715 lpsac
579 3630 730 3692 econtra
745 3623 946 3691 collectanei
960 3624 1055 3710 leges
1069 3631 1193 3693 natura
1209 3650 1269 3694 sua
1285 3636 1382 3695 erant
1397 3630 1547 3697 mutabi-

235 3732 293 3812 lcS,
311 3738 412 3819 atque
427 3729 612 3819 pleraeque
627 3731 861 3818 indulgentiae
881 3731 929 3796 ib.
953 3753 1132 3798 concessae
1149 3754 1226 3798 mox
1245 3745 1421 3802 revocatae
1437 3738 1544 3804 tuere.

235 3842 361 3904 Tamen
375 3837 469 3904 haud
481 3844 530 3903 cst
540 3837 747 3919 mirandum,
762 3860 851 3927 quae
866 3837 960 3923 leges
969 3837 1114 3928 scriptae
1129 3839 1266 3906 fuerant
1279 3843 1414 3909 velutic
1429 3845 1548 3931 Moysis

235 3968 292 4011 ore
312 3946 483 4033 protectae
510 3945 556 4032 (p.
575 3951 617 4008 77
641 3943 721 4031 sq),
738 3944 874 4011 easdem
891 3945 987 4029 vulgi
1010 3967 1165 4011 sermone
1189 3948 1289 4033 lloysi
1310 3948 1456 4016 tributas
1477 3972 1547 4016 esse

234 4053 376 4116 auctori.
397 4057 515 4116 'lotam
537 4049 631 4116 illam
654 4051 790 4115 thoram
815 4051 858 4116 ab
886 4051 1000 4116 llelcia
1024 4060 1194 4140 repertam
1222 4056 1280 4119 uni
1308 4055 1466 4132 videntur
1487 4059 1547 4123 tri-

237 4155 345 4220 buisse
377 4156 489 4243 Moysi,
514 4178 616 4245 quem
642 4156 678 4220 in
701 4178 761 4220 suo
785 4155 875 4221 libro
897 4157 1004 4222 veluti
1028 4157 1266 4225 resuscitatum
1289 4168 1544 4239 contuerentur,

236 4267 354 4327 contra
382 4263 546 4350 populum
566 4262 796 4328 testimonium
817 4262 982 4329 terentem
1006 4263 1167 4351 (Gorrrclp
1187 4270 1213 4331 11
1237 4274 1266 4333 1.
1291 4269 1363 4355 72);
1387 4270 1547 4337 omnibus

236 4370 308 4434 eius
335 4368 470 4453 legibus
496 4369 676 4457 aequalem
698 4369 768 4434 lere
790 4369 1023 4435 concedebant
1043 4373 1290 4441 auctoritatem.
1312 4379 1374 4442 hes
1393 4376 1546 4465 periculo

236 4473 383 4545 carebat.
402 4475 568 4563 quamdiu
583 4475 696 4540 luciaci
714 4475 807 4560 logos
818 4475 975 4561 religiose
990 4478 1156 4542 servaturi
1169 4487 1277 4545 essent
1294 4500 1301 4546 :
1317 4489 1389 4547 tum
1405 4481 1545 4548 creden-

236 4583 299 4648 dus
313 4588 362 4648 est
378 4582 489 4663 luhve,
504 4583 597 4668 leges
611 4581 776 4671 quasdam
791 4604 852 4669 pro
868 4584 1064 4647 necessitate
1079 4588 1271 4674 temporum
1287 4610 1349 4676 per
1361 4589 1546 4678 prophetas

236 4690 464 4776 abrogaturus
482 4689 536 4755 vel
554 4693 745 4756 mutaturus
761 4687 875 4754 luisse.
893 4693 1014 4753 terum
1033 4688 1172 4757 ludaeos
1189 4694 1336 4761 foederis
1349 4719 1423 4761 rcos
1439 4695 1545 4763 tahvc
