3366 5346
718 275 963 321 rnararaucurs.
1460 263 1499 320 95

184 409 293 475 Verbo
315 409 371 473 [lei
386 407 575 474 incarnato.
593 406 694 473 Cuius
712 409 908 475 mutationis
920 429 1029 474 unum
1047 408 1144 474 effert
1158 408 1366 497 exemplum,
1382 408 1497 475 literas

183 515 378 604 quadratas.
396 512 599 593 Videndum,
617 518 730 580 utrum
750 515 841 581 hanc
859 515 992 582 unicam
1010 519 1119 582 textus
1132 537 1227 582 sacer
1239 537 1357 604 passus
1371 515 1413 580 sit
1427 537 1499 580 mu-

182 621 355 703 tationem,
378 643 424 687 an
439 620 523 686 alias
538 622 693 696 fortasse,
717 625 755 686 ut
769 621 813 687 ob
828 621 1095 710 sapientissimas
1108 621 1245 688 divinae
1263 621 1501 710 providentiae

182 727 343 808 rationes,
366 727 449 792 dum
469 726 666 793 immineret
685 725 931 795 incarnationis
953 734 1103 817 tempus,
1126 729 1269 794 fortasse
1290 733 1401 793 textus
1415 726 1502 812 lepis

184 835 338 907 evaserit,
357 856 428 900 non
444 832 656 901 insufficiens
676 832 832 922 quidem,
850 834 909 900 sed
929 833 1044 901 minus
1063 834 1201 901 criticus
1219 835 1398 922 minusque
1413 833 1502 899 inte-

185 962 258 1027 ger,
276 962 380 1029 quam
395 945 473 1007 aule
487 939 616 1007 fuisset.
635 944 722 1007 llaec
737 939 866 1021 omnia,
882 940 1038 1029 inquam,
1054 944 1212 1020 accurate
1231 939 1454 1007 discutienda.

627 1141 648 1173 c.
663 1126 775 1174 Historia
785 1127 871 1174 thorae
880 1140 941 1174 aero
955 1126 1060 1174 esdrino.

229 1274 281 1336 15.
300 1275 570 1336 Psararnucuus.
584 1307 628 1317 —
639 1269 767 1335 Therae
779 1267 959 1334 historiam
970 1267 1196 1357 produximus
1212 1290 1318 1357 usque
1334 1268 1379 1335 ad
1394 1274 1500 1335 extro·

183 1396 247 1449 ma⁴
254 1396 377 1460 regum
395 1379 560 1464 tempora,
578 1373 703 1463 quibus
721 1373 846 1440 nelarii
859 1374 1017 1441 homines
1031 1381 1065 1440 et
1078 1375 1216 1441 tharam
1231 1375 1374 1464 perdere
1389 1376 1501 1441 studo-

183 1481 267 1548 bant
281 1485 315 1547 et
329 1480 458 1547 librum
472 1479 675 1569 bipartitum
695 1480 953 1547 mutilaverunt.
971 1480 1111 1547 Interim
1130 1480 1288 1547 homines
1308 1481 1356 1570 pii
1371 1486 1405 1547 et
1422 1480 1500 1546 reli-

183 1587 268 1673 giosi
299 1609 410 1654 sacros
435 1586 543 1653 libros
572 1587 666 1653 omni
689 1586 803 1653 studio
827 1587 1004 1653 restituere
1027 1586 1253 1654 conabantur.
1288 1587 1501 1672 colligebant

180 1692 459 1782 fragmentauti
478 1693 635 1760 redactor
653 1692 712 1759 ille
733 1699 834 1776 2939
851 1693 936 1782 (28),
960 1693 1284 1782 circumspiciebant
1302 1716 1354 1774 ea,
1376 1693 1502 1782 quibus

183 1799 356 1866 evidentes
377 1799 516 1865 lacunas
539 1799 761 1889 complerent.
790 1799 962 1866 Eiusmodi
987 1800 1139 1889 amplam
1166 1800 1328 1866 lacunam
1349 1799 1503 1866 habebat

183 1905 271 1971 liber
287 1906 489 1995 bipartitus,
507 1905 628 1993 inquo
650 1904 910 1972 desiderabatur
929 1906 1078 1973 restituti
1097 1905 1244 1972 laederis
1259 1906 1415 1972 historia.
1437 1911 1500 1991 lgi-

184 2016 240 2077 tur
259 2011 326 2100 ipsi
342 2010 406 2077 tria
424 2011 631 2078 documenta
655 2010 814 2092 mosaica,
836 2010 922 2078 duas
941 2033 988 2079 sc.
1009 2011 1127 2099 Moysis
1151 2011 1325 2079 orationes
1340 2016 1373 2077 et
1396 2011 1501 2077 bisto-

183 2117 269 2183 riam
291 2116 437 2184 restituti
460 2116 608 2184 foederis
629 2117 961 2200 deuteronomicam,
989 2141 1076 2207 quae
1101 2123 1212 2184 essent
1233 2118 1276 2184 de
1302 2118 1423 2184 eadem
1442 2117 1501 2185 illa

184 2222 410 2305 restitutione,
432 2222 607 2290 immisere
626 2223 663 2289 in
682 2227 870 2290 extremum
890 2222 1021 2291 librum
1042 2223 1256 2313 bipartitum,
1274 2225 1368 2291 bunc
1382 2222 1502 2290 addita

183 2330 285 2396 thora
299 2334 333 2395 et
345 2330 463 2395 Genesi
483 2328 625 2396 effecere
637 2327 916 2419 pentateuchum.
931 2335 1001 2396 llox
1014 2351 1140 2397 nomen
1156 2331 1268 2411 thora,
1287 2330 1380 2419 quod
1396 2330 1500 2397 solius

182 2435 351 2503 secundae
366 2435 532 2502 orationis
550 2435 709 2524 primitus
729 2437 841 2503 fuerat
857 2436 1050 2525 proprium,
1072 2435 1180 2503 evasit
1198 2437 1303 2503 totius
1323 2441 1500 2525 pentateu-

182 2541 239 2609 chi
253 2542 451 2632 appellatio.

227 2649 452 2726 Quundonam
471 2647 538 2714 tria
557 2647 765 2713 documenta
783 2647 931 2713 mosaica
951 2668 1027 2713 cum
1049 2646 1139 2712 libro
1154 2647 1318 2736 bipertito
1332 2647 1370 2714 in
1391 2670 1499 2714 unum

182 2754 337 2822 coaluere
356 2755 644 2844 pentateuchum?
663 2752 705 2819 ld
723 2774 792 2818 aon
809 2753 948 2840 [actaeae
972 2775 1040 2820 esse
1054 2764 1134 2842 post
1156 2753 1303 2819 Esdram
1323 2760 1501 2842 sequentes

182 2861 336 2928 efficiunt
350 2861 501 2928 rationes
518 2883 526 2930 :

226 2991 258 3035 a.
286 2967 421 3035 nEsdr.
448 2973 529 3034 8-10
551 2965 720 3056 praelegit
743 2964 864 3032 Esdras
887 2965 1015 3055 populo
1034 2969 1144 3033 totam
1169 2965 1322 3056 aliquam
1349 2967 1499 3044 theram,

182 3080 299 3164 postea
318 3075 455 3141 nomine
476 3073 598 3164 populi
618 3072 768 3141 seniores
782 3073 908 3162 scripto
924 3073 1101 3162 protestati
1115 3078 1206 3157 sunt,
1224 3095 1259 3141 se
1273 3095 1350 3140 eam
1363 3074 1501 3139 thoram

183 3180 361 3248 habituros
384 3203 454 3247 esse
476 3202 538 3270 pro
558 3180 680 3266 regula
702 3201 762 3247 seu
784 3201 915 3246 canone
942 3178 1050 3262 vitae;
1078 3200 1199 3269 reapse
1220 3202 1261 3247 ea
1284 3179 1499 3246 solemnitate

182 3309 262 3355 vere
288 3315 304 3349 κ
333 3286 546 3354 canonizavit
575 3314 589 3346 a
616 3285 737 3353 Esdras
762 3285 899 3351 thoram
923 3283 1032 3352 illam.
1054 3286 1158 3375 Atqui
1182 3308 1223 3353 ca
1242 3288 1344 3353 thora
1364 3291 1501 3375 praeter

182 3395 320 3461 thoram
335 3393 463 3481 Moysis,
487 3416 508 3459 a
525 3414 593 3481 qua
611 3414 737 3465 nomen
754 3392 855 3458 thora
873 3396 973 3458 nacta
996 3397 1057 3473 est,
1079 3391 1230 3458 babebat
1251 3392 1497 3458 collectaneum

184 3504 218 3566 et
237 3500 365 3567 librum
385 3499 599 3589 bipartitum.
624 3504 714 3586 Ergo
736 3497 1028 3588 complectebatur
1052 3518 1172 3564 omnes
1191 3496 1297 3564 libros
1319 3502 1495 3565 Ex.-Deut.

228 3637 257 3675 α.
273 3610 385 3673 lnerat
399 3613 419 3671 9.
433 3605 528 3673 Esdr.
547 3611 622 3687 13,1
641 3605 678 3671 in
693 3603 753 3670 illa
768 3605 870 3671 thora
884 3604 938 3670 lex
953 3603 996 3669 de
1015 3603 1217 3670 ammonitis
1236 3610 1270 3671 et
1281 3603 1435 3671 Moabitis
1455 3604 1498 3672 al]

183 3711 326 3780 ecclesia
346 3712 581 3792 excludendis,
606 3733 694 3801 quae
715 3708 845 3797 legitur
870 3711 905 3777 in
930 3709 1003 3776 solo
1027 3709 1236 3779 collectaneo
1260 3711 1378 3798 logum
1403 3715 1497 3778 [leut.

182 3824 312 3902 aar-s.

227 3933 256 4008 β.
277 3932 297 3992 2
315 3926 410 3993 Esdr.
435 3930 531 4006 10,31
551 3922 742 3990 inculcatur
761 3921 958 4003 sabbatum,
980 3923 1076 3992 cuius
1092 3922 1129 3991 in
1145 3930 1217 3990 toto
1235 3928 1330 3989 Ileut.
1350 3945 1420 3988 non
1438 3922 1499 3988 ha-

179 4031 282 4098 betur
295 4031 435 4111 mentio,
453 4035 486 4098 et
504 4052 615 4097 annus
638 4028 850 4109 sabbaticus,
874 4030 917 4097 de
938 4052 1006 4119 quo
1022 4029 1116 4118 leges
1131 4029 1306 4097 habentur
1323 4036 1396 4096 tam
1418 4033 1495 4097 Lev.

180 4144 223 4208 25
245 4161 348 4229 quam
366 4142 463 4205 Deut.
488 4144 540 4206 15.

224 4251 296 4333 γ.2
322 4245 415 4311 Esdr.
444 4251 544 4327 10,ae
568 4267 618 4333 sq.
643 4249 867 4313 recensentur
888 4266 995 4333 panes
1017 4244 1269 4333 propositionis,
1293 4243 1503 4311 sacrificium

180 4351 433 4442 quotidianum,
448 4351 616 4419 sacrificia
626 4350 848 4417 sabbatorum
860 4355 894 4417 et
908 4351 1085 4431 festorum,
1099 4372 1245 4439 quorum
1259 4350 1354 4419 nulla
1370 4349 1496 4417 mentio

180 4458 218 4525 in
233 4457 442 4527 collectaneo
457 4459 587 4545 legum,
604 4457 727 4524 iterata
746 4457 875 4525 mentio
891 4458 925 4522 in
937 4462 1010 4537 Ea,
1027 4461 1118 4540 ch.,
1135 4461 1232 4525 Num.

227 4573 254 4634 ὃ.
269 4572 289 4630 '2
304 4564 398 4632 Esdr.
423 4570 522 4645 10‚35
540 4586 614 4653 sqq.
635 4563 894 4654 praecipiuntur
912 4563 1002 4630 tradi
1015 4562 1248 4630 sacerdotibus
1263 4560 1494 4651 primogenita

181 4675 215 4738 et
226 4671 417 4761 primitiae,
435 4669 544 4737 levitis
564 4669 734 4752 decimae,
754 4672 815 4760 qui
835 4669 1046 4737 decimarum
1062 4669 1212 4736 decimas
1225 4667 1357 4735 solvere
1374 4667 1491 4735 iuben·
