3366 5346
228 302 287 363 460
542 316 652 361 orario
674 314 780 360 nors1s
801 315 934 360 saeuum
952 317 960 359 z
978 314 1225 360 nasammonas.

227 453 368 539 negotia
394 451 555 518 universa
583 449 627 516 ab
655 448 753 515 initio
779 447 824 515 ad
851 449 968 516 finem.
996 449 1080 517 Dein
1108 472 1142 515 r.
1173 455 1253 516 7-1t
1283 445 1545 514 benedictiones

227 583 259 627 v.
280 565 337 625 1-6
357 558 446 626 latae
466 557 636 624 rhetorice
652 555 924 645 amplificantur;
942 555 1035 645 quod
1050 579 1083 624 v.
1101 563 1120 622 6
1137 555 1316 622 dicebatur
1335 554 1378 621 de
1394 553 1547 641 negotiis

227 666 424 747 universim,
439 688 471 730 v.
493 672 511 729 *1
533 662 682 750 negotiis
697 661 832 729 bellicis
852 663 1062 753 applicatur,
1080 668 1309 749 exaggeratur
1326 683 1359 728 v.
1380 667 1462 728 8.ss
1489 682 1543 748 sq.

226 773 342 840 lutura
361 792 524 859 agrorum
548 770 717 852 fertilitas,
738 769 859 860 populi
878 769 977 837 electi
999 792 1102 860 super
1121 768 1274 859 reliquos
1298 768 1446 858 populos
1467 789 1501 833 v.
1522 773 1544 832 9

226 902 277 968 sq.
297 885 336 944 13
360 879 417 968 (ci.
434 901 466 945 v.
487 880 515 964 1)
541 875 756 953 excellentio3
776 876 969 943 inculcatur
987 900 1020 943 v.
1047 883 1087 944 13
1103 899 1155 967 sq.
1176 875 1279 943 unica
1302 874 1467 958 conditio,
1483 873 1546 940 ob·

226 986 371 1051 servatio
387 984 631 1051 mandatorum
653 983 709 1072 (cl.
728 1005 761 1051 v.
783 990 798 1049 1
816 1007 867 1073 sq.
886 982 934 1072 9),
953 984 1024 1050 eius
1039 981 1210 1073 imprimis
1230 981 1322 1072 quod
1337 986 1389 1048 est
1410 981 1452 1049 de
1467 1003 1546 1077 mo-

229 1093 376 1159 nolatria
393 1092 573 1181 amorpha.

212 1193 215 1201 ’
275 1200 359 1288 Cap.
381 1199 528 1266 XXVIII
545 1220 576 1265 v.
602 1203 617 1263 1
644 1225 660 1257 «
683 1196 724 1262 Si
742 1207 857 1262 autem
877 1195 1033 1263 acedieris
1051 1218 1167 1263 ccccm
1181 1195 1322 1263 Domini
1336 1194 1399 1263 Dei
1422 1195 1487 1281 tui,
1507 1208 1547 1260 ut

224 1305 339 1391 sacius
358 1317 461 1391 atque
477 1302 649 1371 custodiar
670 1303 787 1370 omnia
806 1302 972 1370 mandatu
994 1303 1077 1386 eius,
1097 1325 1187 1394 quoe
1201 1325 1264 1392 epo
1284 1301 1460 1393 praecipio
1479 1300 1548 1367 tibi

228 1409 340 1494 bodie,
357 1412 469 1500 saciet
493 1423 524 1477 te
552 1410 719 1477 Dominus
742 1413 832 1477 Deus
857 1423 935 1476 tuus
962 1410 1181 1477 excelsiorem
1209 1409 1340 1477 cunctis
1367 1407 1544 1499 pentibus,

229 1538 316 1607 quoe
336 1530 515 1583 versantur
537 1516 573 1582 in
589 1529 678 1583 terra
696 1545 726 1583 ».
744 1540 775 1582 v.
793 1523 809 1583 1
834 1539 883 1606 sq.
902 1516 1110 1584 introductio
1135 1515 1303 1607 quaedam
1329 1521 1407 1583 sunt
1431 1515 1547 1582 incul-

227 1645 308 1689 cans
320 1621 600 1690 benedictionum
615 1622 881 1689 obtinendarum
898 1623 1130 1690 conditionem
1149 1622 1424 1690 observationem
1446 1644 1546 1689 man-

227 1728 396 1797 datorum.
416 1729 510 1807 Quod
527 1752 559 1795 v.
581 1736 597 1794 1
615 1728 819 1795 verbotenus
838 1728 908 1796 fere
930 1735 1091 1796 consonet
1112 1735 1322 1811 cum26,19,
1341 1750 1412 1795 non
1427 1727 1548 1818 sequi-

226 1840 283 1901 tur
315 1835 359 1902 ab
387 1836 508 1903 eodem
537 1841 676 1902 auctore
711 1835 845 1902 fluxisse
874 1841 1059 1924 utrumque
1090 1858 1227 1902 vorsum
1257 1856 1264 1902 :
1293 1842 1412 1903 auctor
1440 1841 1546 1916 BDAD

224 1941 376 2009 imitatus
391 1950 441 2010 est
459 1949 551 2024 28,1,
572 1947 605 2008 et
625 1940 795 2008 imitando
814 1941 1049 2032 amplificavit.
1072 1947 1141 2009 Vox
1160 1941 1262 2009 bod-ie
1280 1965 1313 2010 v.
1338 1948 1475 2009 1.13.15
1491 1964 1549 2008 re-

224 2048 327 2114 sumit
349 2049 435 2117 illud
456 2047 555 2115 hodie
577 2054 866 2131 linianum.
890 2053 945 2116 Est
967 2049 1139 2116 diversum
1161 2050 1205 2116 ab
1227 2048 1328 2116 bodie
1349 2048 1549 2115 collectoris

224 2178 282 2222 seu
303 2154 470 2221 Samuelis
497 2161 596 2237 13,18
621 2155 709 2244 (19)ss
738 2161 874 2237 15,5.15
897 2160 976 2237 ete,
1000 2161 1033 2222 ct
1056 2156 1100 2222 ab
1124 2155 1226 2222 hodie
1246 2162 1338 2223 losue
1365 2160 1545 2237 ⁶26,16-18.

39 2248 42 2253 ¹
74 2312 78 2323 .
133 2324 136 2329 ,
228 2250 289 2324 nbn
314 2286 346 2328 v.
374 2268 452 2327 215
478 2261 691 2327 demonstrat
714 2261 902 2350 sequentia,
918 2284 950 2327 ν.
981 2268 1022 2329 t5
1047 2262 1299 2351 praecedentia.
1323 2284 1356 2327 v.
1383 2268 1403 2327 2
1437 2288 1453 2322 r<
1484 2263 1547 2328 Ve-

226 2367 390 2459 nientquc
405 2390 506 2458 semer·
524 2380 555 2433 te
569 2366 748 2433 uniuersae
762 2366 1012 2434 henedictiones
1031 2368 1115 2435 istae
1135 2380 1167 2434 et
1185 2367 1439 2459 apprehendent
1454 2379 1498 2452 te,
1516 2369 1550 2434 si

227 2487 341 2541 tannen
362 2504 379 2536 »
403 2513 447 2523 —
466 2476 568 2541 Hebr.
596 2473 679 2563 quin
693 2511 737 2524 —-
759 2502 775 2535 «
795 2487 986 2564 pruncepta
1010 2475 1081 2542 eius
1107 2474 1262 2573 acedieris
1289 2503 1318 2543 ».
1341 2470 1550 2542 Personnifi-

226 2589 348 2649 cantur
372 2580 641 2663 benedictiones
660 2603 748 2671 quae
776 2604 864 2671 pone
888 2581 964 2671 pios
994 2587 1136 2649 currant
1161 2604 1287 2672 eosque
1319 2589 1550 2672 assequantur

229 2688 330 2780 (Keil)
356 2710 364 2756 :
390 2688 507 2755 nullus
527 2687 736 2777 relinquitur
752 2687 1030 2777 pusillanimitati
1049 2689 1156 2770 locus,
1182 2678 1315 2756 'certum
1338 2694 1386 2755 est
1407 2688 1547 2778 piorum

226 2795 430 2884 praemium.

269 2926 301 2967 v.
327 2910 345 2968 3
367 2933 381 2962 a
405 2899 608 2967 Benedictus
628 2915 664 2967 tu
686 2901 722 2967 in
742 2902 891 2986 civitate,
909 2914 941 2968 et
960 2901 1156 2968 ben-edictus
1174 2902 1209 2968 in
1230 2924 1317 2990 apro
1339 2930 1367 2969 n.
1387 2902 1549 2970 «Omnia

225 3006 288 3072 tibi
304 3030 466 3095 prospere
487 3007 618 3089 cedent,
635 3008 753 3073 sivein
768 3008 854 3074 urbo
871 3008 941 3074 sivc
952 3008 989 3074 in
1004 3029 1090 3094 agro
1109 3037 1124 3069 »
1143 3008 1291 3096 (illata).
1309 3031 1341 3073 v.
1360 3014 1378 3074 's
1397 3036 1414 3068 «
1439 3012 1547 3076 Bene·

135 3196 141 3203 ι
227 3112 338 3179 dictus
354 3114 493 3199 fructus
508 3113 635 3178 uentris
650 3114 702 3178 tui
717 3143 746 3199 n,
763 3136 906 3180 uxorum
922 3119 1072 3195 tuarum,
1091 3144 1106 3175 ι(
1123 3128 1157 3180 et
1170 3116 1308 3203 fructus
1323 3127 1433 3182 terrae
1449 3128 1545 3200 tuae,

223 3220 424 3309 fructusque
436 3206 665 3285 iumentorum
681 3231 830 3301 tuorum,
847 3243 968 3309 propes
983 3233 1213 3291 urrerentorum
1225 3234 1363 3288 tuorum
1378 3234 1411 3288 et
1421 3222 1548 3291 cotilae

226 3325 339 3392 ocimu
353 3339 491 3392 tuarum
507 3353 537 3392 n.
556 3329 701 3392 Fructus
719 3326 948 3393 iuntentorum
962 3349 1021 3394 seu
1033 3329 1146 3394 verius
1158 3340 1391 3394 armentorum
1413 3328 1545 3395 discer-

226 3438 355 3501 nuntur
373 3435 409 3500 in
428 3437 544 3522 scetus
567 3431 668 3499 bourn
693 3439 726 3499 ct
747 3447 872 3523 parties
893 3434 1008 3500 orium
1035 3435 1108 3522 (seu
1130 3435 1340 3524 caprarum).
1365 3436 1414 3502 ef.
1442 3442 1543 3517 7,13;

226 3545 282 3608 Ex.
309 3546 419 3620 13,12.
442 3540 653 3606 Promittitur
667 3540 870 3607 universalis
883 3540 1108 3607 foecunditas.
1129 3565 1161 3608 v.
1182 3549 1201 3607 5
1225 3573 1239 3602 (ι
1262 3540 1449 3608 Benedicta
1464 3543 1545 3608 bor-

224 3668 283 3711 rcu
302 3659 362 3711 tun
381 3658 414 3709 ct
429 3645 645 3734 [bertetlictuel
666 3646 835 3735 reliquiae
855 3661 934 3712 trine
954 3677 983 3714 n.
1002 3647 1254 3714 Benedicuntur
1272 3649 1412 3734 frugum
1426 3671 1546 3738 recep

130 3806 132 3811 ,
225 3752 339 3818 tacula
358 3774 366 3819 :
384 3751 545 3834 canistra,
568 3752 694 3841 quibus
712 3754 830 3841 fruges
845 3753 970 3820 crudae
985 3753 1230 3837 reconduntur,
1248 3760 1282 3820 et
1300 3767 1450 3820 rtructrae
1468 3759 1541 3840 (Ex.

226 3864 282 3941 8,3
299 3860 419 3947 17,28l;
445 3858 650 3946 12,3t),ubi
670 3861 810 3926 eaedem
825 3861 861 3926 in
878 3861 995 3927 cibum
1013 3861 1251 3928 transformari
1270 3860 1452 3950 incipiunt.
1473 3885 1505 3929 v.
1525 3870 1545 3929 n

228 3994 242 4026 o
261 3965 464 4032 Benedictus
480 3965 546 4031 eris
562 3965 759 4054 incredicns
780 3980 813 4033 et
832 3997 847 4026 »
866 3966 1060 4033 benedictus
1077 3967 1143 4034 eris
1165 3996 1181 4028 «
1202 3967 1378 4057 eprediens
1396 3997 1426 4050 »,
1444 3967 1545 4034 initio

225 4078 257 4138 et
281 4073 348 4137 fine
374 4073 539 4152 omnium,
563 4095 650 4160 quac
675 4073 834 4139 facienda
855 4073 1085 4160 aggredieris
1112 4076 1291 4164 Repetitur
1311 4074 1417 4160 igitur
1436 4075 1546 4142 sexies

225 4199 287 4242 vox
307 4178 512 4244 benedictus.

269 4283 320 4347 b'ti
333 4284 618 4370 praemittebatur
630 4309 662 4351 v,
683 4293 698 4351 1
718 4308 769 4375 sq.
787 4286 1319 4369 benedictionibusintroductio,
1337 4289 1383 4354 ila
1399 4289 1542 4355 caedem

224 4411 257 4454 v.
279 4393 358 4454 7-tt
382 4388 488 4455 insius
511 4390 742 4460 celebrantur.
764 4415 796 4460 v.
820 4402 839 4459 7
861 4424 876 4453 «
900 4394 1003 4460 Dedit
1022 4395 1188 4461 [torninus
1204 4395 1361 4461 inimicos
1377 4407 1464 4482 tuos,
1480 4397 1544 4486 qui

226 4508 438 4585 consurpunt
451 4495 631 4562 adversum
643 4511 686 4582 tr,
701 4515 894 4566 corruentes
909 4502 945 4566 in
960 4516 1137 4591 conspectu
1148 4517 1205 4568 tuo
1223 4524 1236 4567 .·
1253 4525 1433 4592 perunum
1448 4503 1545 4571 viam

226 4604 363 4670 venient
388 4615 575 4690 contrecto,
603 4615 634 4670 et
652 4619 864 4694 perceptam
888 4608 1071 4696 supienter
1093 4609 1187 4696 socie
1213 4623 1272 4676 tun
1297 4638 1326 4675 ».
1349 4608 1429 4676 Acie
1453 4610 1544 4679 iuste

229 4712 382 4779 instituta
408 4717 656 4800 processerant,
685 4735 825 4801 prorsus
850 4714 949 4810 fracti
977 4723 1010 4781 et
1039 4715 1228 4803 perturbati
1258 4715 1437 4797 recedunt,
1460 4739 1541 4785 eam
