3366 5346
498 313 525 372 1.
550 329 603 371 aar
626 329 664 370 ne
685 328 754 372 roro
776 329 884 373 inires
908 329 913 370 :
938 329 1027 373 nnu'r.
1053 314 1135 377 tat.
1412 320 1470 377 3113

157 463 285 550 plicare
302 463 424 550 suique
449 462 522 528 aevi
551 461 807 528 necessitatibus
829 461 1010 550 adaptare;
1036 462 1072 527 id
1093 470 1234 548 agentes
1256 465 1367 550 legem
1384 466 1470 532 anti-

158 590 261 657 quam
277 566 524 656 detorquerent
542 567 735 633 adsensum
757 567 789 633 ei
804 568 873 652 legi
894 589 1032 656 prorsus
1057 570 1265 658 oppositum,
1285 571 1313 636 si
1332 594 1372 637 ea
1389 595 1471 662 sup-

158 681 316 762 ponatur,
356 674 451 762 quod
488 696 680 764 supponere
717 696 786 739 non
823 675 992 759 cogimur,
1024 675 1220 742 unicitatem
1257 677 1324 744 loci
1360 679 1470 745 cultus

157 786 314 847 statuere.
334 785 449 869 Neque
465 779 606 846 obiicias
620 780 809 870 prophetas
822 779 1027 869 posteriores
1042 781 1241 848 unicitatem
1255 783 1344 850 hanc
1359 785 1469 852 incul-

156 892 283 954 cantes.
317 893 467 965 Quorum
492 909 576 952 aevo
603 908 682 952 arca
712 893 970 975 permanentem
993 886 1095 952 Sione
1122 895 1220 953 nacta
1242 895 1314 954 erat
1340 891 1468 974 sedem,

157 997 295 1082 totaque
310 993 407 1078 regio
434 995 471 1059 in
488 992 649 1059 manibus
672 998 745 1059 erat
768 992 1010 1059 Hebraeorum.
1029 992 1081 1058 llli
1100 993 1219 1077 igitur,
1238 995 1379 1061 sublatis
1402 999 1471 1062 iam

158 1097 199 1164 iis
222 1122 309 1188 (quac
335 1099 430 1188 prius
454 1100 589 1165 inerant
610 1098 887 1180 difficultatibus,
910 1099 1040 1165 cultum
1070 1121 1272 1167 revocavere
1291 1100 1334 1167 ad
1355 1102 1472 1168 eondi-

158 1206 286 1271 tionem
312 1206 569 1295 perfectiorem,
597 1227 700 1293 quam
728 1211 814 1272 Deus
838 1227 901 1293 pro
925 1211 1080 1293 tempore
1107 1207 1278 1294 perfectae
1310 1207 1470 1274 obtentae
1545 1260 1551 1269 .

161 1340 176 1371 a
200 1312 334 1402 requiei
363 1342 378 1373 »
405 1312 564 1401 oprimis
590 1311 797 1394 intenderat,
824 1333 913 1400 <luae
933 1312 995 1377 sub
1009 1315 1120 1398 Moyse
1137 1313 1179 1377 de
1193 1314 1282 1379 tacto
1299 1313 1468 1400 viguerat,

158 1418 215 1484 sed
231 1419 307 1505 lege
333 1420 475 1507 antiqua
488 1441 519 1485 v.
535 1424 593 1483 2-*1
603 1418 759 1484 nondum
775 1417 1005 1499 sanciebatur,
1029 1416 1073 1482 ob
1090 1418 1263 1506 praevisas
1275 1442 1388 1486 sanea
1405 1425 1471 1486 lieo

158 1524 234 1589 aevi
248 1524 403 1591 iudicum
422 1524 653 1591 difficultates.

203 1637 290 1716 Ergo
314 1631 403 1696 nihil
424 1636 489 1712 est,
507 1653 568 1698 cur
587 1632 702 1717 legem
729 1653 759 1698 v.
788 1638 847 1698 2-'1
873 1631 987 1721 quoad
1007 1632 1232 1699 substantiam
1259 1638 1292 1698 et
1312 1633 1469 1722 spiritum

158 1759 323 1823 negemus
344 1760 364 1803 a
383 1741 500 1826 Mopse
524 1759 596 1804 esse
618 1737 746 1804 editam
773 1760 780 1805 :
808 1740 926 1826 ltoysis
954 1746 1104 1806 mentem
1130 1739 1290 1828 exprimit
1314 1739 1370 1827 (cf.
1398 1747 1468 1822 7,5;

158 1848 233 1910 Lev.
257 1844 328 1931 17),
347 1851 381 1911 et
395 1844 515 1910 debuit
529 1845 599 1910 fere
615 1849 694 1910 ante
710 1846 889 1911 transitum
905 1846 1067 1928 Iordanis,
1090 1850 1148 1912 aut
1169 1850 1259 1911 certe
1275 1845 1373 1911 brevi
1392 1851 1471 1934 post

159 1949 258 2015 illum
280 1950 363 2016 ferri
375 1952 396 2014 ¹.

422 2148 445 2193 b.
463 2148 502 2193 Ad
518 2148 598 2206 legem
616 2147 688 2195 Dent.
710 2149 793 2203 tae-7
811 2146 910 2192 novella
926 2145 992 2204 prior
1008 2145 1081 2192 Deut.
1101 2148 1205 2205 raa-19.

203 2308 284 2394 Arp.
314 2344 356 2355 -
378 2305 589 2372 Novellarius
604 2305 640 2370 in
653 2305 771 2392 Moysis
788 2326 936 2393 persona
955 2304 1218 2394 praecedentem
1248 2303 1361 2391 legem
1380 2303 1471 2369 indi-

159 2411 260 2478 vidue
284 2411 477 2500 producens
502 2412 663 2491 affirmat,
692 2433 752 2476 suo
769 2433 852 2477 aevo
878 2410 1050 2498 quoslibet
1073 2411 1138 2476 sibi
1160 2410 1210 2476 fas
1233 2432 1302 2476 esse
1323 2410 1469 2485 duxisse,

160 2517 220 2582 nbi
239 2517 380 2582 libuerit
402 2518 594 2583 sacrificare
615 2517 727 2582 tahvc.
755 2517 856 2583 Cuius
876 2517 1033 2583 licentiae
1056 2517 1224 2583 rationem
1250 2519 1401 2604 assignat
1422 2516 1473 2583 rei

163 2623 322 2711 publicae
347 2623 578 2689 ltebracorum
598 2621 828 2687 conditionem
854 2622 966 2688 adhuc
986 2623 1164 2699 incertam,
1185 2645 1252 2710 qua
1265 2645 1377 2711 neque
1393 2644 1473 2688 arca

161 2751 271 2816 neque
299 2728 446 2818 populus
477 2729 662 2816 perlectam
699 2733 820 2794 nactus
850 2727 892 2792 sit
926 2729 1093 2815 requiem.
1124 2728 1310 2793 Licentiam
1343 2728 1474 2793 interea

161 2834 411 2901 circumscribit
423 2834 482 2914 ita,
501 2840 538 2900 ut
553 2833 746 2900 oblationes
761 2834 836 2919 lege
847 2839 1046 2922 praeceptas
1063 2833 1107 2901 ad
1122 2833 1352 2900 sanctuarium
1370 2831 1474 2900 maxi·

161 2964 256 3007 mum
269 2941 395 3008 elelerri
409 2940 539 3021 iubeat,
552 2939 694 3019 ibidem,
711 2962 781 3007 non
796 2939 890 3006 domi
906 2939 1159 3007 comburendas
1175 2945 1233 3006 ant
1245 2941 1351 3006 sacris
1364 2941 1473 3028 epulis

161 3047 405 3131 absumendas;
427 3053 576 3114 mactare
596 3069 677 3114 vero
691 3045 758 3113 cibi
774 3069 873 3113 eausa
889 3048 1065 3136 permittat
1079 3046 1233 3127 ubilibet,
1254 3048 1322 3112 ritu
1339 3068 1408 3112 non
1424 3069 1473 3113 sa-

162 3176 230 3220 cro.
262 3155 429 3221 Altarium
460 3155 673 3243 privatorum
707 3153 917 3219 mentionem
945 3176 1016 3219 non
1045 3153 1141 3233 lacit,
1174 3153 1238 3219 nisi
1268 3152 1471 3242 implicitam

161 3283 194 3326 v.
214 3268 250 3343 83
266 3260 308 3327 iis
336 3263 436 3328 tacite
457 3259 655 3350 permittere
675 3259 812 3326 videtur
831 3259 999 3326 sacrificia
1017 3259 1095 3346 lege
1111 3282 1181 3325 non
1198 3271 1390 3347 praecepta,
1413 3282 1473 3326 vo-

195 3458 215 3501 1.
233 3456 261 3501 P.
284 3455 370 3504 Vetter
383 3452 480 3513 (theol.
499 3451 704 3510 Quartalschritt,
719 3451 883 3512 harcesburg
901 3455 969 3509 1899,
986 3456 1069 3513 1515
1087 3451 1195 3513 11].)111,
1211 3463 1275 3499 atero
1294 3449 1408 3498 iudicum
1423 3453 1473 3500 He-

162 3530 249 3579 braeos
271 3531 348 3593 tegrin
372 3535 445 3580 Dent.
463 3536 490 3580 12
512 3532 693 3595 interpretatos
716 3545 770 3581 esse
793 3533 837 3588 ita,
858 3534 888 3579 nt
912 3530 1037 3579 sacriticia
1056 3529 1186 3578 ordinaria
1209 3529 1276 3592 apud
1299 3530 1474 3578 sanctuarium

163 3610 301 3659 inanimum
313 3611 400 3660 otterri
417 3615 552 3674 oporteret,
566 3611 690 3661 sacrificia
704 3609 909 3661 extraordinaria
924 3610 962 3658 tas
976 3612 1039 3659 essct
1055 3607 1147 3659 offerre
1162 3611 1196 3658 iis
1213 3610 1288 3665 locis.
1307 3622 1377 3674 quae
1392 3609 1477 3660 labae

163 3690 259 3753 atiquo
278 3690 447 3754 theophania
462 3692 525 3740 crete
544 3694 721 3741 consecrasset
741 3691 806 3754 (tud.
828 3694 984 3749 2,5;6‚1t·2t.
1000 3690 1228 3752 assatam-23),
1249 3703 1312 3739 aevo
1326 3692 1412 3739 autem
1429 3690 1476 3739 Sa-

163 3769 253 3819 inuctis
270 3770 342 3832 plura
357 3769 442 3818 obtata
457 3783 513 3818 esse
533 3770 657 3819 sacriticia
676 3770 707 3819 iis
726 3772 802 3820 ctiam
825 3771 895 3829 loeis,
912 3769 957 3832 qui
977 3772 1002 3818 et
1024 3782 1081 3818 area
1101 3772 1127 3819 et
1148 3769 1303 3833 theophania
1324 3769 1475 3828 caruissent,

162 3850 231 3913 quod
251 3863 310 3898 arca
326 3863 339 3898 c
358 3850 514 3898 Philisthaee
533 3849 615 3899 redux
629 3849 767 3911 aliquando
786 3850 897 3899 caruerit
918 3853 988 3898 certa
1005 3848 1093 3898 sedes
1112 3849 1189 3899 lahve
1211 3850 1304 3899 electa.
1320 3849 1474 3912 ltcspondeo,

163 3930 342 3994 theophaniam
359 3931 383 3979 11
398 3929 501 3978 Bochim
518 3930 607 3992 utiquc
624 3929 705 3979 tuisse
720 3929 857 3992 publicani,
874 3929 1040 3993 theophanias
1054 3929 1181 3979 Gedconis
1192 3932 1219 3979 et
1236 3932 1327 3978 Manae
1341 3929 1471 3992 privatas:

163 4011 183 4061 si
199 4011 354 4074 quicumque
370 4008 418 4059 sihi
438 4008 574 4058 videbatur
595 4012 686 4059 nactus
704 4022 759 4059 esse
773 4009 951 4072 theophaniam
966 4008 1021 4071 (car
1036 4023 1086 4058 non
1108 4009 1185 4058 ctiam
1207 4009 1335 4058 somnium
1350 4009 1477 4060 divinitus

163 4092 304 4140 immissum
331 4090 375 4151 fet.
392 4090 456 4139 Gen.
479 4086 594 4152 2'8,12]?),
616 4092 700 4152 potuit
716 4089 743 4137 11
761 4089 818 4139 loco
834 4089 1003 4153 theophaniae
1021 4088 1115 4140 offerre
1134 4088 1476 4152 1111111111,111111111111111

163 4173 203 4222 lex
222 4175 297 4221 Dent.
318 4177 344 4221 11
360 4170 460 4233 privato
474 4168 644 4232 quorumdam
660 4168 773 4219 arbitrio.
790 4172 812 4219 E
831 4170 920 4220 tribus
940 4168 1064 4234 exemplis
1083 4169 1193 4219 laudatis
1213 4170 1334 4218 audacius
1356 4169 1474 4229 insertur,

163 4255 188 4302 in
201 4251 320 4302 omnibus
335 4255 359 4300 ct
372 4250 435 4300 solis
450 4249 661 4313 theophaniarum
675 4249 738 4299 locis
752 4249 791 4299 tas
807 4248 884 4300 fuisse
896 4249 988 4299 altaria
1002 4254 1141 4300 exstruere.
1153 4251 1283 4300 Habuitne
1298 4251 1474 4313 theophaniam

163 4333 242 4382 altare
256 4331 330 4390 illud,
348 4329 417 4394 qnod
437 4331 498 4391 erigi
518 4333 672 4395 praeceperat
686 4332 788 4393 Moyses
804 4332 880 4381 Dcut.
902 4334 975 4389 27,5?
988 4329 1086 4380 altaria
1104 4329 1156 4390 illa,
1174 4344 1240 4394 quae
1259 4333 1334 4381 Deut.
1352 4336 1403 4392 118
1419 4345 1476 4393 per-

165 4413 245 4462 mittit
260 4416 304 4462 aut
318 4415 386 4461 ccrtc
401 4410 504 4472 tolerat,
520 4413 651 4473 nequeunt
665 4409 775 4474 supponi
790 4410 892 4474 singula
907 4409 1058 4474 theophania
1072 4410 1157 4474 aliqua
1174 4424 1229 4460 csse
1243 4411 1384 4461 honestata.
1401 4415 1474 4458 haut.

165 4495 232 4548 leat
249 4493 290 4555 (ct.
311 4491 399 4555 ltebr.)
415 4493 565 4555 pronuntiat
579 4491 687 4555 privatis
704 4490 1099 4542 111111111111111111111111111.
1117 4493 1184 4554 Ergo
1201 4493 1236 4541 111
1254 4488 1473 4553 interpretabun-

165 4576 211 4619 tur
227 4570 332 4621 tlebraei
343 4575 400 4621 ante
415 4571 558 4622 Samuelem
573 4572 654 4634 legem
671 4574 746 4621 Dent.
768 4576 804 4630 12,
819 4576 848 4621 ut
862 4571 929 4635 apud
946 4572 1029 4622 solum
1047 4573 1221 4622 sanctuarium
1234 4573 1373 4621 111111111111
1388 4569 1475 4615 liceret

165 4649 242 4700 otiare
258 4651 381 4700 sacriticia
393 4652 446 4713 lege
463 4656 597 4717 praccepta
615 4652 723 4715 (cultum
743 4650 896 4715 officiatem),
912 4651 973 4703 alibi
989 4653 1113 4703 sacrificia
1130 4653 1236 4716 privata.
1254 4654 1335 4708 Quam
1351 4649 1474 4709 iuterpre-

167 4732 286 4783 tationem
299 4731 375 4783 editis
387 4734 514 4796 portentis
528 4733 607 4784 lahve
622 4731 795 4800 approbavit.
