3366 5346
713 263 957 307 rsrrarxucuus.
1453 251 1490 306 97

182 397 435 488 persecutiones
455 417 572 462 earum
595 395 732 462 nonnisi
752 396 884 463 incerta
902 396 1010 463 veluti
1036 397 1142 464 frusta
1162 397 1489 478 circumvolitarent;

182 505 238 570 sed
261 503 336 593 pari
358 504 428 569 tere
447 524 565 589 gressu
594 501 799 569 coniecerim
816 504 1019 592 processisse
1042 508 1075 570 et
1091 503 1336 570 destructiones
1348 509 1381 569 et
1396 506 1492 569 resti-

147 698 151 706 '
183 611 340 676 tationes.
372 614 487 699 Neque
508 610 729 676 restitutionis
748 611 938 676 tentamina
962 609 1079 676 omnia
1103 631 1221 676 conseo
1248 610 1335 676 iacta
1361 632 1430 675 esse
1456 611 1493 675 in

180 716 282 797 urbe,
310 716 369 783 ubi
397 716 564 783 acerrima
583 715 784 805 persecutio.
802 720 875 783 Non
893 738 1098 783 consuevere
1117 716 1286 783 violentae
1303 738 1342 782 ac
1360 716 1493 782 diutur-

182 845 247 888 nae
269 823 522 911 persecutiones
552 821 682 912 ubique
711 823 865 888 locorum
897 822 1123 913 aequabiliter
1147 822 1306 908 grassari.
1334 823 1494 889 Saeviunt

181 930 395 1018 potissimum
418 929 456 994 in
480 928 565 995 urbe
591 936 625 996 et
647 928 711 994 sub
734 929 928 1019 principum
948 928 1069 1010 oculis;
1089 928 1218 1018 pagani
1239 926 1281 994 de
1307 927 1404 994 libris
1426 951 1494 994 non

181 1041 317 1117 curant;
333 1041 413 1101 sunt
428 1035 646 1122 magistratus
663 1034 720 1124 pie
738 1035 840 1102 caeci.
860 1038 906 1100 Ne
925 1040 1035 1124 putes,
1053 1056 1167 1101 sacros
1183 1035 1291 1101 libros
1307 1056 1494 1124 paucorum

181 1141 335 1208 virorum
354 1142 471 1209 labore
494 1141 545 1231 (R,
564 1140 625 1223 hl,
647 1142 700 1225 R‘,
719 1140 793 1231 qu
814 1141 921 1208 semel
940 1143 1093 1230 impenso
1106 1142 1251 1209 evasisse
1263 1142 1362 1224 tales,
1381 1142 1497 1231 quales

181 1270 275 1315 nunc
287 1254 365 1314 sunt
384 1270 390 1315 :
413 1254 462 1314 est
480 1247 528 1313 ibi
549 1248 778 1338 plurimorum
797 1247 898 1314 labor
916 1269 979 1337 per
1003 1248 1138 1314 diversa
1156 1254 1314 1338 tempora
1333 1247 1496 1314 distrihu-

183 1362 248 1421 tus.
264 1360 380 1444 Neque
398 1360 551 1421 nostrum
568 1359 665 1421 Deut.
683 1375 856 1444 supponas
871 1355 999 1422 directe
1012 1353 1163 1421 derivari
1175 1355 1220 1421 ab
1236 1353 1439 1444 apographo
1452 1354 1497 1419 ah

184 1462 296 1527 Heleia
310 1466 464 1551 repert0;
483 1458 575 1550 quod
591 1460 688 1527 nullo
703 1466 797 1527 certo
812 1465 1016 1547 argumento
1031 1459 1294 1527 demonstrabis.
1306 1465 1375 1537 Quo
1388 1459 1497 1546 magis

184 1569 268 1633 haec
287 1573 363 1634 acta
383 1588 452 1633 esse
472 1566 698 1657 supposueris
713 1589 784 1633 non
805 1567 926 1648 semel,
943 1589 1015 1634 non
1038 1589 1059 1633 a
1079 1567 1215 1656 paucis,
1237 1589 1308 1634 non
1328 1589 1395 1633 uno
1419 1566 1496 1632 uni-

183 1673 285 1739 formi
309 1674 465 1772 cpnsilio,
489 1695 559 1739 non
592 1673 711 1740 critica
740 1679 871 1754 mente,
890 1679 984 1740 tanto
1008 1673 1151 1764 propior
1178 1674 1223 1741 ad
1243 1675 1421 1740 veritatem
1445 1694 1497 1738 ac·

183 1778 293 1847 cedes.
322 1786 442 1858 Quare,
464 1779 543 1846 licet
574 1802 644 1846 non
668 1802 901 1870 repugnemus
932 1780 989 1862 iis,
1012 1779 1073 1870 qui
1100 1780 1255 1846 laborem
1282 1778 1435 1866 congesti
1460 1779 1497 1844 in

152 1948 158 1953 .
185 1908 291 1951 unum
320 1885 540 1974 pentateuchi
564 1886 687 1952 Esdrae
711 1885 886 1966 tribuunt,
904 1884 978 1951 viro
1003 1887 1046 1952 de
1076 1885 1174 1952 libris
1195 1886 1299 1952 saeris
1321 1887 1356 1951 in
1380 1885 1497 1974 paucis

184 1991 420 2071 benemerito,
443 1997 558 2058 tamen
570 2014 683 2081 neque
703 1991 925 2081 repudiamus
937 1991 1147 2081 opinionem,
1160 2014 1239 2059 eum
1254 1991 1408 2058 laborem
1428 1991 1497 2056 iam

183 2103 263 2164 ante
278 2097 445 2175 exsilium,
472 2099 542 2164 imo
567 2105 646 2165 ante
666 2099 787 2166 losiam
808 2120 927 2185 regem
944 2120 965 2164 a
983 2096 1192 2188 quibusdam
1217 2120 1288 2165 esse
1308 2097 1494 2188 inceptum.

184 2204 247 2270 Ubi
262 2205 417 2293 sequenti
432 2204 535 2271 etiarn
552 2226 730 2272 movemur
746 2204 891 2271 ratione.

186 2320 190 2329 '
228 2310 353 2378 Schola
370 2310 575 2398 babylonica
589 2311 768 2378 doctorum
781 2311 995 2395 iudaeorum,
1013 2311 1108 2379 cuius
1128 2311 1378 2379 nobilissimum
1395 2334 1497 2380 orna·

185 2422 337 2483 mentum
366 2416 491 2484 exstitit
514 2417 587 2506 ipse
613 2417 753 2497 Esdras,
775 2417 895 2484 debuit
918 2419 1108 2494 necessario
1134 2419 1172 2485 in
1196 2441 1232 2484 re
1256 2440 1430 2486 sacrorum
1456 2418 1499 2483 li-

184 2523 325 2590 brorum
359 2544 429 2590 esse
458 2545 625 2613 perquam
660 2551 676 2584 a
710 2524 946 2589 conservativa
981 2552 1010 2590 ».
1039 2525 1111 2590 Toti
1141 2531 1238 2591 erant
1261 2525 1299 2591 in
1324 2524 1499 2591 servandis

185 2637 287 2719 atque
311 2629 532 2696 restituendis
555 2629 670 2708 libris,
687 2629 807 2718 quales
830 2629 947 2696 traditi
967 2631 1102 2696 fucrant
1120 2651 1143 2696 a
1163 2631 1329 2720 patribus.
1346 2636 1386 2697 Ut
1410 2631 1499 2716 frag-

185 2741 301 2802 menta
325 2758 413 2821 vaga
434 2735 678 2825 adscripserint
701 2736 859 2803 extremis
881 2735 978 2802 libris
1002 2736 1062 2817 iis,
1090 2735 1215 2826 quibus
1237 2736 1297 2802 illa
1324 2735 1500 2803 evidenter

185 2848 295 2909 essent
323 2844 470 2909 maxime
497 2843 633 2924 affinia,
661 2842 760 2909 facile
784 2842 947 2910 concedo.
968 2846 1016 2909 lta
1039 2842 1282 2932 adscripserint
1308 2841 1499 2909 narrationi

186 2949 258 3016 lud.
279 2956 359 3016 1-16
385 2949 469 3015 alias
492 2949 576 3016 duas
590 2948 744 3017 eiusdem
768 2949 844 3015 aevi
865 2949 1078 3016 narrationes
1094 2950 1167 3018 lud.
1193 2956 1304 3031 17-21,
1329 2948 1427 3015 libris
1442 2954 1498 3015 Sa·

187 3054 308 3122 muelis
328 3057 523 3142 fragmenta
541 3063 560 3121 2
581 3059 665 3143 Reg.
690 3061 809 3122 sr-at.
834 3056 899 3122 Sed
919 3055 1012 3122 aliud
1034 3060 1083 3122 est
1104 3056 1292 3138 affirmare,
1315 3078 1372 3123 eos
1390 3055 1498 3122 libros

186 3162 337 3229 diversos
352 3162 439 3229 duos
451 3162 506 3228 vel
524 3168 590 3228 tres
608 3163 644 3229 in
666 3184 773 3229 unum
793 3161 986 3229 contudisse
1005 3164 1282 3252 pentateuchum,
1303 3163 1498 3229 narratione

186 3270 289 3336 etiam
313 3268 394 3334 libri
420 3269 576 3358 bipartiti
604 3269 755 3335 discissa.
783 3273 931 3344 Quorum
966 3291 1044 3335 mox
1069 3270 1194 3358 posteri
1223 3276 1238 3335 1
1269 3271 1372 3335 llach.
1405 3274 1495 3349 hid,

187 3374 270 3463 quid
296 3375 338 3441 de
363 3375 535 3465 lapidibus
559 3377 720 3442 exsecrati
746 3374 863 3441 altaris
883 3381 969 3442 esset
991 3375 1204 3454 laciendum,
1230 3398 1299 3441 non
1322 3376 1396 3442 ausi
1420 3382 1498 3441 sunt

186 3481 347 3562 definire,
365 3509 380 3541 α
406 3482 631 3571 quoadusque
653 3484 787 3549 veniret
812 3482 980 3571 propheta
1006 3482 1282 3572 etresponderet
1306 3483 1354 3548 eis
1377 3511 1406 3548 ».
1432 3487 1497 3548 llo-

188 3608 310 3653 rumne
334 3595 577 3666 antecessores
596 3589 657 3678 qui
675 3595 750 3679 post
769 3588 976 3655 destructam
1002 3588 1124 3654 urbem
1140 3588 1313 3676 Babylone
1329 3589 1495 3662 vixerunt.

187 3693 348 3760 censendi
369 3701 447 3761 sunt
471 3695 543 3761 sine
564 3695 624 3761 tali
653 3696 790 3761 oraculo
819 3694 917 3760 libris
940 3695 1045 3760 sacris
1074 3716 1194 3761 manus
1222 3695 1323 3763 fuisse
1347 3695 1499 3761 illaturi?

187 3799 289 3888 Atqui
308 3822 364 3866 eos
383 3801 447 3868 hac
466 3801 502 3866 in
527 3824 563 3867 re
584 3802 752 3890 propheta
770 3801 887 3889 aliquo
912 3822 988 3866 usos
1007 3822 1079 3867 esse
1100 3808 1254 3883 auctore,
1272 3823 1340 3868 non
1359 3802 1498 3866 domon-

174 3911 328 3985 -stratur;
344 3907 521 3997 inceperat
541 3912 614 3974 turn
637 3928 759 3974 aevum
776 3906 878 3987 illud,
897 3935 912 3968 «
930 3929 998 3996 quo
1013 3930 1083 3974 non
1103 3914 1153 3974 est
1172 3907 1260 3973 visus
1275 3907 1443 3996 propheta
1463 3907 1498 3972 io

187 4014 290 4079 lsrael
306 4042 321 4073 a
340 4014 400 4102 (ib.
418 4015 524 4103 aar).
544 4020 714 4102 hggaeus,
731 4013 921 4095 Zacharias,
938 4013 1129 4096 MalachiaS,
1147 4019 1312 4103 quantum
1329 4014 1495 4085 novimus.

186 4122 223 4185 in
246 4119 371 4186 ludaea
401 4122 634 4209 potissimum,
661 4143 726 4186 non
763 4121 936 4208 Babylone
965 4120 1180 4187 consolandis
1205 4120 1336 4186 ludaeis
1359 4143 1500 4209 operam

187 4247 367 4294 novavere.
397 4229 598 4317 Superstites
622 4233 699 4317 post
721 4227 875 4294 exsilium
898 4228 933 4292 in
954 4227 1143 4314 Babylonia
1164 4226 1375 4316 aliquamdiu
1405 4228 1499 4294 suere

187 4332 360 4415 Ezechiel,
376 4335 511 4414 Daniel,
534 4335 682 4415 Baruch,
699 4334 735 4400 in
758 4339 911 4423 Aegypto
927 4334 1099 4400 Ieremias.
1118 4338 1183 4400 Hos
1202 4333 1238 4400 in
1254 4357 1289 4400 re
1305 4341 1499 4400 restauran-

187 4437 312 4505 dorum
335 4440 501 4508 librorum
534 4463 706 4508 sacrorum
732 4440 922 4530 quidquam
950 4441 1075 4527 egisse,
1097 4439 1271 4530 proditum
1296 4462 1366 4506 non
1396 4439 1499 4504 habe

189 4566 274 4612 mus.
293 4546 503 4615 Crediderim
518 4557 551 4615 ct
572 4551 632 4615 hos
650 4553 683 4615 et
701 4570 820 4614 corum
837 4547 997 4637 aequales
1021 4569 1138 4614 omnes
1154 4547 1309 4613 debuisse
1325 4567 1395 4611 esse
1409 4544 1443 4608 in
1459 4566 1499 4610 ea

89 4722 97 4729 ,
187 4672 224 4718 rc
239 4653 360 4720 eximie
375 4683 390 4716 «
409 4657 660 4722 conservativos
674 4683 704 4720 ».
723 4654 761 4720 ld
775 4663 967 4745 temporum
984 4655 1070 4720 ratio
1084 4654 1252 4740 exigebat.

579 4782 752 4819 nausearum.
771 4795 802 4806 -·
819 4783 895 4820 cour.
914 4781 941 4819 ru
958 4781 1030 4818 ocur.
1048 4772 1110 4817 -7
