<?xml version="1.0" encoding="UTF-8"?>
<!DOCTYPE html PUBLIC "-//W3C//DTD XHTML 1.0 Transitional//EN"
    "http://www.w3.org/TR/xhtml1/DTD/xhtml1-transitional.dtd">
<html xmlns="http://www.w3.org/1999/xhtml" xml:lang="en" lang="en">
 <head>
  <title>
</title>
<meta http-equiv="Content-Type" content="text/html;charset=utf-8" />
  <meta name='ocr-system' content='tesseract 3.04.00' />
  <meta name='ocr-capabilities' content='ocr_page ocr_carea ocr_par ocr_line ocrx_word'/>
</head>
<body>
  <div class='ocr_page' id='page_1' title='image "./commentariusind00hummgoog/commentariusind00hummgoog_0475.png"; bbox 0 0 3366 5346; ppageno 0'>
   <div class='ocr_carea' id='block_1_1' title="bbox 227 294 996 366">
    <p class='ocr_par' dir='ltr' id='par_1_1' title="bbox 227 294 996 366">
     <span class='ocr_line' id='line_1_1' title="bbox 227 294 996 366; baseline -0.013 -17"><span class='ocrx_word' id='word_1_1' title='bbox 227 294 286 351; x_wconf 75' lang='lat' dir='ltr'>tlt</span> <span class='ocrx_word' id='word_1_2' title='bbox 703 360 707 366; x_wconf 24' lang='grc' dir='ltr'>Ι</span> <span class='ocrx_word' id='word_1_3' title='bbox 775 299 872 343; x_wconf 81' lang='lat' dir='ltr'>vuum</span> <span class='ocrx_word' id='word_1_4' title='bbox 897 298 996 344; x_wconf 84' lang='lat' dir='ltr'>rosus.</span> 
     </span>
    </p>
   </div>
   <div class='ocr_carea' id='block_1_2' title="bbox 222 429 1552 2017">
    <p class='ocr_par' dir='ltr' id='par_1_2' title="bbox 222 429 1552 2017">
     <span class='ocr_line' id='line_1_2' title="bbox 224 429 1548 529; baseline -0.005 -22"><span class='ocrx_word' id='word_1_5' title='bbox 224 440 337 508; x_wconf 84' lang='lat' dir='ltr'>stabat</span> <span class='ocrx_word' id='word_1_6' title='bbox 353 439 515 529; x_wconf 92' lang='lat' dir='ltr'>populus,</span> <span class='ocrx_word' id='word_1_7' title='bbox 531 437 602 503; x_wconf 87' lang='lat' dir='ltr'>hia</span> <span class='ocrx_word' id='word_1_8' title='bbox 620 438 718 526; x_wconf 85' lang='lat' dir='ltr'>perte</span> <span class='ocrx_word' id='word_1_9' title='bbox 731 433 858 500; x_wconf 91' lang='lat' dir='ltr'>montis</span> <span class='ocrx_word' id='word_1_10' title='bbox 874 430 1032 511; x_wconf 81' lang='lat' dir='ltr'>Gerizim,</span> <span class='ocrx_word' id='word_1_11' title='bbox 1055 429 1107 496; x_wconf 94' lang='lat' dir='ltr'>illi</span> <span class='ocrx_word' id='word_1_12' title='bbox 1127 453 1146 497; x_wconf 82' lang='lat' dir='ltr'>u</span> <span class='ocrx_word' id='word_1_13' title='bbox 1164 435 1261 520; x_wconf 88' lang='lat' dir='ltr'>parte</span> <span class='ocrx_word' id='word_1_14' title='bbox 1278 431 1403 499; x_wconf 89' lang='lat' dir='ltr'>montis</span> <span class='ocrx_word' id='word_1_15' title='bbox 1419 431 1548 500; x_wconf 87' lang='lat' dir='ltr'>llebal.</span> 
     </span>
     <span class='ocr_line' id='line_1_3' title="bbox 224 538 1548 634; baseline -0.005 -20"><span class='ocrx_word' id='word_1_16' title='bbox 224 551 307 615; x_wconf 86' lang='lat' dir='ltr'>Cum</span> <span class='ocrx_word' id='word_1_17' title='bbox 331 545 444 612; x_wconf 88' lang='lat' dir='ltr'>tribus</span> <span class='ocrx_word' id='word_1_18' title='bbox 465 547 620 634; x_wconf 84' lang='lat' dir='ltr'>oporteat</span> <span class='ocrx_word' id='word_1_19' title='bbox 639 561 784 608; x_wconf 87' lang='lat' dir='ltr'>numero</span> <span class='ocrx_word' id='word_1_20' title='bbox 807 538 885 630; x_wconf 84' lang='lat' dir='ltr'>peri</span> <span class='ocrx_word' id='word_1_21' title='bbox 897 560 936 605; x_wconf 81' lang='lat' dir='ltr'>en</span> <span class='ocrx_word' id='word_1_22' title='bbox 948 543 1095 627; x_wconf 83' lang='lat' dir='ltr'>utraque</span> <span class='ocrx_word' id='word_1_23' title='bbox 1111 544 1208 628; x_wconf 84' lang='lat' dir='ltr'>perte</span> <span class='ocrx_word' id='word_1_24' title='bbox 1222 560 1324 605; x_wconf 79' lang='lat' dir='ltr'>erese</span> <span class='ocrx_word' id='word_1_25' title='bbox 1344 539 1548 620; x_wconf 73' lang='lat' dir='ltr'>consistere,</span> 
     </span>
     <span class='ocr_line' id='line_1_4' title="bbox 222 643 1552 744; baseline -0.005 -24"><span class='ocrx_word' id='word_1_26' title='bbox 222 653 385 744; x_wconf 82' lang='lat' dir='ltr'><strong>Ephraim</strong></span> <span class='ocrx_word' id='word_1_27' title='bbox 410 658 444 718; x_wconf 88' lang='lat' dir='ltr'>et</span> <span class='ocrx_word' id='word_1_28' title='bbox 465 655 611 718; x_wconf 85' lang='lat' dir='ltr'>Manasse</span> <span class='ocrx_word' id='word_1_29' title='bbox 638 652 857 715; x_wconf 76' lang='lat' dir='ltr'><strong>recensentur</strong></span> <span class='ocrx_word' id='word_1_30' title='bbox 882 651 920 712; x_wconf 94' lang='lat' dir='ltr'>ut</span> <span class='ocrx_word' id='word_1_31' title='bbox 940 666 1008 713; x_wconf 83' lang='lat' dir='ltr'>une</span> <span class='ocrx_word' id='word_1_32' title='bbox 1027 643 1150 711; x_wconf 89' lang='lat' dir='ltr'>domus</span> <span class='ocrx_word' id='word_1_33' title='bbox 1172 645 1310 735; x_wconf 84' lang='lat' dir='ltr'>loseph.</span> <span class='ocrx_word' id='word_1_34' title='bbox 1328 645 1361 712; x_wconf 93' lang='lat' dir='ltr'>Si</span> <span class='ocrx_word' id='word_1_35' title='bbox 1381 668 1552 714; x_wconf 87' lang='lat' dir='ltr'>numeros</span> 
     </span>
     <span class='ocr_line' id='line_1_5' title="bbox 223 750 1549 847; baseline -0.005 -20"><span class='ocrx_word' id='word_1_36' title='bbox 223 760 393 840; x_wconf 86' lang='lat' dir='ltr'>consulas,</span> <span class='ocrx_word' id='word_1_37' title='bbox 416 780 502 847; x_wconf 91' lang='lat' dir='ltr'>quos</span> <span class='ocrx_word' id='word_1_38' title='bbox 524 760 575 823; x_wconf 84' lang='lat' dir='ltr'>CN</span> <span class='ocrx_word' id='word_1_39' title='bbox 593 779 629 846; x_wconf 91' lang='lat' dir='ltr'>p.</span> <span class='ocrx_word' id='word_1_40' title='bbox 654 760 720 821; x_wconf 92' lang='grc'>226</span> <span class='ocrx_word' id='word_1_41' title='bbox 741 752 1033 834; x_wconf 65' lang='lat' dir='ltr'>describemus,</span> <span class='ocrx_word' id='word_1_42' title='bbox 1058 750 1210 840; x_wconf 77' lang='lat' dir='ltr'>reperies</span> <span class='ocrx_word' id='word_1_43' title='bbox 1231 750 1318 818; x_wconf 86' lang='lat' dir='ltr'>dues</span> <span class='ocrx_word' id='word_1_44' title='bbox 1338 757 1454 842; x_wconf 80' lang='lat' dir='ltr'>partes</span> <span class='ocrx_word' id='word_1_45' title='bbox 1472 775 1549 821; x_wconf 88' lang='lat' dir='ltr'>esse</span> 
     </span>
     <span class='ocr_line' id='line_1_6' title="bbox 223 857 1545 954; baseline -0.005 -21"><span class='ocrx_word' id='word_1_46' title='bbox 223 867 294 934; x_wconf 90' lang='lat' dir='ltr'>lere</span> <span class='ocrx_word' id='word_1_47' title='bbox 309 863 483 954; x_wconf 83' lang='lat' dir='ltr'>aequales,</span> <span class='ocrx_word' id='word_1_48' title='bbox 497 870 631 953; x_wconf 83' lang='lat' dir='ltr'>partem</span> <span class='ocrx_word' id='word_1_49' title='bbox 642 861 810 928; x_wconf 86' lang='lat' dir='ltr'>Simeonis</span> <span class='ocrx_word' id='word_1_50' title='bbox 829 859 912 926; x_wconf 91' lang='lat' dir='ltr'>solis</span> <span class='ocrx_word' id='word_1_51' title='bbox 927 864 969 926; x_wconf 88' lang='grc'>89</span> <span class='ocrx_word' id='word_1_52' title='bbox 985 857 1067 926; x_wconf 85' lang='lat' dir='ltr'>viris</span> <span class='ocrx_word' id='word_1_53' title='bbox 1081 859 1243 926; x_wconf 83' lang='lat' dir='ltr'>excedere</span> <span class='ocrx_word' id='word_1_54' title='bbox 1256 863 1391 948; x_wconf 79' lang='lat' dir='ltr'>purtem</span> <span class='ocrx_word' id='word_1_55' title='bbox 1409 859 1545 928; x_wconf 84' lang='lat' dir='ltr'>Ruben.</span> 
     </span>
     <span class='ocr_line' id='line_1_7' title="bbox 224 962 1549 1058; baseline -0.003 -20"><span class='ocrx_word' id='word_1_56' title='bbox 224 971 298 1038; x_wconf 87' lang='lat' dir='ltr'>Filii</span> <span class='ocrx_word' id='word_1_57' title='bbox 322 991 466 1037; x_wconf 84' lang='lat' dir='ltr'>uxorum</span> <span class='ocrx_word' id='word_1_58' title='bbox 489 967 591 1036; x_wconf 81' lang='lat' dir='ltr'>lecob</span> <span class='ocrx_word' id='word_1_59' title='bbox 611 971 837 1058; x_wconf 89' lang='lat' dir='ltr'>opponuntur</span> <span class='ocrx_word' id='word_1_60' title='bbox 851 964 931 1031; x_wconf 88' lang='lat' dir='ltr'>filiis</span> <span class='ocrx_word' id='word_1_61' title='bbox 945 962 1228 1046; x_wconf 80' lang='lat' dir='ltr'>concubinarum,</span> <span class='ocrx_word' id='word_1_62' title='bbox 1246 964 1284 1031; x_wconf 94' lang='lat' dir='ltr'>hi</span> <span class='ocrx_word' id='word_1_63' title='bbox 1304 970 1338 1032; x_wconf 90' lang='lat' dir='ltr'>et</span> <span class='ocrx_word' id='word_1_64' title='bbox 1356 964 1408 1033; x_wconf 92' lang='lat' dir='ltr'>illi</span> <span class='ocrx_word' id='word_1_65' title='bbox 1421 965 1549 1034; x_wconf 90' lang='lat' dir='ltr'>ordine</span> 
     </span>
     <span class='ocr_line' id='line_1_8' title="bbox 224 1069 1551 1162; baseline -0.005 -16"><span class='ocrx_word' id='word_1_66' title='bbox 224 1079 346 1146; x_wconf 83' lang='lat' dir='ltr'>eetutis</span> <span class='ocrx_word' id='word_1_67' title='bbox 360 1069 592 1144; x_wconf 83' lang='lat' dir='ltr'>recensentur.</span> <span class='ocrx_word' id='word_1_68' title='bbox 622 1078 706 1141; x_wconf 84' lang='lat' dir='ltr'>Cum</span> <span class='ocrx_word' id='word_1_69' title='bbox 726 1076 841 1140; x_wconf 83' lang='lat' dir='ltr'>eutem</span> <span class='ocrx_word' id='word_1_70' title='bbox 861 1071 912 1137; x_wconf 94' lang='lat' dir='ltr'>illi</span> <span class='ocrx_word' id='word_1_71' title='bbox 931 1073 999 1139; x_wconf 90' lang='lat' dir='ltr'>sint</span> <span class='ocrx_word' id='word_1_72' title='bbox 1013 1077 1109 1154; x_wconf 91' lang='lat' dir='ltr'>octo,</span> <span class='ocrx_word' id='word_1_73' title='bbox 1132 1071 1169 1137; x_wconf 91' lang='lat' dir='ltr'>hi</span> <span class='ocrx_word' id='word_1_74' title='bbox 1185 1076 1350 1162; x_wconf 85' lang='lat' dir='ltr'>quatuor,</span> <span class='ocrx_word' id='word_1_75' title='bbox 1365 1071 1445 1141; x_wconf 90' lang='lat' dir='ltr'>ideo</span> <span class='ocrx_word' id='word_1_76' title='bbox 1458 1073 1551 1141; x_wconf 91' lang='lat' dir='ltr'>filio-</span> 
     </span>
     <span class='ocr_line' id='line_1_9' title="bbox 225 1177 1549 1269; baseline -0.003 -17"><span class='ocrx_word' id='word_1_77' title='bbox 225 1205 302 1252; x_wconf 89' lang='lat' dir='ltr'>rum</span> <span class='ocrx_word' id='word_1_78' title='bbox 319 1185 397 1251; x_wconf 85' lang='lat' dir='ltr'>Liae</span> <span class='ocrx_word' id='word_1_79' title='bbox 412 1183 481 1250; x_wconf 93' lang='lat' dir='ltr'>duo</span> <span class='ocrx_word' id='word_1_80' title='bbox 501 1182 546 1249; x_wconf 83' lang='lat' dir='ltr'>ad</span> <span class='ocrx_word' id='word_1_81' title='bbox 565 1181 653 1248; x_wconf 89' lang='lat' dir='ltr'>tilios</span> <span class='ocrx_word' id='word_1_82' title='bbox 670 1178 943 1247; x_wconf 81' lang='lat' dir='ltr'>concubinarum</span> <span class='ocrx_word' id='word_1_83' title='bbox 965 1177 1178 1265; x_wconf 82' lang='lat' dir='ltr'>relegantur,</span> <span class='ocrx_word' id='word_1_84' title='bbox 1196 1199 1242 1245; x_wconf 91' lang='lat' dir='ltr'>sc.</span> <span class='ocrx_word' id='word_1_85' title='bbox 1260 1179 1397 1263; x_wconf 85' lang='lat' dir='ltr'>Ruben,</span> <span class='ocrx_word' id='word_1_86' title='bbox 1412 1179 1473 1269; x_wconf 92' lang='lat' dir='ltr'>qui</span> <span class='ocrx_word' id='word_1_87' title='bbox 1492 1180 1549 1248; x_wconf 84' lang='lat' dir='ltr'>ius</span> 
     </span>
     <span class='ocr_line' id='line_1_10' title="bbox 225 1285 1547 1380; baseline -0.008 -23"><span class='ocrx_word' id='word_1_88' title='bbox 225 1289 448 1380; x_wconf 82' lang='lat' dir='ltr'>primogeniti</span> <span class='ocrx_word' id='word_1_89' title='bbox 475 1288 605 1369; x_wconf 86' lang='lat' dir='ltr'>emisit,</span> <span class='ocrx_word' id='word_1_90' title='bbox 620 1293 654 1354; x_wconf 90' lang='lat' dir='ltr'>et</span> <span class='ocrx_word' id='word_1_91' title='bbox 668 1285 833 1353; x_wconf 84' lang='lat' dir='ltr'>Zabulon.</span> <span class='ocrx_word' id='word_1_92' title='bbox 852 1308 884 1351; x_wconf 86' lang='lat' dir='ltr'>v.</span> <span class='ocrx_word' id='word_1_93' title='bbox 907 1289 948 1352; x_wconf 85' lang='lat' dir='ltr'>1t</span> <span class='ocrx_word' id='word_1_94' title='bbox 971 1311 987 1344; x_wconf 89' lang='lat'>«</span> <span class='ocrx_word' id='word_1_95' title='bbox 1008 1285 1053 1350; x_wconf 80' lang='lat' dir='ltr'>ttr</span> <span class='ocrx_word' id='word_1_96' title='bbox 1069 1285 1347 1375; x_wconf 80' lang='lat' dir='ltr'>pronuntiabunt</span> <span class='ocrx_word' id='word_1_97' title='bbox 1357 1285 1498 1353; x_wconf 83' lang='lat' dir='ltr'>Levitae</span> <span class='ocrx_word' id='word_1_98' title='bbox 1514 1315 1547 1368; x_wconf 83' lang='lat'>»‚</span> 
     </span>
     <span class='ocr_line' id='line_1_11' title="bbox 226 1389 1545 1487; baseline -0.002 -24"><span class='ocrx_word' id='word_1_99' title='bbox 226 1401 396 1487; x_wconf 84' lang='lat' dir='ltr'>quotquot</span> <span class='ocrx_word' id='word_1_100' title='bbox 419 1394 518 1462; x_wconf 85' lang='lat' dir='ltr'>adid</span> <span class='ocrx_word' id='word_1_101' title='bbox 538 1393 785 1484; x_wconf 84' lang='lat' dir='ltr'>praestandum</span> <span class='ocrx_word' id='word_1_102' title='bbox 806 1391 888 1459; x_wconf 82' lang='lat' dir='ltr'>setis</span> <span class='ocrx_word' id='word_1_103' title='bbox 908 1397 1007 1459; x_wconf 92' lang='lat' dir='ltr'>erunt</span> <span class='ocrx_word' id='word_1_104' title='bbox 1026 1395 1130 1481; x_wconf 84' lang='lat' dir='ltr'>utque</span> <span class='ocrx_word' id='word_1_105' title='bbox 1147 1389 1192 1458; x_wconf 82' lang='lat' dir='ltr'>ed</span> <span class='ocrx_word' id='word_1_106' title='bbox 1212 1390 1247 1458; x_wconf 92' lang='lat' dir='ltr'>id</span> <span class='ocrx_word' id='word_1_107' title='bbox 1269 1390 1545 1481; x_wconf 83' lang='lat' dir='ltr'>deputabuntur,</span> 
     </span>
     <span class='ocr_line' id='line_1_12' title="bbox 228 1497 1549 1592; baseline -0.004 -22"><span class='ocrx_word' id='word_1_108' title='bbox 228 1531 243 1565; x_wconf 74' lang='lat' dir='ltr'>a</span> <span class='ocrx_word' id='word_1_109' title='bbox 261 1502 441 1592; x_wconf 80' lang='lat' dir='ltr'>dicentque</span> <span class='ocrx_word' id='word_1_110' title='bbox 458 1501 507 1567; x_wconf 90' lang='lat' dir='ltr'>ad</span> <span class='ocrx_word' id='word_1_111' title='bbox 520 1523 634 1567; x_wconf 86' lang='lat' dir='ltr'>ornnes</span> <span class='ocrx_word' id='word_1_112' title='bbox 649 1499 739 1566; x_wconf 90' lang='lat' dir='ltr'>uiros</span> <span class='ocrx_word' id='word_1_113' title='bbox 751 1499 859 1567; x_wconf 87' lang='lat' dir='ltr'>Israel</span> <span class='ocrx_word' id='word_1_114' title='bbox 877 1498 1009 1566; x_wconf 80' lang='lat' dir='ltr'>eccelsa</span> <span class='ocrx_word' id='word_1_115' title='bbox 1026 1519 1105 1565; x_wconf 86' lang='lat' dir='ltr'>uoce</span> <span class='ocrx_word' id='word_1_116' title='bbox 1126 1525 1142 1557; x_wconf 77' lang='lat' dir='ltr'>r</span> <span class='ocrx_word' id='word_1_117' title='bbox 1163 1517 1170 1564; x_wconf 91' lang='lat'>:</span> <span class='ocrx_word' id='word_1_118' title='bbox 1188 1520 1220 1564; x_wconf 86' lang='lat' dir='ltr'>v.</span> <span class='ocrx_word' id='word_1_119' title='bbox 1247 1504 1287 1566; x_wconf 89' lang='lat'>15</span> <span class='ocrx_word' id='word_1_120' title='bbox 1305 1497 1549 1567; x_wconf 88' lang='lat' dir='ltr'>«Maledictus</span> 
     </span>
     <span class='ocr_line' id='line_1_13' title="bbox 224 1603 1550 1697; baseline 0 -24"><span class='ocrx_word' id='word_1_121' title='bbox 224 1606 337 1693; x_wconf 78' lang='lat' dir='ltr'>domo,</span> <span class='ocrx_word' id='word_1_122' title='bbox 363 1608 426 1697; x_wconf 86' lang='lat' dir='ltr'>qui</span> <span class='ocrx_word' id='word_1_123' title='bbox 437 1607 527 1695; x_wconf 77' lang='lat' dir='ltr'>facit</span> <span class='ocrx_word' id='word_1_124' title='bbox 544 1606 702 1696; x_wconf 79' lang='lat' dir='ltr'>sccrlptile</span> <span class='ocrx_word' id='word_1_125' title='bbox 724 1618 757 1672; x_wconf 87' lang='lat' dir='ltr'>et</span> <span class='ocrx_word' id='word_1_126' title='bbox 772 1604 960 1692; x_wconf 73' lang='lat' dir='ltr'>conflatile,</span> <span class='ocrx_word' id='word_1_127' title='bbox 977 1603 1271 1672; x_wconf 81' lang='lat' dir='ltr'>abominationem</span> <span class='ocrx_word' id='word_1_128' title='bbox 1290 1605 1445 1688; x_wconf 78' lang='lat' dir='ltr'>Domini,</span> <span class='ocrx_word' id='word_1_129' title='bbox 1461 1629 1550 1696; x_wconf 79' lang='lat' dir='ltr'>opus</span> 
     </span>
     <span class='ocr_line' id='line_1_14' title="bbox 224 1710 1549 1803; baseline -0.001 -23"><span class='ocrx_word' id='word_1_130' title='bbox 224 1736 392 1783; x_wconf 77' lang='lat' dir='ltr'>maurium</span> <span class='ocrx_word' id='word_1_131' title='bbox 414 1713 600 1802; x_wconf 84' lang='lat' dir='ltr'>artificum,</span> <span class='ocrx_word' id='word_1_132' title='bbox 614 1724 785 1803; x_wconf 79' lang='lat' dir='ltr'>ponetque</span> <span class='ocrx_word' id='word_1_133' title='bbox 801 1710 893 1777; x_wconf 86' lang='lat' dir='ltr'>illud</span> <span class='ocrx_word' id='word_1_134' title='bbox 910 1713 947 1778; x_wconf 90' lang='lat' dir='ltr'>in</span> <span class='ocrx_word' id='word_1_135' title='bbox 967 1710 1166 1779; x_wconf 82' lang='lat' dir='ltr'>abscondito</span> <span class='ocrx_word' id='word_1_136' title='bbox 1188 1738 1219 1780; x_wconf 82' lang='lat'>».</span> <span class='ocrx_word' id='word_1_137' title='bbox 1234 1710 1420 1779; x_wconf 76' lang='lat' dir='ltr'>Maledictis</span> <span class='ocrx_word' id='word_1_138' title='bbox 1436 1735 1549 1803; x_wconf 92' lang='lat' dir='ltr'>oppo-</span> 
     </span>
     <span class='ocr_line' id='line_1_15' title="bbox 222 1817 1543 1910; baseline -0.001 -23"><span class='ocrx_word' id='word_1_139' title='bbox 222 1820 319 1888; x_wconf 89' lang='lat' dir='ltr'>nitur</span> <span class='ocrx_word' id='word_1_140' title='bbox 343 1819 577 1886; x_wconf 82' lang='lat' dir='ltr'>benedictioni</span> <span class='ocrx_word' id='word_1_141' title='bbox 610 1824 656 1902; x_wconf 90' lang='lat' dir='ltr'>et,</span> <span class='ocrx_word' id='word_1_142' title='bbox 682 1819 770 1886; x_wconf 91' lang='lat' dir='ltr'>sicut</span> <span class='ocrx_word' id='word_1_143' title='bbox 793 1817 1054 1885; x_wconf 88' lang='lat' dir='ltr'>benedictiones</span> <span class='ocrx_word' id='word_1_144' title='bbox 1075 1817 1275 1885; x_wconf 90' lang='lat' dir='ltr'>hominibus</span> <span class='ocrx_word' id='word_1_145' title='bbox 1302 1817 1367 1910; x_wconf 89' lang='lat' dir='ltr'>piis</span> <span class='ocrx_word' id='word_1_146' title='bbox 1388 1819 1425 1886; x_wconf 91' lang='lat' dir='ltr'>in</span> <span class='ocrx_word' id='word_1_147' title='bbox 1447 1823 1484 1886; x_wconf 85' lang='lat' dir='ltr'>V.</span> <span class='ocrx_word' id='word_1_148' title='bbox 1505 1823 1543 1886; x_wconf 89' lang='lat' dir='ltr'>T.</span> 
     </span>
     <span class='ocr_line' id='line_1_16' title="bbox 222 1924 1549 2017; baseline -0.001 -25"><span class='ocrx_word' id='word_1_149' title='bbox 222 1926 411 2017; x_wconf 85' lang='lat' dir='ltr'>promissae</span> <span class='ocrx_word' id='word_1_150' title='bbox 426 1930 582 1993; x_wconf 84' lang='lat' dir='ltr'>constent</span> <span class='ocrx_word' id='word_1_151' title='bbox 592 1926 808 2016; x_wconf 89' lang='lat' dir='ltr'>potissimum</span> <span class='ocrx_word' id='word_1_152' title='bbox 826 1924 990 1992; x_wconf 83' lang='lat' dir='ltr'>fruitione</span> <span class='ocrx_word' id='word_1_153' title='bbox 1009 1925 1180 1992; x_wconf 91' lang='lat' dir='ltr'>bonorum</span> <span class='ocrx_word' id='word_1_154' title='bbox 1197 1930 1307 1993; x_wconf 81' lang='lat' dir='ltr'>terrac</span> <span class='ocrx_word' id='word_1_155' title='bbox 1323 1930 1479 2009; x_wconf 84' lang='lat' dir='ltr'>sanctae,</span> <span class='ocrx_word' id='word_1_156' title='bbox 1496 1926 1549 1992; x_wconf 83' lang='lat' dir='ltr'>ita</span> 
     </span>
    </p>
   </div>
   <div class='ocr_carea' id='block_1_3' title="bbox 16 2030 1548 2122">
    <p class='ocr_par' dir='ltr' id='par_1_3' title="bbox 16 2030 1548 2122">
     <span class='ocr_line' id='line_1_17' title="bbox 16 2030 1548 2122; baseline 0.001 -24"><span class='ocrx_word' id='word_1_157' title='bbox 16 2050 24 2065; x_wconf 90' lang='lat'><strong>·</strong></span> <span class='ocrx_word' id='word_1_158' title='bbox 92 2030 105 2051; x_wconf 71' lang='lat'>⁸</span> <span class='ocrx_word' id='word_1_159' title='bbox 223 2032 480 2100; x_wconf 84' lang='lat' dir='ltr'>meledictiones</span> <span class='ocrx_word' id='word_1_160' title='bbox 504 2037 663 2111; x_wconf 79' lang='lat' dir='ltr'>constent</span> <span class='ocrx_word' id='word_1_161' title='bbox 687 2031 886 2099; x_wconf 89' lang='lat' dir='ltr'>eorumdem</span> <span class='ocrx_word' id='word_1_162' title='bbox 907 2030 1113 2121; x_wconf 85' lang='lat' dir='ltr'>privatione.</span> <span class='ocrx_word' id='word_1_163' title='bbox 1135 2059 1150 2092; x_wconf 75' lang='lat' dir='ltr'>c</span> <span class='ocrx_word' id='word_1_164' title='bbox 1173 2032 1219 2098; x_wconf 87' lang='lat' dir='ltr'>Et</span> <span class='ocrx_word' id='word_1_165' title='bbox 1238 2031 1453 2122; x_wconf 82' lang='lat' dir='ltr'>respondebit</span> <span class='ocrx_word' id='word_1_166' title='bbox 1472 2055 1548 2100; x_wconf 89' lang='lat' dir='ltr'>orn·</span> 
     </span>
    </p>
   </div>
   <div class='ocr_carea' id='block_1_4' title="bbox 215 2137 1548 4357">
    <p class='ocr_par' dir='ltr' id='par_1_4' title="bbox 215 2137 1548 4357">
     <span class='ocr_line' id='line_1_18' title="bbox 222 2137 1547 2229; baseline 0 -24"><span class='ocrx_word' id='word_1_167' title='bbox 222 2138 276 2205; x_wconf 89' lang='lat' dir='ltr'>nis</span> <span class='ocrx_word' id='word_1_168' title='bbox 294 2138 445 2229; x_wconf 83' lang='lat' dir='ltr'>populus</span> <span class='ocrx_word' id='word_1_169' title='bbox 467 2152 500 2205; x_wconf 88' lang='lat' dir='ltr'>et</span> <span class='ocrx_word' id='word_1_170' title='bbox 524 2138 613 2206; x_wconf 87' lang='lat' dir='ltr'>dicet</span> <span class='ocrx_word' id='word_1_171' title='bbox 636 2139 778 2205; x_wconf 83' lang='lat' dir='ltr'>:Amen</span> <span class='ocrx_word' id='word_1_172' title='bbox 803 2167 833 2206; x_wconf 81' lang='lat'>».</span> <span class='ocrx_word' id='word_1_173' title='bbox 856 2138 980 2206; x_wconf 87' lang='lat' dir='ltr'>lahvce</span> <span class='ocrx_word' id='word_1_174' title='bbox 995 2137 1272 2205; x_wconf 82' lang='lat' dir='ltr'>maledictionem</span> <span class='ocrx_word' id='word_1_175' title='bbox 1292 2139 1325 2204; x_wconf 91' lang='lat' dir='ltr'>iu</span> <span class='ocrx_word' id='word_1_176' title='bbox 1352 2140 1547 2229; x_wconf 79' lang='lat' dir='ltr'>suocapite</span> 
     </span>
     <span class='ocr_line' id='line_1_19' title="bbox 223 2243 1545 2332; baseline 0.001 -21"><span class='ocrx_word' id='word_1_177' title='bbox 223 2245 405 2328; x_wconf 80' lang='lat' dir='ltr'>devocant,</span> <span class='ocrx_word' id='word_1_178' title='bbox 430 2245 459 2312; x_wconf 92' lang='lat' dir='ltr'>si</span> <span class='ocrx_word' id='word_1_179' title='bbox 483 2246 612 2313; x_wconf 83' lang='lat' dir='ltr'>scelera</span> <span class='ocrx_word' id='word_1_180' title='bbox 637 2245 693 2311; x_wconf 90' lang='lat' dir='ltr'>hic</span> <span class='ocrx_word' id='word_1_181' title='bbox 718 2244 885 2311; x_wconf 83' lang='lat' dir='ltr'>recensita</span> <span class='ocrx_word' id='word_1_182' title='bbox 907 2243 1151 2332; x_wconf 87' lang='lat' dir='ltr'>commiserint.</span> <span class='ocrx_word' id='word_1_183' title='bbox 1170 2267 1202 2311; x_wconf 91' lang='lat' dir='ltr'>v.</span> <span class='ocrx_word' id='word_1_184' title='bbox 1222 2251 1262 2311; x_wconf 88' lang='grc'>16</span> <span class='ocrx_word' id='word_1_185' title='bbox 1284 2272 1301 2307; x_wconf 77' lang='lat' dir='ltr'>u</span> <span class='ocrx_word' id='word_1_186' title='bbox 1325 2243 1545 2326; x_wconf 80' lang='lat' dir='ltr'>Maledictus,</span> 
     </span>
     <span class='ocr_line' id='line_1_20' title="bbox 223 2350 1547 2442; baseline 0.001 -25"><span class='ocrx_word' id='word_1_187' title='bbox 223 2351 285 2440; x_wconf 87' lang='lat' dir='ltr'>qui</span> <span class='ocrx_word' id='word_1_188' title='bbox 309 2374 380 2418; x_wconf 89' lang='lat' dir='ltr'>nan</span> <span class='ocrx_word' id='word_1_189' title='bbox 405 2351 551 2418; x_wconf 72' lang='lat' dir='ltr'>honorat</span> <span class='ocrx_word' id='word_1_190' title='bbox 570 2363 709 2441; x_wconf 86' lang='lat' dir='ltr'>patrem</span> <span class='ocrx_word' id='word_1_191' title='bbox 731 2372 830 2417; x_wconf 79' lang='lat' dir='ltr'>strum</span> <span class='ocrx_word' id='word_1_192' title='bbox 854 2363 886 2417; x_wconf 88' lang='lat' dir='ltr'>et</span> <span class='ocrx_word' id='word_1_193' title='bbox 901 2362 1058 2418; x_wconf 86' lang='lat' dir='ltr'>matrem.</span> <span class='ocrx_word' id='word_1_194' title='bbox 1076 2352 1121 2416; x_wconf 83' lang='lat' dir='ltr'>Et</span> <span class='ocrx_word' id='word_1_195' title='bbox 1139 2350 1228 2418; x_wconf 88' lang='lat' dir='ltr'>dicet</span> <span class='ocrx_word' id='word_1_196' title='bbox 1242 2352 1352 2418; x_wconf 87' lang='lat' dir='ltr'>omnis</span> <span class='ocrx_word' id='word_1_197' title='bbox 1363 2350 1516 2442; x_wconf 84' lang='lat' dir='ltr'>populus</span> <span class='ocrx_word' id='word_1_198' title='bbox 1533 2374 1547 2417; x_wconf 92' lang='lat'>.·</span> 
     </span>
     <span class='ocr_line' id='line_1_21' title="bbox 222 2456 1548 2550; baseline 0.001 -25"><span class='ocrx_word' id='word_1_199' title='bbox 222 2460 332 2525; x_wconf 76' lang='lat' dir='ltr'>Anien</span> <span class='ocrx_word' id='word_1_200' title='bbox 361 2487 391 2524; x_wconf 86' lang='lat'>».</span> <span class='ocrx_word' id='word_1_201' title='bbox 418 2479 452 2526; x_wconf 86' lang='lat' dir='ltr'>v.</span> <span class='ocrx_word' id='word_1_202' title='bbox 476 2465 517 2524; x_wconf 84' lang='lat'>17</span> <span class='ocrx_word' id='word_1_203' title='bbox 534 2485 549 2519; x_wconf 76' lang='lat' dir='ltr'>a</span> <span class='ocrx_word' id='word_1_204' title='bbox 576 2456 796 2542; x_wconf 79' lang='lat' dir='ltr'>Maledictus,</span> <span class='ocrx_word' id='word_1_205' title='bbox 812 2457 875 2546; x_wconf 85' lang='lat' dir='ltr'>qui</span> <span class='ocrx_word' id='word_1_206' title='bbox 885 2460 1051 2547; x_wconf 75' lang='lat' dir='ltr'>transfert</span> <span class='ocrx_word' id='word_1_207' title='bbox 1066 2457 1227 2524; x_wconf 84' lang='lat' dir='ltr'>terminos</span> <span class='ocrx_word' id='word_1_208' title='bbox 1236 2458 1395 2550; x_wconf 80' lang='lat' dir='ltr'>prosimi</span> <span class='ocrx_word' id='word_1_209' title='bbox 1407 2459 1475 2526; x_wconf 91' lang='lat' dir='ltr'>sui.</span> <span class='ocrx_word' id='word_1_210' title='bbox 1500 2460 1548 2526; x_wconf 85' lang='lat' dir='ltr'>Et</span> 
     </span>
     <span class='ocr_line' id='line_1_22' title="bbox 226 2562 1548 2655; baseline 0.002 -24"><span class='ocrx_word' id='word_1_211' title='bbox 226 2563 315 2631; x_wconf 87' lang='lat' dir='ltr'>dicet</span> <span class='ocrx_word' id='word_1_212' title='bbox 337 2565 449 2632; x_wconf 87' lang='lat' dir='ltr'>omnis</span> <span class='ocrx_word' id='word_1_213' title='bbox 456 2564 610 2655; x_wconf 79' lang='lat' dir='ltr'>papirius</span> <span class='ocrx_word' id='word_1_214' title='bbox 626 2587 638 2632; x_wconf 90' lang='lat'>.·</span> <span class='ocrx_word' id='word_1_215' title='bbox 652 2568 761 2631; x_wconf 85' lang='lat' dir='ltr'>Arnen</span> <span class='ocrx_word' id='word_1_216' title='bbox 783 2592 813 2630; x_wconf 68' lang='grc' dir='ltr'>ι),</span> <span class='ocrx_word' id='word_1_217' title='bbox 836 2586 867 2632; x_wconf 89' lang='lat' dir='ltr'>v.</span> <span class='ocrx_word' id='word_1_218' title='bbox 895 2570 935 2632; x_wconf 88' lang='lat'>18</span> <span class='ocrx_word' id='word_1_219' title='bbox 959 2592 975 2625; x_wconf 87' lang='lat'>«</span> <span class='ocrx_word' id='word_1_220' title='bbox 1006 2562 1222 2650; x_wconf 84' lang='lat' dir='ltr'>Maledictus,</span> <span class='ocrx_word' id='word_1_221' title='bbox 1245 2565 1307 2655; x_wconf 86' lang='lat' dir='ltr'>qui</span> <span class='ocrx_word' id='word_1_222' title='bbox 1321 2588 1436 2633; x_wconf 87' lang='lat' dir='ltr'>errare</span> <span class='ocrx_word' id='word_1_223' title='bbox 1452 2566 1548 2655; x_wconf 72' lang='lat' dir='ltr'>facit</span> 
     </span>
     <span class='ocr_line' id='line_1_23' title="bbox 222 2669 1548 2761; baseline 0.002 -22"><span class='ocrx_word' id='word_1_224' title='bbox 222 2694 360 2739; x_wconf 87' lang='lat' dir='ltr'>caecum</span> <span class='ocrx_word' id='word_1_225' title='bbox 381 2673 416 2738; x_wconf 90' lang='lat' dir='ltr'>in</span> <span class='ocrx_word' id='word_1_226' title='bbox 433 2671 568 2738; x_wconf 86' lang='lat' dir='ltr'>itinere.</span> <span class='ocrx_word' id='word_1_227' title='bbox 596 2675 642 2738; x_wconf 78' lang='lat' dir='ltr'>Et</span> <span class='ocrx_word' id='word_1_228' title='bbox 665 2669 756 2738; x_wconf 89' lang='lat' dir='ltr'>dicet</span> <span class='ocrx_word' id='word_1_229' title='bbox 781 2670 891 2737; x_wconf 88' lang='lat' dir='ltr'>omnis</span> <span class='ocrx_word' id='word_1_230' title='bbox 908 2669 1059 2761; x_wconf 80' lang='lat' dir='ltr'>populus</span> <span class='ocrx_word' id='word_1_231' title='bbox 1073 2693 1086 2737; x_wconf 95' lang='lat'><em>:</em></span> <span class='ocrx_word' id='word_1_232' title='bbox 1101 2673 1210 2738; x_wconf 84' lang='lat' dir='ltr'>Arnen</span> <span class='ocrx_word' id='word_1_233' title='bbox 1228 2698 1258 2738; x_wconf 88' lang='lat'>».</span> <span class='ocrx_word' id='word_1_234' title='bbox 1281 2695 1315 2741; x_wconf 88' lang='lat' dir='ltr'>v.</span> <span class='ocrx_word' id='word_1_235' title='bbox 1344 2679 1384 2739; x_wconf 89' lang='grc'>19</span> <span class='ocrx_word' id='word_1_236' title='bbox 1401 2701 1418 2735; x_wconf 86' lang='lat'>«</span> <span class='ocrx_word' id='word_1_237' title='bbox 1437 2671 1548 2740; x_wconf 89' lang='lat' dir='ltr'>Male·</span> 
     </span>
     <span class='ocr_line' id='line_1_24' title="bbox 224 2776 1545 2868; baseline 0.004 -25"><span class='ocrx_word' id='word_1_238' title='bbox 224 2776 348 2861; x_wconf 86' lang='lat' dir='ltr'>dictus,</span> <span class='ocrx_word' id='word_1_239' title='bbox 369 2778 432 2868; x_wconf 82' lang='lat' dir='ltr'>qui</span> <span class='ocrx_word' id='word_1_240' title='bbox 447 2777 651 2868; x_wconf 80' lang='lat' dir='ltr'>perverterit</span> <span class='ocrx_word' id='word_1_241' title='bbox 670 2777 840 2844; x_wconf 87' lang='lat' dir='ltr'>iudicium</span> <span class='ocrx_word' id='word_1_242' title='bbox 855 2776 1020 2861; x_wconf 83' lang='lat' dir='ltr'>aduenae,</span> <span class='ocrx_word' id='word_1_243' title='bbox 1032 2776 1163 2868; x_wconf 79' lang='lat' dir='ltr'>pripilli</span> <span class='ocrx_word' id='word_1_244' title='bbox 1178 2776 1363 2847; x_wconf 83' lang='lat' dir='ltr'>etuiduue.</span> <span class='ocrx_word' id='word_1_245' title='bbox 1389 2780 1436 2845; x_wconf 80' lang='lat' dir='ltr'>Et</span> <span class='ocrx_word' id='word_1_246' title='bbox 1450 2778 1545 2848; x_wconf 88' lang='lat' dir='ltr'>dicet</span> 
     </span>
     <span class='ocr_line' id='line_1_25' title="bbox 221 2882 1546 2974; baseline 0.003 -24"><span class='ocrx_word' id='word_1_247' title='bbox 221 2884 330 2950; x_wconf 87' lang='lat' dir='ltr'>omnis</span> <span class='ocrx_word' id='word_1_248' title='bbox 339 2890 493 2974; x_wconf 80' lang='lat' dir='ltr'>populus</span> <span class='ocrx_word' id='word_1_249' title='bbox 515 2906 528 2950; x_wconf 87' lang='lat'>.·</span> <span class='ocrx_word' id='word_1_250' title='bbox 548 2885 658 2950; x_wconf 83' lang='lat' dir='ltr'>Amen</span> <span class='ocrx_word' id='word_1_251' title='bbox 680 2913 710 2950; x_wconf 69' lang='grc' dir='ltr'>ι.</span> <span class='ocrx_word' id='word_1_252' title='bbox 733 2907 764 2950; x_wconf 85' lang='grc' dir='ltr'>ν.</span> <span class='ocrx_word' id='word_1_253' title='bbox 783 2890 826 2950; x_wconf 88' lang='grc'>20</span> <span class='ocrx_word' id='word_1_254' title='bbox 847 2911 863 2945; x_wconf 80' lang='lat' dir='ltr'>u</span> <span class='ocrx_word' id='word_1_255' title='bbox 882 2882 1099 2965; x_wconf 88' lang='lat' dir='ltr'>Maledictus,</span> <span class='ocrx_word' id='word_1_256' title='bbox 1120 2884 1182 2974; x_wconf 86' lang='lat' dir='ltr'>qui</span> <span class='ocrx_word' id='word_1_257' title='bbox 1195 2883 1323 2951; x_wconf 81' lang='lat' dir='ltr'>dormit</span> <span class='ocrx_word' id='word_1_258' title='bbox 1342 2908 1419 2953; x_wconf 90' lang='lat' dir='ltr'>cum</span> <span class='ocrx_word' id='word_1_259' title='bbox 1435 2909 1546 2954; x_wconf 84' lang='lat' dir='ltr'>acore</span> 
     </span>
     <span class='ocr_line' id='line_1_26' title="bbox 219 2989 1544 3084; baseline 0.004 -31"><span class='ocrx_word' id='word_1_260' title='bbox 219 2989 416 3078; x_wconf 78' lang='lat' dir='ltr'>patrissui,</span> <span class='ocrx_word' id='word_1_261' title='bbox 438 3002 470 3055; x_wconf 85' lang='lat' dir='ltr'>rt</span> <span class='ocrx_word' id='word_1_262' title='bbox 492 2990 619 3056; x_wconf 83' lang='lat' dir='ltr'>revelet</span> <span class='ocrx_word' id='word_1_263' title='bbox 640 2989 888 3078; x_wconf 79' lang='lat' dir='ltr'>operimentum</span> <span class='ocrx_word' id='word_1_264' title='bbox 912 2989 1042 3079; x_wconf 80' lang='lat' dir='ltr'>[lectrdi</span> <span class='ocrx_word' id='word_1_265' title='bbox 1060 2989 1159 3079; x_wconf 68' lang='lat' dir='ltr'>eiust.</span> <span class='ocrx_word' id='word_1_266' title='bbox 1188 2994 1233 3058; x_wconf 83' lang='lat' dir='ltr'>Et</span> <span class='ocrx_word' id='word_1_267' title='bbox 1247 2990 1338 3059; x_wconf 87' lang='lat' dir='ltr'>dicet</span> <span class='ocrx_word' id='word_1_268' title='bbox 1353 2992 1462 3060; x_wconf 85' lang='lat' dir='ltr'>omnis</span> <span class='ocrx_word' id='word_1_269' title='bbox 1474 3014 1544 3084; x_wconf 83' lang='lat' dir='ltr'>pa-</span> 
     </span>
     <span class='ocr_line' id='line_1_27' title="bbox 215 3092 1545 3186; baseline 0.005 -26"><span class='ocrx_word' id='word_1_270' title='bbox 215 3092 323 3184; x_wconf 81' lang='lat' dir='ltr'>pulus</span> <span class='ocrx_word' id='word_1_271' title='bbox 345 3115 357 3158; x_wconf 92' lang='grc'>.·</span> <span class='ocrx_word' id='word_1_272' title='bbox 376 3098 485 3161; x_wconf 79' lang='lat' dir='ltr'>Anien</span> <span class='ocrx_word' id='word_1_273' title='bbox 502 3122 532 3162; x_wconf 88' lang='lat'>».</span> <span class='ocrx_word' id='word_1_274' title='bbox 555 3096 603 3160; x_wconf 80' lang='lat' dir='ltr'>ef.</span> <span class='ocrx_word' id='word_1_275' title='bbox 625 3100 739 3178; x_wconf 67' lang='grc'><strong>2230.</strong></span> <span class='ocrx_word' id='word_1_276' title='bbox 760 3118 791 3161; x_wconf 86' lang='lat' dir='ltr'>v.</span> <span class='ocrx_word' id='word_1_277' title='bbox 810 3101 849 3161; x_wconf 90' lang='grc'>21</span> <span class='ocrx_word' id='word_1_278' title='bbox 871 3125 887 3157; x_wconf 87' lang='lat'>«</span> <span class='ocrx_word' id='word_1_279' title='bbox 902 3094 1120 3179; x_wconf 87' lang='lat' dir='ltr'>Maledictus,</span> <span class='ocrx_word' id='word_1_280' title='bbox 1137 3097 1340 3186; x_wconf 87' lang='lat' dir='ltr'>quidermit</span> <span class='ocrx_word' id='word_1_281' title='bbox 1355 3099 1545 3181; x_wconf 87' lang='lat' dir='ltr'>cumomni</span> 
     </span>
     <span class='ocr_line' id='line_1_28' title="bbox 222 3198 1545 3296; baseline 0.006 -31"><span class='ocrx_word' id='word_1_282' title='bbox 222 3199 387 3266; x_wconf 89' lang='lat' dir='ltr'>iumento.</span> <span class='ocrx_word' id='word_1_283' title='bbox 406 3202 449 3264; x_wconf 84' lang='lat' dir='ltr'>Et</span> <span class='ocrx_word' id='word_1_284' title='bbox 467 3198 556 3265; x_wconf 88' lang='lat' dir='ltr'>dicet</span> <span class='ocrx_word' id='word_1_285' title='bbox 581 3199 691 3266; x_wconf 77' lang='lat' dir='ltr'>antitis</span> <span class='ocrx_word' id='word_1_286' title='bbox 706 3200 882 3290; x_wconf 73' lang='lat' dir='ltr'>popellus:</span> <span class='ocrx_word' id='word_1_287' title='bbox 904 3202 1014 3267; x_wconf 84' lang='lat' dir='ltr'>Arnen</span> <span class='ocrx_word' id='word_1_288' title='bbox 1033 3229 1061 3268; x_wconf 88' lang='lat'>».</span> <span class='ocrx_word' id='word_1_289' title='bbox 1085 3226 1117 3269; x_wconf 89' lang='lat' dir='ltr'>v.</span> <span class='ocrx_word' id='word_1_290' title='bbox 1138 3210 1182 3270; x_wconf 82' lang='grc'>22</span> <span class='ocrx_word' id='word_1_291' title='bbox 1200 3230 1215 3264; x_wconf 90' lang='lat'>«</span> <span class='ocrx_word' id='word_1_292' title='bbox 1234 3203 1454 3290; x_wconf 89' lang='lat' dir='ltr'>Maledictus,</span> <span class='ocrx_word' id='word_1_293' title='bbox 1478 3207 1545 3296; x_wconf 84' lang='lat' dir='ltr'>qui</span> 
     </span>
     <span class='ocr_line' id='line_1_29' title="bbox 223 3305 1547 3397; baseline 0.005 -24"><span class='ocrx_word' id='word_1_294' title='bbox 223 3305 351 3373; x_wconf 86' lang='lat' dir='ltr'>dormit</span> <span class='ocrx_word' id='word_1_295' title='bbox 379 3328 454 3372; x_wconf 87' lang='lat' dir='ltr'>curn</span> <span class='ocrx_word' id='word_1_296' title='bbox 484 3328 597 3374; x_wconf 89' lang='lat' dir='ltr'>serore</span> <span class='ocrx_word' id='word_1_297' title='bbox 625 3328 701 3388; x_wconf 89' lang='lat' dir='ltr'>sua,</span> <span class='ocrx_word' id='word_1_298' title='bbox 730 3306 810 3397; x_wconf 77' lang='lat' dir='ltr'>filia</span> <span class='ocrx_word' id='word_1_299' title='bbox 835 3307 946 3397; x_wconf 82' lang='lat' dir='ltr'>patris</span> <span class='ocrx_word' id='word_1_300' title='bbox 971 3308 1026 3374; x_wconf 85' lang='lat' dir='ltr'>sui</span> <span class='ocrx_word' id='word_1_301' title='bbox 1049 3308 1105 3375; x_wconf 85' lang='lat' dir='ltr'>uel</span> <span class='ocrx_word' id='word_1_302' title='bbox 1123 3310 1246 3378; x_wconf 86' lang='lat' dir='ltr'>matris</span> <span class='ocrx_word' id='word_1_303' title='bbox 1269 3334 1364 3378; x_wconf 88' lang='lat' dir='ltr'>suae.</span> <span class='ocrx_word' id='word_1_304' title='bbox 1387 3312 1433 3378; x_wconf 84' lang='lat' dir='ltr'>Et</span> <span class='ocrx_word' id='word_1_305' title='bbox 1451 3311 1547 3380; x_wconf 86' lang='lat' dir='ltr'>dicet</span> 
     </span>
     <span class='ocr_line' id='line_1_30' title="bbox 224 3413 1545 3506; baseline 0.005 -27"><span class='ocrx_word' id='word_1_306' title='bbox 224 3413 334 3479; x_wconf 88' lang='lat' dir='ltr'>omnis</span> <span class='ocrx_word' id='word_1_307' title='bbox 342 3413 496 3504; x_wconf 79' lang='lat' dir='ltr'>populus</span> <span class='ocrx_word' id='word_1_308' title='bbox 519 3416 659 3481; x_wconf 86' lang='lat' dir='ltr'>:Amen</span> <span class='ocrx_word' id='word_1_309' title='bbox 683 3443 713 3481; x_wconf 89' lang='lat'>».</span> <span class='ocrx_word' id='word_1_310' title='bbox 732 3437 763 3481; x_wconf 85' lang='lat' dir='ltr'>v.</span> <span class='ocrx_word' id='word_1_311' title='bbox 782 3420 824 3480; x_wconf 84' lang='grc'>23</span> <span class='ocrx_word' id='word_1_312' title='bbox 842 3442 858 3475; x_wconf 89' lang='lat'>«</span> <span class='ocrx_word' id='word_1_313' title='bbox 875 3413 1091 3501; x_wconf 66' lang='lat' dir='ltr'>Maledictus</span> <span class='ocrx_word' id='word_1_314' title='bbox 1115 3416 1178 3506; x_wconf 82' lang='lat' dir='ltr'>qui</span> <span class='ocrx_word' id='word_1_315' title='bbox 1197 3415 1325 3485; x_wconf 89' lang='lat' dir='ltr'>dormit</span> <span class='ocrx_word' id='word_1_316' title='bbox 1346 3440 1423 3485; x_wconf 89' lang='lat' dir='ltr'>eum</span> <span class='ocrx_word' id='word_1_317' title='bbox 1443 3440 1545 3486; x_wconf 86' lang='lat' dir='ltr'>sacru</span> 
     </span>
     <span class='ocr_line' id='line_1_31' title="bbox 223 3520 1544 3616; baseline 0.004 -29"><span class='ocrx_word' id='word_1_318' title='bbox 223 3543 297 3587; x_wconf 87' lang='lat' dir='ltr'>sua.</span> <span class='ocrx_word' id='word_1_319' title='bbox 319 3522 364 3587; x_wconf 82' lang='lat' dir='ltr'>Et</span> <span class='ocrx_word' id='word_1_320' title='bbox 386 3520 477 3587; x_wconf 87' lang='lat' dir='ltr'>dicet</span> <span class='ocrx_word' id='word_1_321' title='bbox 494 3521 606 3588; x_wconf 82' lang='lat' dir='ltr'>omnis</span> <span class='ocrx_word' id='word_1_322' title='bbox 624 3521 775 3612; x_wconf 68' lang='lat' dir='ltr'>popellus</span> <span class='ocrx_word' id='word_1_323' title='bbox 790 3522 925 3588; x_wconf 81' lang='lat' dir='ltr'>:Amen</span> <span class='ocrx_word' id='word_1_324' title='bbox 950 3549 979 3589; x_wconf 79' lang='lat' dir='ltr'>n.</span> <span class='ocrx_word' id='word_1_325' title='bbox 1002 3545 1033 3590; x_wconf 92' lang='lat' dir='ltr'>v.</span> <span class='ocrx_word' id='word_1_326' title='bbox 1057 3528 1099 3589; x_wconf 77' lang='lat' dir='ltr'>rt</span> <span class='ocrx_word' id='word_1_327' title='bbox 1113 3550 1129 3584; x_wconf 91' lang='lat'>«</span> <span class='ocrx_word' id='word_1_328' title='bbox 1147 3523 1365 3606; x_wconf 88' lang='lat' dir='ltr'>Maledictus,</span> <span class='ocrx_word' id='word_1_329' title='bbox 1380 3524 1442 3616; x_wconf 87' lang='lat' dir='ltr'>qui</span> <span class='ocrx_word' id='word_1_330' title='bbox 1453 3524 1544 3594; x_wconf 88' lang='lat' dir='ltr'>clam</span> 
     </span>
     <span class='ocr_line' id='line_1_32' title="bbox 219 3627 1545 3724; baseline 0.008 -33"><span class='ocrx_word' id='word_1_331' title='bbox 219 3627 424 3713; x_wconf 80' lang='lat' dir='ltr'>percusserit</span> <span class='ocrx_word' id='word_1_332' title='bbox 437 3628 636 3715; x_wconf 70' lang='lat' dir='ltr'>prozimum</span> <span class='ocrx_word' id='word_1_333' title='bbox 653 3650 766 3695; x_wconf 78' lang='lat' dir='ltr'>surim.</span> <span class='ocrx_word' id='word_1_334' title='bbox 792 3631 835 3694; x_wconf 81' lang='lat' dir='ltr'>m</span> <span class='ocrx_word' id='word_1_335' title='bbox 848 3627 938 3695; x_wconf 87' lang='lat' dir='ltr'>dicet</span> <span class='ocrx_word' id='word_1_336' title='bbox 955 3629 1066 3695; x_wconf 82' lang='lat' dir='ltr'>curnis</span> <span class='ocrx_word' id='word_1_337' title='bbox 1077 3630 1227 3724; x_wconf 80' lang='lat' dir='ltr'>populus</span> <span class='ocrx_word' id='word_1_338' title='bbox 1245 3652 1257 3697; x_wconf 90' lang='lat'>.·</span> <span class='ocrx_word' id='word_1_339' title='bbox 1276 3633 1386 3699; x_wconf 86' lang='lat' dir='ltr'>Amen</span> <span class='ocrx_word' id='word_1_340' title='bbox 1401 3660 1432 3699; x_wconf 84' lang='lat'>».</span> <span class='ocrx_word' id='word_1_341' title='bbox 1451 3654 1484 3700; x_wconf 75' lang='lat' dir='ltr'>v,</span> <span class='ocrx_word' id='word_1_342' title='bbox 1499 3639 1545 3702; x_wconf 76' lang='lat'>25</span> 
     </span>
     <span class='ocr_line' id='line_1_33' title="bbox 224 3729 1546 3829; baseline 0.01 -36"><span class='ocrx_word' id='word_1_343' title='bbox 224 3729 476 3815; x_wconf 78' lang='lat' dir='ltr'>«Maledictus,</span> <span class='ocrx_word' id='word_1_344' title='bbox 507 3734 569 3823; x_wconf 86' lang='lat' dir='ltr'>qui</span> <span class='ocrx_word' id='word_1_345' title='bbox 588 3734 717 3824; x_wconf 83' lang='lat' dir='ltr'>accipit</span> <span class='ocrx_word' id='word_1_346' title='bbox 738 3757 895 3819; x_wconf 90' lang='lat' dir='ltr'>munera,</span> <span class='ocrx_word' id='word_1_347' title='bbox 920 3748 958 3801; x_wconf 90' lang='lat' dir='ltr'>ut</span> <span class='ocrx_word' id='word_1_348' title='bbox 978 3736 1152 3826; x_wconf 81' lang='lat' dir='ltr'>percutiat</span> <span class='ocrx_word' id='word_1_349' title='bbox 1179 3737 1333 3806; x_wconf 87' lang='lat' dir='ltr'>animam</span> <span class='ocrx_word' id='word_1_350' title='bbox 1361 3738 1546 3829; x_wconf 74' lang='lat' dir='ltr'>sanquinis</span> 
     </span>
     <span class='ocr_line' id='line_1_34' title="bbox 222 3837 1547 3936; baseline 0.005 -32"><span class='ocrx_word' id='word_1_351' title='bbox 222 3837 424 3906; x_wconf 86' lang='lat' dir='ltr'>innocentis.</span> <span class='ocrx_word' id='word_1_352' title='bbox 445 3840 491 3907; x_wconf 85' lang='lat' dir='ltr'>Et</span> <span class='ocrx_word' id='word_1_353' title='bbox 503 3839 592 3908; x_wconf 86' lang='lat' dir='ltr'>dicet</span> <span class='ocrx_word' id='word_1_354' title='bbox 608 3841 721 3908; x_wconf 84' lang='lat' dir='ltr'>omnis</span> <span class='ocrx_word' id='word_1_355' title='bbox 733 3841 884 3932; x_wconf 71' lang='lat' dir='ltr'>popualus</span> <span class='ocrx_word' id='word_1_356' title='bbox 901 3863 912 3908; x_wconf 90' lang='lat'><em>:</em></span> <span class='ocrx_word' id='word_1_357' title='bbox 927 3843 1036 3909; x_wconf 84' lang='lat' dir='ltr'>Amen</span> <span class='ocrx_word' id='word_1_358' title='bbox 1055 3871 1084 3910; x_wconf 90' lang='lat'>».</span> <span class='ocrx_word' id='word_1_359' title='bbox 1104 3866 1136 3909; x_wconf 90' lang='lat' dir='ltr'>v.</span> <span class='ocrx_word' id='word_1_360' title='bbox 1154 3849 1197 3910; x_wconf 96' lang='grc'>26</span> <span class='ocrx_word' id='word_1_361' title='bbox 1216 3842 1465 3930; x_wconf 87' lang='lat' dir='ltr'>«Maledictus,</span> <span class='ocrx_word' id='word_1_362' title='bbox 1483 3847 1547 3936; x_wconf 85' lang='lat' dir='ltr'>qui</span> 
     </span>
     <span class='ocr_line' id='line_1_35' title="bbox 222 3945 1546 4040; baseline 0.007 -31"><span class='ocrx_word' id='word_1_363' title='bbox 222 3967 291 4011; x_wconf 81' lang='lat' dir='ltr'>reon</span> <span class='ocrx_word' id='word_1_364' title='bbox 296 3957 478 4035; x_wconf 80' lang='lat' dir='ltr'>permanet</span> <span class='ocrx_word' id='word_1_365' title='bbox 491 3945 526 4013; x_wconf 87' lang='lat' dir='ltr'>iu</span> <span class='ocrx_word' id='word_1_366' title='bbox 538 3946 845 4037; x_wconf 45' lang='lat' dir='ltr'>semronibuslleqis</span> <span class='ocrx_word' id='word_1_367' title='bbox 858 3947 973 4034; x_wconf 81' lang='lat' dir='ltr'>buius,</span> <span class='ocrx_word' id='word_1_368' title='bbox 984 3971 1046 4016; x_wconf 89' lang='lat' dir='ltr'>nec</span> <span class='ocrx_word' id='word_1_369' title='bbox 1061 3971 1115 4016; x_wconf 87' lang='lat' dir='ltr'>eas</span> <span class='ocrx_word' id='word_1_370' title='bbox 1127 3951 1381 4040; x_wconf 78' lang='lat' dir='ltr'>operepcrficit.</span> <span class='ocrx_word' id='word_1_371' title='bbox 1392 3953 1438 4019; x_wconf 79' lang='lat' dir='ltr'>Et</span> <span class='ocrx_word' id='word_1_372' title='bbox 1449 3951 1546 4020; x_wconf 87' lang='lat' dir='ltr'>dicet</span> 
     </span>
     <span class='ocr_line' id='line_1_36' title="bbox 222 4051 1542 4147; baseline 0.005 -31"><span class='ocrx_word' id='word_1_373' title='bbox 222 4051 333 4117; x_wconf 88' lang='lat' dir='ltr'>omnis</span> <span class='ocrx_word' id='word_1_374' title='bbox 344 4051 495 4143; x_wconf 80' lang='lat' dir='ltr'>populus</span> <span class='ocrx_word' id='word_1_375' title='bbox 521 4075 533 4118; x_wconf 89' lang='lat'>.·</span> <span class='ocrx_word' id='word_1_376' title='bbox 555 4055 665 4120; x_wconf 84' lang='lat' dir='ltr'>Amen</span> <span class='ocrx_word' id='word_1_377' title='bbox 691 4082 721 4120; x_wconf 84' lang='lat'>›&gt;.</span> <span class='ocrx_word' id='word_1_378' title='bbox 743 4055 872 4121; x_wconf 85' lang='lat' dir='ltr'>Eadem</span> <span class='ocrx_word' id='word_1_379' title='bbox 891 4055 1100 4142; x_wconf 84' lang='lat' dir='ltr'>intelligitur</span> <span class='ocrx_word' id='word_1_380' title='bbox 1115 4055 1224 4142; x_wconf 84' lang='lat' dir='ltr'>tltaru,</span> <span class='ocrx_word' id='word_1_381' title='bbox 1244 4080 1332 4147; x_wconf 84' lang='lat' dir='ltr'>quae</span> <span class='ocrx_word' id='word_1_382' title='bbox 1346 4081 1377 4124; x_wconf 92' lang='lat' dir='ltr'>v.</span> <span class='ocrx_word' id='word_1_383' title='bbox 1394 4062 1463 4138; x_wconf 85' lang='lat'>3.8,</span> <span class='ocrx_word' id='word_1_384' title='bbox 1475 4078 1542 4123; x_wconf 84' lang='lat' dir='ltr'>ee·</span> 
     </span>
     <span class='ocr_line' id='line_1_37' title="bbox 223 4156 1545 4254; baseline 0.007 -32"><span class='ocrx_word' id='word_1_385' title='bbox 223 4156 302 4222; x_wconf 90' lang='lat' dir='ltr'>dem</span> <span class='ocrx_word' id='word_1_386' title='bbox 318 4160 423 4245; x_wconf 79' lang='lat' dir='ltr'>quem</span> <span class='ocrx_word' id='word_1_387' title='bbox 449 4159 619 4247; x_wconf 82' lang='lat' dir='ltr'>praelegit</span> <span class='ocrx_word' id='word_1_388' title='bbox 634 4165 730 4227; x_wconf 89' lang='lat' dir='ltr'>losue</span> <span class='ocrx_word' id='word_1_389' title='bbox 746 4165 809 4226; x_wconf 91' lang='lat' dir='ltr'>los.</span> <span class='ocrx_word' id='word_1_390' title='bbox 825 4166 905 4244; x_wconf 85' lang='lat' dir='ltr'>8,3t</span> <span class='ocrx_word' id='word_1_391' title='bbox 919 4183 970 4249; x_wconf 93' lang='lat' dir='ltr'>sq.</span> <span class='ocrx_word' id='word_1_392' title='bbox 987 4175 1059 4253; x_wconf 59' lang='lat' dir='ltr'>etp*</span> <span class='ocrx_word' id='word_1_393' title='bbox 1074 4185 1144 4229; x_wconf 94' lang='lat' dir='ltr'>nou</span> <span class='ocrx_word' id='word_1_394' title='bbox 1160 4169 1209 4230; x_wconf 88' lang='lat' dir='ltr'>est</span> <span class='ocrx_word' id='word_1_395' title='bbox 1224 4185 1426 4254; x_wconf 76' lang='lat' dir='ltr'>peruincere</span> <span class='ocrx_word' id='word_1_396' title='bbox 1438 4161 1545 4253; x_wconf 78' lang='lat' dir='ltr'><em>(LXX</em></span> 
     </span>
     <span class='ocr_line' id='line_1_38' title="bbox 229 4259 1540 4357; baseline 0.007 -30"><span class='ocrx_word' id='word_1_397' title='bbox 229 4259 364 4349; x_wconf 51' lang='lat' dir='ltr'>Viciu),</span> <span class='ocrx_word' id='word_1_398' title='bbox 382 4262 442 4328; x_wconf 87' lang='lat' dir='ltr'>sed</span> <span class='ocrx_word' id='word_1_399' title='bbox 457 4267 521 4354; x_wconf 79' lang='lat' dir='ltr'>riq.</span> <span class='ocrx_word' id='word_1_400' title='bbox 540 4280 640 4349; x_wconf 80' lang='grc' dir='ltr'>στήσει</span> <span class='ocrx_word' id='word_1_401' title='bbox 656 4266 713 4355; x_wconf 86' lang='lat' dir='ltr'>(cl.</span> <span class='ocrx_word' id='word_1_402' title='bbox 736 4270 834 4333; x_wconf 87' lang='lat' dir='ltr'>Rom.</span> <span class='ocrx_word' id='word_1_403' title='bbox 851 4272 926 4350; x_wconf 85' lang='lat' dir='ltr'>3,3t</span> <span class='ocrx_word' id='word_1_404' title='bbox 947 4269 1128 4357; x_wconf 80' lang='grc' dir='ltr'>ἱστάνομεν),</span> <span class='ocrx_word' id='word_1_405' title='bbox 1149 4272 1176 4335; x_wconf 87' lang='lat' dir='ltr'><em>T</em></span> <span class='ocrx_word' id='word_1_406' title='bbox 1174 4269 1272 4337; x_wconf 81' lang='lat' dir='ltr'>ltcod.</span> <span class='ocrx_word' id='word_1_407' title='bbox 1296 4270 1487 4354; x_wconf 65' lang='grc' dir='ltr'>ἀναστῆσαί.</span> <span class='ocrx_word' id='word_1_408' title='bbox 1508 4292 1540 4337; x_wconf 83' lang='lat' dir='ltr'>e.</span> 
     </span>
    </p>
   </div>
   <div class='ocr_carea' id='block_1_5' title="bbox 222 4366 1541 4571">
    <p class='ocr_par' dir='ltr' id='par_1_5' title="bbox 222 4366 1541 4571">
     <span class='ocr_line' id='line_1_39' title="bbox 222 4366 1540 4463; baseline 0.007 -30"><span class='ocrx_word' id='word_1_409' title='bbox 222 4378 314 4433; x_wconf 87' lang='lat' dir='ltr'>stare</span> <span class='ocrx_word' id='word_1_410' title='bbox 336 4366 469 4453; x_wconf 78' lang='lat' dir='ltr'>facere,</span> <span class='ocrx_word' id='word_1_411' title='bbox 489 4372 623 4458; x_wconf 81' lang='lat' dir='ltr'>Symm.</span> <span class='ocrx_word' id='word_1_412' title='bbox 650 4375 776 4461; x_wconf 75' lang='grc' dir='ltr'>κυρώσει</span> <span class='ocrx_word' id='word_1_413' title='bbox 806 4373 830 4440; x_wconf 92' lang='lat' dir='ltr'>i.</span> <span class='ocrx_word' id='word_1_414' title='bbox 861 4396 891 4442; x_wconf 87' lang='lat' dir='ltr'>e.</span> <span class='ocrx_word' id='word_1_415' title='bbox 923 4375 1141 4463; x_wconf 78' lang='lat' dir='ltr'>corefirrnure,</span> <span class='ocrx_word' id='word_1_416' title='bbox 1162 4377 1329 4445; x_wconf 85' lang='lat' dir='ltr'>stabilire.</span> <span class='ocrx_word' id='word_1_417' title='bbox 1355 4380 1453 4444; x_wconf 92' lang='lat' dir='ltr'>Num.</span> <span class='ocrx_word' id='word_1_418' title='bbox 1480 4382 1540 4458; x_wconf 84' lang='lat'>³0,</span> 
     </span>
     <span class='ocr_line' id='line_1_40' title="bbox 225 4473 1541 4571; baseline 0.008 -31"><span class='ocrx_word' id='word_1_419' title='bbox 225 4479 265 4541; x_wconf 83' lang='lat' dir='ltr'>u</span> <span class='ocrx_word' id='word_1_420' title='bbox 289 4496 340 4564; x_wconf 94' lang='lat' dir='ltr'>sq.</span> <span class='ocrx_word' id='word_1_421' title='bbox 360 4473 524 4557; x_wconf 79' lang='lat' dir='ltr'>ualidum,</span> <span class='ocrx_word' id='word_1_422' title='bbox 547 4489 662 4544; x_wconf 88' lang='lat' dir='ltr'>ratum</span> <span class='ocrx_word' id='word_1_423' title='bbox 684 4479 817 4547; x_wconf 82' lang='lat' dir='ltr'>hebere.</span> <span class='ocrx_word' id='word_1_424' title='bbox 843 4480 882 4547; x_wconf 93' lang='lat' dir='ltr'>ld</span> <span class='ocrx_word' id='word_1_425' title='bbox 900 4481 1070 4570; x_wconf 82' lang='lat' dir='ltr'>praestitit</span> <span class='ocrx_word' id='word_1_426' title='bbox 1093 4481 1195 4550; x_wconf 85' lang='lat' dir='ltr'>losias</span> <span class='ocrx_word' id='word_1_427' title='bbox 1217 4488 1236 4549; x_wconf 85' lang='lat' dir='ltr'>t</span> <span class='ocrx_word' id='word_1_428' title='bbox 1261 4488 1345 4571; x_wconf 86' lang='lat' dir='ltr'>Reg.</span> <span class='ocrx_word' id='word_1_429' title='bbox 1369 4489 1461 4564; x_wconf 87' lang='grc'><strong>23,3.</strong></span> <span class='ocrx_word' id='word_1_430' title='bbox 1484 4488 1541 4564; x_wconf 75' lang='lat' dir='ltr'>nt,</span> 
     </span>
    </p>
   </div>
   <div class='ocr_carea' id='block_1_6' title="bbox 202 4581 1546 4781">
    <p class='ocr_par' dir='ltr' id='par_1_6' title="bbox 202 4581 1546 4781">
     <span class='ocr_line' id='line_1_41' title="bbox 202 4581 1546 4683; baseline 0.007 -36"><span class='ocrx_word' id='word_1_431' title='bbox 202 4602 293 4648; x_wconf 56' lang='lat' dir='ltr'>‘non</span> <span class='ocrx_word' id='word_1_432' title='bbox 313 4581 483 4672; x_wconf 88' lang='lat' dir='ltr'>praestitit</span> <span class='ocrx_word' id='word_1_433' title='bbox 502 4582 583 4649; x_wconf 85' lang='lat' dir='ltr'>Saul</span> <span class='ocrx_word' id='word_1_434' title='bbox 609 4590 623 4650; x_wconf 90' lang='grc'>1</span> <span class='ocrx_word' id='word_1_435' title='bbox 651 4589 734 4671; x_wconf 84' lang='lat' dir='ltr'>Reg.</span> <span class='ocrx_word' id='word_1_436' title='bbox 761 4592 874 4665; x_wconf 84' lang='lat'>15,11.</span> <span class='ocrx_word' id='word_1_437' title='bbox 901 4592 954 4683; x_wconf 86' lang='grc'>13.</span> <span class='ocrx_word' id='word_1_438' title='bbox 981 4587 1177 4657; x_wconf 75' lang='lat' dir='ltr'>Mandatum</span> <span class='ocrx_word' id='word_1_439' title='bbox 1204 4590 1439 4658; x_wconf 84' lang='lat' dir='ltr'>observandae</span> <span class='ocrx_word' id='word_1_440' title='bbox 1455 4588 1546 4676; x_wconf 78' lang='lat' dir='ltr'>legis</span> 
     </span>
     <span class='ocr_line' id='line_1_42' title="bbox 221 4687 1544 4781; baseline 0.009 -29"><span class='ocrx_word' id='word_1_441' title='bbox 221 4687 319 4754; x_wconf 89' lang='lat' dir='ltr'>toties</span> <span class='ocrx_word' id='word_1_442' title='bbox 334 4689 480 4757; x_wconf 84' lang='lat' dir='ltr'>antehac</span> <span class='ocrx_word' id='word_1_443' title='bbox 492 4689 677 4781; x_wconf 87' lang='lat' dir='ltr'>repetitum</span> <span class='ocrx_word' id='word_1_444' title='bbox 691 4691 726 4756; x_wconf 92' lang='lat' dir='ltr'>h.</span> <span class='ocrx_word' id='word_1_445' title='bbox 740 4691 765 4758; x_wconf 92' lang='lat' dir='ltr'>l.</span> <span class='ocrx_word' id='word_1_446' title='bbox 777 4693 959 4760; x_wconf 90' lang='lat' dir='ltr'>instantius</span> <span class='ocrx_word' id='word_1_447' title='bbox 971 4694 1075 4761; x_wconf 81' lang='lat' dir='ltr'>ctiam</span> <span class='ocrx_word' id='word_1_448' title='bbox 1085 4695 1277 4764; x_wconf 85' lang='lat' dir='ltr'>inculcetur</span> <span class='ocrx_word' id='word_1_449' title='bbox 1295 4719 1302 4766; x_wconf 92' lang='lat'>:</span> <span class='ocrx_word' id='word_1_450' title='bbox 1320 4697 1424 4764; x_wconf 87' lang='lat' dir='ltr'>debet</span> <span class='ocrx_word' id='word_1_451' title='bbox 1436 4697 1544 4764; x_wconf 90' lang='lat' dir='ltr'>homo</span> 
     </span>
    </p>
   </div>
   <div class='ocr_carea' id='block_1_7' title="bbox 0 0 1688 5346">
    <p class='ocr_par' dir='ltr' id='par_1_7' title="bbox 0 0 1688 5346">
     <span class='ocr_line' id='line_1_43' title="bbox 0 0 1688 5346; baseline 0 1"><span class='ocrx_word' id='word_1_452' title='bbox 0 0 1688 5346; x_wconf 95' lang='lat' dir='ltr'> </span> 
     </span>
    </p>
   </div>
  </div>
 </body>
</html>
