3366 5346
244 293 303 352 448
794 303 894 348 vunnu
915 301 1012 347 rosan.

244 439 372 523 ederet,
390 440 418 507 si
443 438 583 528 quando
607 437 756 528 populus
780 458 800 503 a
824 436 963 504 foedere
981 440 1052 502 tam
1079 434 1279 502 solemniter
1297 435 1428 503 sancito
1454 440 1491 502 et
1518 457 1573 503 re-

244 551 367 614 novato
375 545 560 614 'recederet
573 546 762 634 thoraeque
776 541 1039 609 maledictiones
1053 546 1320 632 promereretur.

286 658 389 742 Ergc,
403 652 483 719 licet
507 673 574 719 non
602 649 754 717 iudicem
780 671 853 716 esse
877 647 1124 739 improbabile,
1141 647 1252 714 Verba
1276 651 1373 715 lcsue
1402 647 1572 715 hahuisse

242 759 402 850 primitus
425 757 529 825 etiam
553 757 678 848 prioris
703 754 935 824 renovationis
961 759 1054 838 acta,
1074 760 1192 822 tamen
1214 754 1250 821 id
1273 752 1484 823 sufficienter
1508 753 1572 822 de·

244 865 428 934 monstrari
447 886 518 932 non
538 864 651 948 video,
668 885 781 953 neque
800 885 863 954 pro
879 861 1111 931 demonstrato
1125 860 1253 928 habeo.
1272 863 1369 928 Certe
1389 860 1573 929 habebant

241 978 318 1039 aeta
331 971 503 1061 quaedam
519 968 753 1038 renovationis
767 967 955 1052 secundae;
973 972 1134 1058 poterant
1152 989 1197 1036 ne
1213 989 1335 1034 corum
1353 971 1490 1057 partem
1502 991 1572 1058 pc·

245 1079 410 1146 lissimam
433 1077 607 1164 ignorare,
640 1077 828 1144 solemnem
863 1074 961 1142 illam
988 1081 1051 1142 los.
1081 1080 1123 1143 tt
1152 1073 1271 1165 populi
1296 1073 1570 1156 adiuratiouem,

246 1185 407 1253 malletne
431 1185 533 1251 lahve
553 1182 680 1250 servire
701 1205 746 1250 an
766 1181 832 1250 diis
850 1182 993 1250 alienis?

289 1290 483 1358 transimus
504 1289 549 1357 ad
571 1289 716 1357 alteram
739 1288 990 1379 quaestionem,
1012 1311 1073 1356 cur
1094 1289 1285 1357 Verborum
1310 1292 1406 1356 losue
1429 1287 1572 1355 nonnisi

246 1400 443 1486 fragmenta
461 1395 506 1464 ad
521 1418 583 1463 nos
604 1396 817 1464 devenerint.
836 1396 949 1463 Potuit
970 1394 1007 1461 id
1028 1393 1103 1461 fieri
1122 1416 1215 1462 casu.
1236 1393 1437 1462 Dicebamus
1455 1417 1490 1484 p.
1509 1400 1569 1476 57,

243 1527 314 1590 non
341 1524 440 1594 posse
469 1501 701 1571 demonstrari
724 1503 912 1593 pericopen
941 1506 1162 1585 raro-mac
1191 1501 1294 1569 fuisse
1318 1500 1356 1568 in
1380 1500 1573 1591 exemplari
1616 1531 1620 1535 ·

245 1610 384 1694 thorae,
409 1608 503 1700 quod
532 1608 661 1699 reperit
691 1608 831 1676 Heleias.
854 1613 939 1675 Dum
968 1607 1105 1675 theram
1134 1606 1231 1674 illam
1259 1613 1432 1698 repertam
1463 1606 1574 1674 losias

244 1736 380 1783 summo
396 1716 529 1782 honore
540 1719 818 1804 prosequeretur,
835 1713 935 1781 facile
946 1735 964 1780 e
976 1713 1121 1780 latebris
1135 1714 1324 1803 prodibant
1338 1721 1573 1804 quaecunque

245 1823 422 1890 thcrarum
453 1821 650 1909 fragmenta
675 1820 784 1910 aliqui
808 1820 1073 1903 asservaverint,
1097 1819 1266 1911 prodierit
1293 1822 1376 1887 item
1403 1820 1573 1910 pericope

245 1934 480 2013 nalo-2226.
499 1927 564 1995 Sed
579 1928 722 1996 fortasse
737 1949 791 1994 res
806 1949 877 1993 non
897 1931 948 1995 est
962 1928 1052 1994 lacta
1071 1947 1164 1995 casu.
1182 1926 1283 2010 Quid,
1299 1926 1328 1994 si
1348 1925 1459 1994 Verba
1472 1931 1573 1995 losue

243 2034 415 2103 haberent
440 2039 562 2102 contra
586 2033 733 2102 foederis
758 2033 1049 2124 praevaricatores
1073 2033 1183 2103 minas
1204 2034 1309 2102 etiam
1328 2033 1440 2120 magis
1459 2032 1573 2123 expli·

192 2161 195 2168 ·
245 2142 339 2222 citas,
357 2163 462 2232 quam
484 2163 572 2231 quae
591 2146 654 2208 los.
677 2146 779 2222 214,Ξο
800 2140 986 2226 leguntur?
1003 2146 1061 2208 aut
1082 2139 1274 2208 distinctius
1291 2143 1494 2208 enarrarent
1513 2140 1572 2207 in·
1593 2192 1600 2199 .

247 2247 362 2313 dolem
378 2246 527 2314 foederis
548 2268 569 2313 a
589 2251 699 2333 Moyse
713 2246 751 2312 in
766 2245 946 2314 lloabitide
967 2245 1115 2315 restituti
1129 2252 1164 2314 et
1188 2269 1209 2314 a
1228 2251 1327 2314 lcsue
1346 2245 1384 2314 in
1403 2245 1573 2313 eisicrda·

246 2353 325 2420 nica
359 2354 535 2420 renovati?
559 2352 622 2419 Vel
642 2351 784 2441 aliquis,
805 2351 899 2441 quod
929 2358 1105 2443 reputaret
1138 2353 1277 2421 thoram
1305 2357 1463 2444 oportere
1496 2374 1573 2422 esse

246 2464 354 2526 totam
377 2457 512 2546 Moysis,
535 2457 726 2526 Verborum
750 2461 847 2525 losue
872 2480 913 2526 ea
943 2459 1061 2527 omnia
1086 2458 1333 2542 eliminaverit,
1354 2481 1443 2549 quae
1466 2460 1574 2527 nimis

247 2563 425 2633 evidenter
451 2564 636 2655 proderent
660 2569 779 2633 losuen
807 2571 996 2633 auctorem.
1016 2565 1139 2654 Fingat
1162 2565 1240 2657 quis
1265 2565 1352 2633 alias
1379 2566 1486 2633 ctiam
1511 2587 1572 2634 ra·

246 2671 366 2740 tiones.
384 2677 499 2762 Neque
519 2671 622 2740 unica
641 2671 746 2739 fuerit
767 2673 856 2739 ratic
876 2678 984 2766 textus
1003 2672 1050 2740 ad
1071 2695 1181 2763 pauca
1201 2673 1398 2761 fragmenta
1417 2671 1570 2753 redacti,

244 2779 306 2846 sed
331 2780 470 2846 fortusse
495 2780 620 2869 plures.
642 2784 680 2845 ln
704 2783 795 2846 textu
819 2782 892 2846 tam
916 2779 1040 2846 misere
1059 2778 1272 2867 defigurato,
1297 2778 1398 2870 plura
1421 2779 1572 2848 obscura

245 2889 469 2975 permaneant
485 2907 621 2952 neeesse
637 2890 697 2952 est.

288 2997 433 3069 Quaeres
448 2989 600 3072 tandem,
618 3013 679 3058 cur
692 2990 804 3057 Verba
821 2995 918 3058 Iosue
941 2990 1114 3081 descripta
1130 2993 1389 3083 conspiciantur
1401 3005 1483 3084 post
1497 2993 1571 3060 ecl·

243 3097 436 3162 lectaneum
456 3095 637 3180 Samuelis,
655 3118 733 3162 eum
756 3103 847 3164 certe
869 3119 931 3164 sua
950 3102 1047 3164 losue
1061 3097 1245 3167 inseruerit
1262 3111 1342 3168 oute
1356 3100 1567 3168 Samuelem.

242 3201 421 3270 Rationem
450 3201 624 3268 innuimus
653 3223 759 3291 supra
786 3223 793 3270 :
819 3201 1067 3271 collectaneum
1090 3203 1230 3272 alfinius
1263 3211 1338 3273 erat
1361 3206 1566 3296 pentalogo,

242 3309 339 3394 leges
364 3305 516 3375 addebat
545 3307 698 3395 legibus3
724 3307 803 3376 ideo
831 3308 920 3375 illud
948 3331 968 3376 a
997 3310 1155 3377 Samuele
1185 3310 1352 3380 insertum
1382 3317 1433 3398 est
1460 3312 1570 3380 veluti

246 3413 422 3507 pentalogi
444 3413 616 3505 appendix
637 3420 671 3482 et
694 3422 774 3483 ante
795 3415 905 3483 Verba
925 3420 1033 3499 losue,
1051 3439 1140 3508 quae
1154 3417 1316 3485 affiniora
1337 3423 1434 3485 erant
1455 3418 1569 3495 male-

245 3521 451 3589 dictionibus
478 3526 511 3589 et
536 3521 846 3589 benedictionibus.
873 3527 960 3591 llaec
984 3523 1102 3606 nobis,
1126 3525 1221 3593 salvo
1247 3524 1388 3592 meliore
1416 3525 1565 3609 iudicio,

244 3627 333 3694 ratic
352 3650 423 3694 esse
453 3628 598 3711 videtur,
622 3651 684 3696 cur
704 3628 887 3719 praecedat
911 3629 1159 3700 collectaneum
1174 3631 1350 3718 Samuelis,
1373 3637 1568 3722 sequantur

243 3731 354 3799 Verba
372 3736 477 3800 losue.
498 3734 608 3800 Verba
629 3741 724 3804 losue
738 3741 835 3804 Dent.
854 3741 1031 3820 coac-19,
1049 3737 1177 3829 quihus
1192 3737 1340 3829 explicat
1358 3744 1456 3806 lcsue
1472 3761 1565 3807 sum·

241 3838 363 3908 matim
391 3844 529 3908 coactae
555 3841 730 3908 concionis
757 3841 955 3928 consilium,
977 3842 1098 3933 utique
1124 3845 1244 3912 affinia
1269 3852 1347 3914 sunt
1375 3844 1566 3915 verborum

240 3945 358 4035 uoysis
384 3947 697 4037 11,2c-28,quihus
718 3950 747 4016 is
767 3972 849 4017 suae
875 3950 1051 4019 concionis
1074 3951 1253 4020 eonsilium
1271 3952 1414 4035 indicat,
1433 3958 1467 4019 et
1485 3954 1565 4044 qui·

238 4051 383 4121 buseum
407 4053 516 4122 verba
538 4059 703 4136 26,16-19
727 4055 926 4126 immediate
947 4058 1181 4145 iungebantur
1200 4064 1279 4127 ante
1301 4061 1468 4128 insertum
1489 4058 1565 4126 eol·

240 4156 432 4225 lectaneum
457 4159 635 4228 Samuelis.
654 4161 720 4229 Sed
734 4162 795 4229 illa
813 4164 919 4231 verba
943 4163 1054 4251 magis
1077 4165 1179 4233 etiam
1201 4166 1320 4234 affinia
1340 4170 1420 4233 sunt
1436 4166 1564 4234 verbo·

240 4284 319 4329 rum
334 4263 498 4332 historiae
519 4268 666 4337 restituti
686 4268 1015 4354 loederis29,10·15
1038 4271 1159 4362 (tt-lt),
1176 4273 1303 4363 quibus
1319 4278 1450 4362 lloyses
1467 4272 1564 4341 idem

240 4366 328 4436 illud
361 4371 544 4438 consilium
574 4373 767 4443 distinctius
798 4375 956 4467 explicat.
984 4382 1146 4462 Rursum,
1171 4403 1259 4469 quae
1294 4384 1390 4448 losue
1420 4385 1562 4463 uzi-13

241 4476 363 4544 recitat
386 4476 451 4543 tria
475 4481 595 4566 lloysis
620 4482 770 4571 eloquia,
788 4490 943 4574 spectant
963 4483 1080 4570 ritum,
1099 4508 1203 4576 quem
1228 4492 1356 4576 Moyses
1382 4486 1563 4555 observari
1638 4506 1641 4512 ·

206 4589 209 4601 '
240 4583 348 4652 voluit
370 4583 407 4650 in
430 4586 654 4655 renovatione
678 4589 839 4675 foederis,
856 4591 901 4658 ad
927 4614 1033 4682 quam
1056 4590 1179 4660 alludit
1203 4599 1303 4677 1129
1326 4617 1392 4684 sq.,
1411 4592 1563 4686 ideoque

243 4688 631 4786 (cum26,16·19)apte
656 4694 929 4765 adnectebantur
950 4720 1025 4789 cap.
1052 4707 1104 4783 ll,
1129 4722 1198 4790 quo
1220 4706 1375 4792 tempore
1400 4701 1562 4772 nondum
