3366 5346
672 312 759 354 ouer.
784 297 837 365 tau
859 311 922 362 soo.
1397 299 1454 358 ⁶2¹3

143 472 185 514 er
207 470 243 513 eo
278 474 308 512 »,
337 450 434 511 Notat
455 443 573 510 Dillm.
596 466 666 510 non
686 467 765 510 cum
794 450 925 511 tantum
953 466 1023 509 esse
1045 466 1197 526 sensum,
1226 467 1270 510 ne
1293 467 1454 512 nuuierus

143 554 382 620 mandatorum
399 555 560 630 mutetur,
577 550 634 617 sed
654 573 697 617 ne
718 551 880 617 mandata
902 571 1046 617 numero
1062 550 1182 616 eadem
1198 550 1454 640 interpretatio-

142 661 256 740 nibus,
283 656 537 738 ndditionibuS,
561 657 802 724 omissionibus
828 659 981 724 humano
1008 656 1152 723 arbitrio
1179 658 1451 740 consummatum

139 766 361 853 suggeritque
376 763 487 844 idem,
505 786 545 829 eo
561 763 604 829 ad
619 765 788 830 eiusmodi
804 764 973 830 monitum
988 763 1163 830 edendum
1179 764 1359 831 inductum
1383 786 1453 831 csse

139 878 325 954 oratorem,
344 870 436 959 quod
453 870 622 936 eiusmodi
638 870 783 937 humani
802 870 937 938 arbitrii
957 871 1147 937 tentamina
1162 870 1217 936 vol
1239 873 1310 959 ipso
1333 894 1453 959 cxpcr-

138 984 190 1046 tus
214 979 267 1045 sit.
295 982 382 1044 Sane
409 984 568 1066 expertus
592 984 665 1045 erat
689 976 773 1044 talia
794 983 935 1066 lloyseS,
956 983 1123 1062 quatenus
1148 978 1234 1061 (CEL
1260 1000 1293 1065 p.
1322 983 1363 1044 2t
1386 980 1452 1065 sq.)

137 1086 230 1171 leges
253 1107 336 1151 aevo
358 1084 632 1173 patriarcharum
652 1084 883 1173 picconditas
898 1083 934 1150 in
955 1083 1113 1171 pluribus
1134 1082 1339 1149 deformatas
1361 1106 1453 1151 aece-

137 1197 235 1281 perat
257 1191 410 1257 traditas.
448 1218 464 1251 α
491 1188 664 1258 Custodite
690 1191 856 1257 errandum
885 1189 1026 1255 Domini
1054 1189 1451 1279 rrn·oem·17,qaaee90

130 1296 312 1386 praecipio
340 1296 432 1362 vobis
451 1325 481 1364 n.
505 1302 554 1363 lta
569 1298 671 1363 etiam
694 1300 794 1364 LXX.
816 1296 882 1363 Sed
901 1295 1027 1384 reliqui
1056 1317 1063 1362 :
1089 1308 1128 1361 ut
1148 1294 1350 1362 custodiatis
1368 1310 1448 1377 ete.;

136 1426 207 1469 uon
233 1427 309 1469 uere
335 1404 560 1470 observantur
582 1403 761 1484 mandata,
783 1402 923 1493 quando
943 1425 1006 1492 pro
1032 1401 1176 1468 arbitrio
1201 1402 1371 1491 quaedam
1392 1403 1451 1468 ad-

135 1507 266 1574 duntur
280 1511 334 1575 vel
349 1510 594 1588 detrahuntur,
612 1515 797 1599 monetque
812 1514 938 1596 Moyses
952 1507 1116 1574 mandata
1128 1531 1196 1574 non
1217 1531 1288 1574 esse
1304 1531 1364 1574 sua
1377 1515 1451 1575 tnn-

136 1615 215 1681 dcm
231 1615 288 1682 sed
307 1617 444 1696 lahvae,
463 1615 554 1704 quod
576 1616 609 1681 in
627 1616 709 1704 ipsis
723 1616 868 1682 edendis
892 1615 1064 1682 mandatis
1078 1620 1287 1704 expresserat
1299 1617 1451 1704 praelixa

132 1721 314 1788 formula«
331 1726 473 1789 Locutus
492 1728 542 1787 cst
567 1721 669 1787 lahve
691 1750 727 1804 n,
745 1723 798 1789 vel
812 1723 856 1788 ad
872 1722 1001 1788 calcem
1020 1721 1153 1787 adiecta
1173 1720 1282 1787 altera
1301 1721 1451 1787 formula

135 1855 150 1887 a
179 1833 247 1913 Ego
272 1828 373 1894 lahve
395 1857 425 1895 ».
451 1832 575 1894 Contra
606 1830 717 1910 uestri,
738 1828 831 1894 uobis
849 1830 955 1916 (Lxx
982 1828 1079 1915 VulJ.
1106 1828 1201 1916 Syr.)
1231 1828 1360 1893 habent
1384 1828 1447 1912 tui,

136 1933 199 1999 noi
217 1936 318 2000 Hebr.
339 1936 434 2000 Sam.
458 1933 579 2000 Chald.
1189 2014 1192 2019 ,

177 2046 283 2106 Porro
302 2039 387 2106 illud
403 2039 446 2106 dc
461 2039 533 2105 cito
553 2062 584 2106 v.
608 2048 621 2105 l
646 2040 826 2107 confirmat
848 2045 972 2128 Moyses
990 2062 1029 2105 ex
1051 2040 1125 2128 ipsa
1142 2038 1337 2105 auditorum
1353 2063 1450 2128 expe-

132 2145 271 2223 rientia,
301 2146 475 2234 appellato
495 2147 650 2244 exemplu
671 2148 825 2212 omnium
849 2145 1081 2213 recentissimo
1107 2144 1223 2233 (lx'n.),
1251 2146 1344 2234 quod
1366 2147 1450 2213 vivi·

132 2251 269 2318 dissime
287 2252 467 2341 oportebat
488 2273 607 2318 eorum
628 2254 813 2319 memoriae
830 2253 1026 2334 inhaerere,
1047 2258 1211 2340 tantoque
1223 2251 1388 2335 vividiuS,
1406 2253 1446 2336 si,

132 2358 252 2447 quode
277 2364 356 2436 339
372 2357 527 2424 intulerit
542 2341 638 2447 'quis
653 2359 737 2424 haec
753 2360 862 2425 oratio
877 2359 999 2425 habita
1013 2359 1105 2423 sitin
1120 2359 1195 2446 ipsa
1208 2358 1297 2424 valle
1315 2359 1448 2426 obiecta

131 2465 211 2530 lano
234 2465 371 2549 Phogor
395 2486 456 2530 seu
476 2464 612 2550 Phegor
634 2465 642 2540 t
648 2487 679 2529 v.
697 2488 723 2531 s.
742 2488 777 2553 p.
798 2465 888 2553 180).
914 2488 946 2532 v.
971 2471 991 2530 3
1015 2494 1029 2525 a
1054 2463 1154 2530 Oculi
1169 2464 1270 2531 castri
1289 2464 1450 2532 uiderunt

133 2569 264 2649 nennio,
283 2592 370 2658 quae
381 2570 467 2656 serit
492 2571 658 2636 Dominus
676 2581 795 2636 contra
814 2570 1020 2660 Beelpltepor
1039 2596 1054 2630 n
1075 2571 1186 2658 (Num.
1205 2574 1313 2655 aas),
1335 2601 1349 2631 a
1362 2595 1447 2660 quo-

131 2674 232 2741 modo
251 2675 450 2743 contriverit
475 2699 591 2743 onmes
611 2677 758 2743 cultores
783 2677 858 2743 eius
880 2677 921 2742 de
943 2677 1056 2743 medio
1074 2676 1175 2742 uestri
1190 2705 1219 2741 n.
1236 2682 1306 2742 ltuo
1325 2678 1446 2745 ultima

131 2782 253 2848 suffixa
267 2783 360 2871 apud
376 2785 475 2850 Hedr.
501 2786 598 2851 Sam.
620 2783 741 2851 Cltald.
758 2784 894 2849 sunt‘2“⁸
913 2805 1003 2872 pers.
1030 2783 1119 2869 sing.
1146 2803 1153 2849 :
1176 2783 1326 2868 agebant
1346 2784 1446 2849 liber-

130 2888 216 2955 rime
239 2889 372 2956 scribae
386 2890 424 2956 in
441 2889 570 2957 suffixis
593 2889 837 2957 describendis.
856 2892 959 2957 Hebe.
980 2912 993 2954 .·
1009 2890 1120 2956 virum
1136 2912 1283 2970 omnem,
1307 2892 1369 2978 qui
1383 2889 1447 2957 icit

125 3008 203 3085 post
232 2996 459 3085 Beelolrepom
490 3002 539 3063 est
563 2997 730 3086 oppositio
758 2997 849 3063 inter
871 3002 1083 3086 peccatorem
1109 3019 1289 3086 quemque,
1312 3003 1345 3062 et
1368 3000 1445 3063 uni-

129 3124 238 3168 versos
256 3125 324 3168 non
341 3109 545 3192 peccatores
565 3126 595 3169 v.
615 3109 633 3170 t
653 3132 669 3165 «
697 3106 758 3170 Vos
777 3115 903 3186 autem,
925 3103 987 3192 qui
1000 3103 1195 3171 adhaeretis
1213 3103 1356 3169 Domino
1376 3108 1444 3170 Deo

128 3221 249 3291 uestro,
268 3209 383 3275 ut'eitls
406 3208 558 3275 rtrtieersi
583 3233 690 3299 usque
711 3211 748 3276 in
764 3224 978 3300 praesentem
1003 3210 1095 3277 diem
1120 3239 1148 3277 n.
1170 3215 1259 3297 Ergo
1280 3211 1350 3276 vita
1369 3234 1400 3277 v.
1426 3219 1440 3276 l
1488 3282 1491 3288 ,

129 3315 282 3403 proxime
297 3315 460 3405 exprimit
473 3317 581 3383 solam
596 3317 701 3383 vitam
718 3317 985 3384 continuandam
1002 3316 1137 3383 exclusa
1149 3322 1280 3397 morte,
1292 3340 1359 3404 qua
1376 3317 1444 3382 vita

128 3421 290 3489 fruuntur
313 3422 503 3506 auditores,
529 3424 587 3512 qui
613 3430 738 3490 terram
769 3423 971 3512 promissam
999 3423 1154 3488 nondum
1189 3428 1267 3488 sunt
1297 3423 1443 3506 ingressi

129 3548 238 3615 neque
262 3528 299 3593 in
324 3550 365 3594 ea
385 3551 546 3618 prospere
564 3537 683 3616 agunt.
703 3514 706 3521 Δ

172 3632 239 3698 Sed
265 3656 296 3698 v.
323 3641 338 3699 1
362 3635 524 3702 mandata
548 3637 732 3703 servaturis
755 3637 958 3725 promiserat
985 3656 1056 3700 non
1084 3635 1189 3701 vitam
1211 3640 1357 3719 tantum,
1384 3635 1441 3703 sed

128 3737 231 3804 etiam
251 3741 509 3829 prosperitatem
535 3745 565 3829 («
587 3743 787 3829 ingrediens
805 3742 977 3831 possideas
993 3748 1121 3809 terram
1141 3742 1186 3830 t)-
1212 3748 1257 3809 lle
1280 3765 1349 3831 qua
1370 3745 1442 3829 agit

127 3868 159 3909 v.
180 3852 250 3912 5-8.
274 3850 326 3912 Sc.
348 3847 409 3913 illa
428 3849 589 3915 mandata
609 3872 628 3915 a
653 3850 755 3915 lahve
774 3850 854 3915 data
881 3855 959 3914 sunt
985 3849 1203 3938 potissimum
1228 3850 1442 3917 observanda

126 3951 161 4017 iu
188 3961 278 4020 terra
294 3953 479 4043 promissa;
502 3976 649 4044 quorum
675 3955 723 4020 ib.
752 3955 987 4021 observatione
1015 3956 1246 4022 Hebraeorum
1273 3957 1441 4024 constabit

126 4060 293 4148 sapientia
310 4066 344 4127 et
352 4060 540 4150 sapientiae
559 4061 654 4150 apud
674 4067 805 4127 exteros
819 4061 923 4140 fama,
941 4085 958 4128 c
974 4084 1041 4151 qua
1055 4063 1227 4128 elllorebit
1240 4062 1308 4128 vita
1323 4063 1367 4128 ab
1378 4063 1441 4129 ini·

126 4165 219 4233 micis
238 4190 357 4234 secura
374 4173 408 4233 et
423 4167 485 4234 sub
500 4169 601 4233 lalrve
613 4167 689 4253 lege
701 4167 816 4245 beata,
833 4167 979 4257 ideoque
994 4191 1169 4257 prospera.
1184 4192 1215 4235 ν.
1229 4177 1248 4236 5
1264 4196 1279 4230 «
1295 4170 1394 4236 Scitis
1408 4200 1437 4254 n,

125 4308 168 4320 —
185 4275 286 4340 Heba
300 4275 388 4359 sing.
406 4288 484 4345 unt,
502 4273 543 4339 de
561 4296 629 4362 quo
646 4272 781 4339 vidend
802 4280 858 4354 1‚8
873 4313 916 4323 -
937 4304 952 4334 α
971 4274 1065 4363 quod
1079 4274 1251 4342 docuerim
1267 4263 1324 4342 uos
1336 4300 1439 4366 prae-

126 4392 222 4465 cepta
236 4392 339 4469 atque
359 4379 520 4460 iustitias,
537 4381 627 4446 u'cut
642 4379 820 4446 urartdam't
835 4380 922 4446 milti
937 4381 1103 4447 Dominus
1116 4386 1204 4449 Deus
1216 4407 1309 4449 rneus
1324 4413 1353 4449 a,
1376 4390 1438 4448 Pro

125 4485 305 4575 participio
316 4486 439 4552 doeens
450 4509 481 4551 v.
501 4494 514 4551 1
531 4486 657 4571 legitur
669 4486 737 4552 iam
750 4489 970 4577 praeteritum
986 4486 1173 4574 edoceremur,
1190 4490 1439 4576 significatione

124 4589 218 4655 haud
230 4598 359 4658 mutata
373 4614 380 4659 :
393 4615 440 4659 sc.
454 4592 615 4659 mandata
631 4595 665 4658 in
680 4602 795 4661 moute
810 4594 902 4660 Sinai
918 4602 1055 4684 accepta
1071 4596 1122 4675 iis,
1141 4598 1200 4683 qui
1210 4599 1290 4663 inde
1303 4598 1438 4659 ettluxe·

126 4703 205 4763 rant
234 4699 350 4782 annis,
373 4698 475 4766 variis
503 4699 740 4766 occasionibus
763 4701 942 4783 docuerat,
967 4701 1198 4790 explicaverat
1221 4707 1356 4787 Moyses,
1386 4700 1434 4766 Cl.
