3366 5346
184 271 225 330 30
736 280 946 326 varnonucno.

184 418 232 486 tio
247 419 413 509 praeterit
432 417 553 498 Calm.;
571 415 665 507 quod
685 415 840 504 sequitur
856 414 898 481 de
913 413 1134 481 comedendis
1148 413 1366 505 portionibus
1380 417 1509 499 sacris,

184 526 274 592 solos
289 525 460 592 aaronitas
475 531 629 613 spectare
644 522 807 590 allirmat.
825 526 879 587 Est
894 527 1009 588 autem
1025 520 1208 588 difficultas
1222 523 1376 611 prolecto
1395 523 1434 590 in
1450 547 1509 611 eo,

186 631 279 721 quod
299 633 365 698 hae
393 631 568 720 portiones
589 653 621 697 v.
642 636 657 696 1
681 630 743 695 toti
768 628 875 694 tribui
895 627 972 694 Levi
998 627 1241 694 concedantur.
1266 629 1400 696 Levitae
1422 630 1512 698 sim-

183 739 289 827 plices
308 739 353 804 ad
367 735 597 804 sanctuarium
613 737 823 802 confluentes
841 733 969 822 quibus
987 733 1102 802 lundis
1116 733 1169 800 vel
1185 735 1409 824 proventibus
1433 737 1512 805 ale-

184 848 315 927 rentur,
337 865 372 910 se
387 844 549 929 ignorare
565 843 692 908 latetur
706 841 813 908 Calnr.

227 949 284 1016 Ad
306 949 328 1015 i.
348 955 392 1016 De
408 947 647 1039 primogenitis
661 947 768 1030 nibil,
786 946 829 1014 de
851 945 995 1013 decimis
1013 944 1107 1013 idem
1122 947 1215 1036 quod
1231 947 1275 1014 ad
1294 970 1323 1014 c.

226 1054 283 1122 ald
290 1057 322 1146 j.
341 1055 514 1122 Pernn'ttit
529 1061 625 1132 Deus,
639 1055 753 1143 inquit
771 1054 891 1135 calm,
908 1058 976 1120 tres
990 1052 1076 1120 alias
1091 1053 1313 1143 postmodum
1329 1054 1508 1143 designari

182 1163 335 1229 civitates
349 1161 489 1248 relugii,
508 1166 645 1250 praeter
659 1182 715 1226 sex
730 1183 751 1226 a
770 1183 805 1226 se
819 1159 895 1249 ipso
910 1164 1064 1227 statutas.
1086 1159 1151 1226 Sed
1171 1159 1289 1226 addita
1304 1161 1505 1230 conditione

184 1298 200 1329 a
228 1269 263 1335 si
288 1276 402 1334 tamen
428 1266 628 1334 custodieris
657 1265 818 1332 mandata
846 1265 919 1331 eius
947 1267 1132 1333 »innuere
1157 1265 1304 1348 videtur,
1333 1267 1506 1335 Hebraeos

182 1376 271 1441 hanc
292 1374 551 1463 permissionem
574 1374 647 1439 lore
663 1371 892 1458 neglecturos.
915 1378 957 1438 At
978 1392 1091 1439 nonne
1114 1372 1260 1440 ridicula
1281 1378 1416 1463 Deoque
1440 1397 1505 1465 pa-

185 1503 260 1547 rum
275 1480 384 1568 digna
403 1479 574 1547 eiusmodi
594 1479 791 1568 permissio?

227 1585 283 1653 Ad
302 1585 333 1652 lc.
353 1586 481 1652 Recital
496 1584 601 1652 Calm.
622 1583 859 1650 Rabbinorum
879 1582 921 1650 de
936 1588 1080 1650 Mamzer
1096 1590 1300 1652 commenta.

227 1697 350 1759 Verum
365 1691 487 1758 dorcam
505 1689 753 1780 difficultatum
770 1713 840 1756 nort
858 1690 1078 1779 stupidorum
1094 1691 1245 1774 seorsim,
1263 1690 1324 1758 sed
1345 1692 1502 1762 omnium

183 1822 254 1865 avrea
277 1796 474 1889 quaerenda
495 1808 543 1863 est
562 1796 699 1864 solutio.
723 1801 809 1864 Sunt
826 1797 951 1863 multae
971 1819 1126 1864 numero.
1146 1803 1293 1875 Quarum
1311 1798 1505 1887 potissimas

184 1910 316 1973 tantum
340 1927 446 1994 snpra
469 1903 730 1971 recensebamus
753 1924 760 1970 :
782 1903 842 1969 sed
863 1903 992 1992 passim
1017 1925 1080 1992 per
1107 1904 1354 1971 collectaneum
1382 1904 1504 1994 depre-

182 2012 382 2078 henduntur
397 2032 455 2092 ea,
478 2033 566 2099 quae
589 2032 665 2077 cum
692 2009 810 2096 Moysis
830 2031 914 2076 aevo
934 2011 1125 2096 aegerrime
1146 2006 1411 2098 componuntur.
1429 2015 1504 2077 Non

121 2131 123 2136 “
182 2140 350 2203 negamus
365 2118 514 2207 aliquas,
536 2139 607 2182 non
623 2116 672 2182 ita
687 2116 810 2182 multas
830 2116 975 2205 reperiri
997 2116 1108 2203 leges,
1127 2138 1215 2205 quac
1233 2115 1264 2182 ei
1281 2139 1364 2184 aevo
1379 2117 1503 2183 merito

183 2223 410 2310 assignentur,
428 2223 513 2288 alias
532 2222 635 2288 etiam
658 2223 772 2309 plures
792 2227 899 2306 Moyse
918 2213 1140 2310 antiquiores.
1160 2227 1276 2311 Neque
1296 2222 1501 2290 difficultate

182 2335 214 2396 le
234 2327 392 2418 expedies
411 2327 590 2395 adstruens
611 2327 759 2393 mosaico
780 2325 915 2393 cuidam
936 2326 1148 2395 collectaneo
1168 2329 1352 2424 accrevisse
1372 2330 1503 2396 seriora

182 2435 352 2525 quaedam
366 2433 624 2501 additamenta:
647 2438 717 2499 tota
735 2433 935 2500 collectanei
954 2433 1086 2500 indoles
1105 2440 1155 2501 est
1170 2435 1407 2524 postmosaiea.
1424 2435 1499 2517 illa,

182 2563 270 2629 quae
295 2562 416 2607 aevum
444 2541 584 2629 sapiunt
604 2541 775 2606 recentius
796 2544 884 2606 totas
912 2546 980 2606 tres
1009 2540 1208 2608 eolleetanei
1231 2541 1394 2608 sectiones
1420 2563 1502 2630 per-

182 2653 307 2714 meant.
325 2651 473 2724 Quarum
499 2646 588 2712 durae
610 2646 774 2736 potiores,
792 2669 880 2736 quae
901 2652 980 2714 sunt
1002 2647 1045 2714 de
1070 2647 1177 2715 saeris
1201 2647 1296 2714 etde
1316 2646 1500 2734 magistra-

181 2754 287 2837 tibus,
306 2753 472 2820 dicendae
488 2763 567 2820 suut
588 2753 688 2819 nobis
708 2753 897 2843 depingere
921 2776 1036 2820 rerum
1062 2754 1154 2844 apud
1179 2753 1349 2821 Hebraeos
1378 2754 1500 2820 eondi-

180 2861 310 2927 tionem
325 2866 434 2946 Moyse
450 2861 687 2948 posteriorem.

225 2970 295 3041 Quo
316 2972 470 3053 tempore
486 2966 640 3029 homines
667 2986 738 3029 nou
762 2963 854 3053 apud
879 2967 1111 3031 sanctuarium
1140 2965 1328 3034 maximum
1346 2972 1497 3048 tantum,

181 3069 238 3138 sed
254 3071 383 3159 passim
400 3092 462 3160 per
474 3075 578 3136 totam
599 3069 776 3155 regionem
790 3073 826 3136 in
840 3071 1009 3138 altaribus
1029 3072 1170 3161 privatis
1189 3073 1355 3140 sacrificia
1377 3073 1500 3141 ollere-

182 3176 282 3257 bant;
297 3199 359 3265 pro
376 3176 481 3242 Phase
501 3175 605 3242 etiam
622 3175 743 3241 bovem
763 3175 1008 3260 immolabant;
1024 3161 1179 3245 decimae
1200 3185 1233 3245 et
1248 3179 1497 3269 primogenita,

181 3282 379 3349 hominibus
395 3282 504 3348 tribus
523 3282 601 3349 Levi
616 3281 805 3364 subtracta,
824 3304 844 3348 a
866 3288 936 3349 toto
956 3285 1083 3373 populo
1096 3285 1200 3351 saeris
1215 3285 1327 3374 epulis
1346 3285 1500 3352 absume·

179 3389 323 3469 bantur;
341 3388 514 3479 portiones
528 3387 763 3456 sacerdotibus
778 3388 1020 3477 pendebantur
1033 3413 1102 3456 non
1119 3391 1222 3479 plane
1240 3392 1391 3472 eaedem,
1410 3412 1499 3480 quae

179 3501 255 3563 Lev.
278 3503 298 3561 7
314 3496 463 3562 sancitae
475 3496 631 3576 fuerant;
648 3493 866 3560 sacerdotum
885 3495 1161 3586 simpliciumque
1178 3497 1358 3564 levitarum
1377 3497 1500 3565 oblite·

180 3607 291 3667 ratum
315 3602 567 3690 quadamtenus
594 3607 667 3668 erat
691 3600 888 3683 discrimem
909 3601 1065 3668 homines
1088 3603 1199 3669 tribus
1223 3603 1316 3684 Levi,
1341 3604 1499 3691 legitima

177 3707 419 3774 sustentatione
450 3707 592 3796 privati,
610 3708 737 3797 passim
766 3707 920 3793 agebant
941 3707 1048 3774 vitam
1074 3711 1235 3776 miseram
1259 3715 1292 3776 et
1314 3731 1455 3795 vagam3
1478 3732 1499 3778 a

177 3812 499 3881 iudicibusurbanis
509 3813 650 3903 patebat
665 3813 851 3903 appellatio
866 3813 908 3880 ad
923 3813 1076 3881 tribunal
1091 3816 1265 3904 quoddam
1280 3839 1496 3905 supremum,

178 3921 238 3987 ubi
257 3919 496 3987 sacerdotibus
516 3919 686 3986 assidebat
707 3920 809 3987 iudex
827 3919 951 4001 maior,
976 3921 1003 3986 si
1027 3921 1180 4012 quitum
1210 3930 1295 3989 essct
1317 3924 1352 3989 in
1378 3923 1497 4005 lsrael;

178 4027 364 4117 prodibant
379 4027 423 4093 ad
449 4025 539 4092 bella
559 4027 725 4092 exereitus
744 4028 859 4093 minus
880 4027 1057 4095 numerosi
1076 4051 1133 4111 eo,
1163 4051 1266 4118 quem
1292 4034 1419 4116 Moyses
1439 4029 1501 4095 de-

179 4130 322 4199 duxerat
349 4133 394 4198 ad
419 4133 616 4214 lordanem;
650 4132 742 4197 bella
769 4133 971 4218 gravissima
997 4135 1207 4221 gerebantur
1232 4141 1352 4202 contra
1375 4134 1499 4201 Philis-

181 4238 312 4318 lbaeos3
332 4244 411 4319 etc.,
434 4244 499 4305 etc.

223 4348 301 4412 Non
314 4345 386 4434 luit
400 4368 440 4411 ea
464 4368 618 4434 quucvm
638 4367 752 4411 rerum
775 4345 870 4435 apztd
889 4349 1057 4414 Hebraeos
1074 4347 1223 4415 coradc'tio
1247 4351 1364 4438 Moyse
1380 4369 1498 4437 super-

178 4451 267 4517 stite.
286 4452 348 4529 Qui
370 4452 422 4518 vel
438 4459 589 4518 extremo
614 4451 703 4518 vitae
726 4457 882 4543 tempore
901 4458 1000 4521 Num.
1020 4461 1057 4520 31
1086 4455 1321 4522 sacerdotibus
1337 4460 1370 4521 et
1385 4454 1498 4520 levitis

178 4563 312 4647 partem
327 4557 474 4648 praedae
491 4557 700 4625 attribuebat
720 4581 759 4625 ea
783 4560 855 4627 lere
868 4561 1091 4649 proportione
1109 4561 1164 4649 (el.
1188 4564 1249 4627 CN
1264 4584 1298 4650 p.
1317 4560 1409 4647 atu),
1428 4582 1497 4648 qua

177 4664 366 4732 interillos
388 4664 541 4732 decimae
563 4664 818 4733 dividebantur.
837 4670 907 4742 Quo
933 4667 1023 4733 lacto
1043 4689 1078 4734 se
1100 4667 1270 4757 prodebat
1293 4672 1418 4754 Moyses
1439 4665 1494 4732 vel
