3366 5346
176 290 217 347 60
731 299 941 344 ruraouucrlo.

177 442 370 525 Antequam
389 457 469 501 vero
484 434 522 501 in
542 454 645 500 unam
662 439 869 519 cogerentur
882 433 1033 512 theram,
1050 429 1188 517 singula
1204 428 1267 495 illa
1285 428 1505 499 documenta

177 549 276 610 eraut
288 541 458 631 completa
473 539 682 629 minimeque
693 539 738 606 ab
750 539 817 606 alio
830 538 996 629 ampliore
1009 536 1218 604 documento
1229 535 1361 604 avulsa.
1375 540 1504 605 Nonne

177 671 285 740 acque
307 647 478 738 completa
499 652 548 714 est
566 647 665 713 thora
684 646 813 734 Moysis,
833 652 936 736 atque
952 644 1123 712 Ciceronis
1140 643 1250 711 oratio
1269 665 1331 733 pro
1350 642 1503 712 llilonet

222 754 396 834 Quomodo
415 753 526 820 amitti
540 753 692 842 potuerit
705 753 768 820 illa
786 754 885 820 thora
903 759 1025 841 atque,
1042 772 1177 819 rursum
1192 755 1345 839 reperta,
1360 753 1500 818 tantam

178 861 314 928 efficere
329 861 524 926 animorum
539 858 815 936 commotionem,
831 858 984 926 dicemus
996 859 1106 946 capite
1119 857 1288 946 sequenti.

519 1096 551 1155 6.
571 1087 723 1154 Historia
736 1088 853 1155 thorae
868 1102 947 1155 ante
963 1087 1145 1155 Christum.

226 1314 241 1346 α
263 1289 372 1366 Dent,
389 1283 418 1349 si
437 1282 547 1351 solum
564 1283 798 1373 perpendatur
812 1289 846 1350 et
867 1283 1010 1350 historia
1030 1281 1260 1349 lsraelitarum
1278 1288 1498 1372 supponatur

90 1380 95 1389 ’
179 1391 246 1459 alia
262 1391 380 1471 tuisse,
401 1411 504 1479 quam
519 1411 638 1479 reapse
657 1389 734 1471 suit,
752 1389 955 1456 concesserit
970 1388 1046 1478 quis
1061 1411 1143 1455 aevo
1160 1387 1307 1455 mosaico
1321 1409 1391 1455 esse
1408 1410 1496 1455 con-

179 1498 371 1577 cinnatum;
388 1497 424 1561 id
443 1502 561 1562 tamen
576 1495 764 1563 concedere
779 1518 927 1587 nequeo,
944 1496 1028 1562 dum
1043 1500 1140 1563 Deut.
1161 1516 1240 1561 cum
1257 1494 1387 1584 reliquo
1398 1498 1438 1562 V.
1456 1501 1493 1565 Τ.

179 1625 341 1693 comparo
363 1624 371 1669 ε
394 1601 497 1668 nimis
523 1602 632 1669 multa
653 1608 743 1684 sunt,
768 1625 856 1693 quae
883 1603 914 1669 ei
939 1600 1096 1692 opinioni
1120 1606 1326 1690 repugnant.
1347 1605 1423 1668 Non
1444 1608 1497 1670 est

178 1709 320 1799 quidem
337 1730 429 1798 spes,
456 1731 517 1776 nos
538 1709 795 1798 compositionis
818 1710 909 1776 Iteut¹
924 1729 1088 1776 arcanum
1111 1712 1144 1775 et
1160 1707 1311 1774 indolem
1331 1706 1492 1789 lentium,

179 1816 305 1904 quibus
321 1837 399 1882 usus
419 1821 468 1882 est
490 1821 620 1897 auctor,
645 1815 746 1905 plene
764 1836 918 1904 unquam
938 1837 1009 1881 esse
1027 1820 1283 1904 perspectur0s3
1307 1836 1396 1903 quac
1412 1834 1496 1880 vero

177 1928 356 2011 perspecta
370 1922 548 2004 hahemus,
566 1945 607 1989 ea
626 1944 686 1989 nos
705 1922 805 2012 plane
821 1927 951 2008 cogunt
965 1921 1043 1988 lieet
1058 1921 1184 1987 invitos
1204 1920 1404 2001 concedere,
1421 1942 1495 1988 uon

176 2050 273 2118 pesse
294 2028 430 2095 defendi
452 2050 556 2119 quam
576 2029 738 2095 traditam
757 2027 952 2117 accepimns
972 2027 1170 2116 opinionem
1188 2026 1232 2094 de
1253 2028 1347 2094 Dent*
1360 2027 1495 2114 origine

178 2141 211 2201 et
231 2141 370 2200 auctore
394 2164 423 2200 n.
442 2140 491 2200 lta
505 2138 564 2201 Dr.
585 2140 642 2201 xll
658 2137 719 2224 qui
733 2136 893 2202 continuo
904 2135 1020 2225 pergit
1033 2135 1104 2202 ita:
1126 2162 1141 2194 α
1162 2139 1248 2201 uum
1263 2134 1345 2200 huic
1359 2133 1496 2201 critico·

181 2262 257 2305 rum
278 2239 366 2305 thesi
392 2240 631 2326 suffragamur,
662 2241 751 2307 nihil
776 2240 990 2307 detrahimus
1012 2240 1209 2308 auctoritati
1233 2240 1326 2306 ueur
1346 2246 1384 2306 ut
1413 2239 1496 2307 libri

179 2344 337 2434 inspirati
353 2351 411 2413 aut
426 2347 498 2411 eius
513 2346 624 2412 valeri
641 2346 687 2412 ad
706 2368 816 2413 mores
837 2345 1110 2436 religionemque
1125 2346 1312 2414 fulcienda.
1330 2351 1426 2414 Dent.
1444 2353 1496 2413 est

179 2473 288 2518 unum
303 2474 321 2517 e
337 2451 458 2518 mediis
473 2451 671 2541 potissimis,
695 2452 822 2542 quibus
844 2457 930 2520 heus
952 2475 1031 2521 usus
1051 2459 1100 2519 est
1115 2455 1148 2519 iu
1168 2453 1298 2543 populo
1313 2475 1373 2521 suo
1386 2453 1496 2520 eleeto

179 2557 357 2626 educando
378 2578 385 2624 :
404 2581 520 2625 verum
538 2559 727 2649 spiritualis
742 2560 800 2626 Dei
815 2559 1032 2650 providentia
1047 2559 1111 2626 viis
1124 2560 1252 2627 incedit
1266 2559 1425 2647 analogis
1437 2559 1492 2640 iis,

177 2665 305 2755 quihus
328 2665 494 2733 naturalis
517 2665 590 2733 eius
616 2666 835 2756 providentia
855 2666 1015 2733 incedere
1041 2667 1227 2734 consuevit.
1256 2665 1433 2734 Revelavit
1458 2687 1496 2733 sc

176 2773 290 2863 ipsum
312 2777 397 2839 lteus
409 2772 542 2840 homini
560 2796 628 2840 non
644 2773 750 2841 semel
770 2775 882 2862 plene,
899 2773 958 2840 sed
974 2771 1199 2839 multifariam
1218 2773 1402 2861 multisque
1418 2792 1494 2837 mo·

177 2878 230 2945 dis
249 2880 366 2965 (llehr.
391 2879 460 2966 1,1)
477 2887 511 2945 et
524 2879 710 2966 gradatim.
734 2883 831 2944 Dent.
847 2884 990 2967 estpars
1005 2879 1224 2945 revelationis
1239 2878 1395 2945 aevinon
1417 2898 1493 2944 mo·

177 2984 276 3063 saiei,
302 2984 361 3049 sed
386 2984 603 3072 posterioris;
627 2985 804 3051 collectam
829 2985 935 3051 tradit
961 2985 1188 3051 eruditionem
1209 2986 1319 3067 illam,
1342 3005 1446 3074 quam
1473 3006 1495 3051 a

179 3095 245 3156 lteo
261 3090 391 3178 aceepit
406 3095 439 3155 ct
454 3091 491 3156 in
510 3112 544 3156 se
559 3095 717 3179 expertus
736 3099 785 3157 est
802 3113 872 3158 non
887 3113 975 3160 unus
990 3091 1113 3182 aliquis
1130 3092 1246 3169 homo,
1266 3091 1327 3158 sed
1346 3112 1495 3178 genera·

176 3195 288 3261 tiones
306 3196 421 3283 plures
443 3195 595 3263 virorum
616 3196 780 3266 divinitus
801 3197 1048 3286 inspiratorum
1069 3227 1100 3264 ».
1123 3198 1231 3264 Verba
1251 3196 1495 3287 descripsimus

178 3302 326 3387 integra,
347 3301 483 3370 utillud
498 3303 602 3369 etiam
620 3304 815 3394 perspicias,
833 3310 887 3371 ur.
908 3327 1128 3394 nequaquam
1144 3328 1214 3372 esse
1230 3304 1345 3372 auimo
1361 3326 1494 3371 arevc-

177 3409 306 3475 latione
323 3415 356 3476 et
371 3409 439 3475 fide
454 3408 578 3476 alieno.
1572 3400 1577 3407 ’

222 3520 276 3581 Est
298 3515 404 3601 igitur
427 3516 527 3584 nobis
546 3517 825 3595 examinandum,
849 3517 933 3607 quid
955 3517 991 3583 in
1015 3517 1187 3606 prioribus
1209 3516 1278 3583 illis
1298 3515 1413 3584 verbis
1433 3520 1492 3583 Dr.

177 3621 257 3686 insit
281 3624 445 3703 veritatis,
468 3623 594 3711 quidve
615 3647 698 3691 nou.
724 3623 853 3690 Etenim
877 3622 1016 3712 aliquid
1035 3625 1148 3691 inesse
1171 3623 1323 3690 veritatis
1341 3644 1411 3689 non
1431 3644 1492 3689 ne-

177 3748 310 3813 gamus.
329 3731 411 3793 Cum
433 3728 526 3794 enim
544 3729 748 3820 scripturam
773 3731 883 3820 ipsam
906 3729 1096 3796 habeamus
1115 3735 1253 3813 testem,
1278 3729 1396 3819 aliqua
1416 3733 1493 3818 post

176 3838 310 3921 Moysen
324 3834 446 3901 thorae
462 3856 532 3901 esse
548 3836 674 3903 inserta
691 3860 711 3903 a
726 3843 821 3905 losue
836 3842 870 3902 et
888 3858 907 3902 a
924 3837 1096 3919 Samuele,
1116 3860 1187 3904 non
1204 3837 1325 3926 utique
1339 3833 1493 3902 defendi-

178 3962 252 4007 mus
271 3947 366 4007 Iteut.
387 3945 496 4008 totum
517 3947 684 4031 quantum
704 3967 723 4011 c
742 3945 861 4032 lloysis
876 3943 1008 4010 calamo
1024 3944 1168 4011 fluxisse.
1188 3947 1305 4032 Neque
1322 3950 1436 4009 tamen
1455 3938 1494 4007 id

176 4053 348 4131 agentesa
363 4048 517 4114 doctrina
536 4048 571 4114 in
588 4050 729 4116 ecclesia
748 4051 876 4117 tradita
895 4050 1097 4117 recedimus.
1123 4050 1247 4140 Aliqua
1268 4054 1364 4117 [leut’
1382 4048 1494 4115 inesse

177 4173 291 4240 posse,
316 4152 386 4219 imo
411 4155 536 4237 inesse,
565 4177 654 4244 quae
682 4156 801 4242 Moysis
827 4178 898 4222 non
922 4155 1005 4235 sint,
1036 4158 1266 4223 communiter
1296 4155 1496 4223 conceditur

181 4258 228 4346 (p.
256 4264 275 4322 5
293 4262 369 4347 sq).
391 4290 405 4319 «
422 4266 554 4348 lloysen
573 4261 747 4351 scripsisse
762 4261 891 4329 librum
906 4285 1006 4329 suum
1025 4292 1056 4344 s,
1075 4262 1260 4330 universim
1275 4263 1493 4329 affirmavere

180 4370 336 4431 auctores
350 4366 561 4456 antiquiores
584 4368 755 4449 catholici,
779 4369 828 4435 uti
848 4368 1036 4436 universim
1057 4369 1140 4435 item
1156 4370 1376 4437 affirmabant
1393 4395 1410 4430 u
1432 4371 1494 4434 Sa-

179 4470 330 4538 muelem
351 4473 523 4562 scripsisse
538 4474 668 4542 librum
681 4497 780 4542 suum
799 4503 828 4557 n,
849 4476 899 4542 uti
920 4481 1105 4566 utrumque
1121 4477 1352 4543 affirmantem
1372 4472 1494 4542 audie·

178 4584 256 4645 rant
279 4579 499 4646 traditionem
520 4581 710 4663 iudaicam;
733 4581 770 4648 in
792 4583 901 4649 loutes
930 4583 1149 4672 pentateuchi
1177 4606 1248 4651 uon
1267 4580 1494 4672 inquirebant

176 4706 289 4776 neque
309 4687 486 4777 inquirere
507 4693 684 4777 poterant,
703 4689 795 4778 quod
817 4689 1030 4778 quaestiones
1045 4690 1182 4758 criticae
1204 4690 1361 4759 nondum
1379 4689 1494 4776 agita-
