<?xml version="1.0" encoding="UTF-8"?>
<!DOCTYPE html PUBLIC "-//W3C//DTD XHTML 1.0 Transitional//EN"
    "http://www.w3.org/TR/xhtml1/DTD/xhtml1-transitional.dtd">
<html xmlns="http://www.w3.org/1999/xhtml" xml:lang="en" lang="en">
 <head>
  <title>
</title>
<meta http-equiv="Content-Type" content="text/html;charset=utf-8" />
  <meta name='ocr-system' content='tesseract 3.04.00' />
  <meta name='ocr-capabilities' content='ocr_page ocr_carea ocr_par ocr_line ocrx_word'/>
</head>
<body>
  <div class='ocr_page' id='page_1' title='image "./commentariusind00hummgoog/commentariusind00hummgoog_0022.png"; bbox 0 0 3366 5346; ppageno 0'>
   <div class='ocr_carea' id='block_1_1' title="bbox 738 294 971 339">
    <p class='ocr_par' dir='ltr' id='par_1_1' title="bbox 738 294 971 339">
     <span class='ocr_line' id='line_1_1' title="bbox 738 294 971 339; baseline -0.013 0"><span class='ocrx_word' id='word_1_1' title='bbox 738 295 819 339; x_wconf 82' lang='lat' dir='ltr'>LIBRI</span> <span class='ocrx_word' id='word_1_2' title='bbox 840 294 971 339; x_wconf 79' lang='lat' dir='ltr'><strong>AUCTOR.</strong></span> 
     </span>
    </p>
   </div>
   <div class='ocr_carea' id='block_1_2' title="bbox 196 432 1216 672">
    <p class='ocr_par' dir='ltr' id='par_1_2' title="bbox 196 432 1216 672">
     <span class='ocr_line' id='line_1_2' title="bbox 198 432 807 487; baseline -0.008 0"><span class='ocrx_word' id='word_1_3' title='bbox 198 436 219 487; x_wconf 82' lang='lat' dir='ltr'>C</span> <span class='ocrx_word' id='word_1_4' title='bbox 234 436 278 485; x_wconf 92' lang='lat' dir='ltr'>N:</span> <span class='ocrx_word' id='word_1_5' title='bbox 297 436 520 486; x_wconf 78' lang='lat' dir='ltr'><strong>Commentarius</strong></span> <span class='ocrx_word' id='word_1_6' title='bbox 531 436 559 483; x_wconf 89' lang='lat' dir='ltr'>in</span> <span class='ocrx_word' id='word_1_7' title='bbox 572 434 712 483; x_wconf 82' lang='lat' dir='ltr'>Numeros</span> <span class='ocrx_word' id='word_1_8' title='bbox 730 432 807 482; x_wconf 83' lang='lat'>1899.</span> 
     </span>
     <span class='ocr_line' id='line_1_3' title="bbox 197 521 1025 575; baseline -0.007 0"><span class='ocrx_word' id='word_1_9' title='bbox 197 524 218 575; x_wconf 87' lang='lat' dir='ltr'>C</span> <span class='ocrx_word' id='word_1_10' title='bbox 235 523 245 573; x_wconf 93' lang='lat' dir='ltr'>l</span> <span class='ocrx_word' id='word_1_11' title='bbox 264 537 269 572; x_wconf 92' lang='lat'>:</span> <span class='ocrx_word' id='word_1_12' title='bbox 285 523 509 575; x_wconf 82' lang='lat' dir='ltr'>Commentarius</span> <span class='ocrx_word' id='word_1_13' title='bbox 523 525 552 572; x_wconf 91' lang='lat' dir='ltr'>in</span> <span class='ocrx_word' id='word_1_14' title='bbox 568 523 653 572; x_wconf 88' lang='lat' dir='ltr'>libros</span> <span class='ocrx_word' id='word_1_15' title='bbox 669 522 796 572; x_wconf 90' lang='lat' dir='ltr'>ludicum</span> <span class='ocrx_word' id='word_1_16' title='bbox 808 526 834 572; x_wconf 90' lang='lat' dir='ltr'>ei</span> <span class='ocrx_word' id='word_1_17' title='bbox 851 521 925 572; x_wconf 84' lang='lat' dir='ltr'>Ruth</span> <span class='ocrx_word' id='word_1_18' title='bbox 945 521 1025 571; x_wconf 84' lang='lat'>1888.</span> 
     </span>
     <span class='ocr_line' id='line_1_4' title="bbox 196 608 1216 672; baseline -0.005 -9"><span class='ocrx_word' id='word_1_19' title='bbox 196 610 276 663; x_wconf 87' lang='lat' dir='ltr'>CR:</span> <span class='ocrx_word' id='word_1_20' title='bbox 293 611 517 663; x_wconf 81' lang='lat' dir='ltr'>Commentarius</span> <span class='ocrx_word' id='word_1_21' title='bbox 532 613 560 660; x_wconf 93' lang='lat' dir='ltr'>in</span> <span class='ocrx_word' id='word_1_22' title='bbox 576 611 661 661; x_wconf 89' lang='lat' dir='ltr'>libros</span> <span class='ocrx_word' id='word_1_23' title='bbox 678 610 817 661; x_wconf 83' lang='lat' dir='ltr'>Samuelis</span> <span class='ocrx_word' id='word_1_24' title='bbox 832 624 882 660; x_wconf 89' lang='lat' dir='ltr'>seu</span> <span class='ocrx_word' id='word_1_25' title='bbox 898 611 909 660; x_wconf 90' lang='lat' dir='ltr'>l</span> <span class='ocrx_word' id='word_1_26' title='bbox 925 612 953 661; x_wconf 90' lang='lat' dir='ltr'>et</span> <span class='ocrx_word' id='word_1_27' title='bbox 969 610 995 659; x_wconf 92' lang='grc' dir='ltr'>ΙΙ</span> <span class='ocrx_word' id='word_1_28' title='bbox 1013 610 1122 672; x_wconf 86' lang='lat' dir='ltr'>Regum</span> <span class='ocrx_word' id='word_1_29' title='bbox 1141 608 1216 659; x_wconf 78' lang='lat' dir='ltr'>lesu.</span> 
     </span>
    </p>
   </div>
   <div class='ocr_carea' id='block_1_3' title="bbox 124 748 1512 4773">
    <p class='ocr_par' dir='ltr' id='par_1_3' title="bbox 124 748 1512 4773">
     <span class='ocr_line' id='line_1_5' title="bbox 240 748 1512 838; baseline -0.002 -23"><span class='ocrx_word' id='word_1_30' title='bbox 240 757 271 815; x_wconf 83' lang='lat'>3.</span> <span class='ocrx_word' id='word_1_31' title='bbox 294 749 394 816; x_wconf 81' lang='lat' dir='ltr'>Pltilo</span> <span class='ocrx_word' id='word_1_32' title='bbox 413 750 501 838; x_wconf 82' lang='lat' dir='ltr'>(l&#39;ita</span> <span class='ocrx_word' id='word_1_33' title='bbox 518 750 652 836; x_wconf 90' lang='lat' dir='ltr'>Moysis,</span> <span class='ocrx_word' id='word_1_34' title='bbox 670 756 820 816; x_wconf 87' lang='lat' dir='ltr'>extremo</span> <span class='ocrx_word' id='word_1_35' title='bbox 840 748 902 814; x_wconf 89' lang='lat' dir='ltr'>lib.</span> <span class='ocrx_word' id='word_1_36' title='bbox 927 749 983 835; x_wconf 89' lang='lat' dir='ltr'>lll)</span> <span class='ocrx_word' id='word_1_37' title='bbox 1004 752 1037 814; x_wconf 92' lang='lat' dir='ltr'>et</span> <span class='ocrx_word' id='word_1_38' title='bbox 1056 750 1122 814; x_wconf 83' lang='lat' dir='ltr'>Ios.</span> <span class='ocrx_word' id='word_1_39' title='bbox 1143 749 1233 837; x_wconf 77' lang='lat' dir='ltr'>(ant.</span> <span class='ocrx_word' id='word_1_40' title='bbox 1261 751 1313 814; x_wconf 84' lang='lat' dir='ltr'>lv.</span> <span class='ocrx_word' id='word_1_41' title='bbox 1337 749 1429 835; x_wconf 81' lang='lat' dir='ltr'>a.t8)</span> <span class='ocrx_word' id='word_1_42' title='bbox 1452 770 1512 813; x_wconf 89' lang='lat' dir='ltr'>vo-</span> 
     </span>
     <span class='ocr_line' id='line_1_6' title="bbox 195 853 1510 946; baseline 0 -25"><span class='ocrx_word' id='word_1_43' title='bbox 195 857 289 924; x_wconf 88' lang='lat' dir='ltr'>luere</span> <span class='ocrx_word' id='word_1_44' title='bbox 307 861 413 924; x_wconf 88' lang='lat' dir='ltr'>totum</span> <span class='ocrx_word' id='word_1_45' title='bbox 435 859 548 946; x_wconf 81' lang='lat' dir='ltr'>Dent,</span> <span class='ocrx_word' id='word_1_46' title='bbox 568 855 673 922; x_wconf 87' lang='lat' dir='ltr'>etiarn</span> <span class='ocrx_word' id='word_1_47' title='bbox 693 855 837 944; x_wconf 86' lang='lat' dir='ltr'>quaeda</span> <span class='ocrx_word' id='word_1_48' title='bbox 852 854 971 942; x_wconf 85' lang='lat' dir='ltr'>Moysis</span> <span class='ocrx_word' id='word_1_49' title='bbox 990 861 1100 921; x_wconf 92' lang='lat' dir='ltr'>morte</span> <span class='ocrx_word' id='word_1_50' title='bbox 1113 861 1146 920; x_wconf 92' lang='lat' dir='ltr'>et</span> <span class='ocrx_word' id='word_1_51' title='bbox 1162 853 1340 943; x_wconf 80' lang='lat' dir='ltr'>sepultura</span> <span class='ocrx_word' id='word_1_52' title='bbox 1352 861 1448 935; x_wconf 90' lang='lat' dir='ltr'>sunt,</span> <span class='ocrx_word' id='word_1_53' title='bbox 1465 854 1510 921; x_wconf 91' lang='lat' dir='ltr'>ab</span> 
     </span>
     <span class='ocr_line' id='line_1_7' title="bbox 193 960 1510 1052; baseline -0.001 -24"><span class='ocrx_word' id='word_1_54' title='bbox 193 962 267 1051; x_wconf 91' lang='lat' dir='ltr'>ipso</span> <span class='ocrx_word' id='word_1_55' title='bbox 286 968 397 1050; x_wconf 81' lang='lat' dir='ltr'>Moyse</span> <span class='ocrx_word' id='word_1_56' title='bbox 415 985 485 1030; x_wconf 85' lang='lat' dir='ltr'>esse</span> <span class='ocrx_word' id='word_1_57' title='bbox 504 962 746 1052; x_wconf 91' lang='lat' dir='ltr'>couscriptum.</span> <span class='ocrx_word' id='word_1_58' title='bbox 769 960 897 1037; x_wconf 81' lang='lat' dir='ltr'>Quibus</span> <span class='ocrx_word' id='word_1_59' title='bbox 911 961 1081 1027; x_wconf 78' lang='lat' dir='ltr'>consentit</span> <span class='ocrx_word' id='word_1_60' title='bbox 1100 961 1204 1027; x_wconf 75' lang='lat' dir='ltr'>litote.</span> <span class='ocrx_word' id='word_1_61' title='bbox 1224 981 1232 1028; x_wconf 91' lang='lat'>:</span> <span class='ocrx_word' id='word_1_62' title='bbox 1255 989 1270 1023; x_wconf 92' lang='lat'>«</span> <span class='ocrx_word' id='word_1_63' title='bbox 1295 965 1377 1027; x_wconf 86' lang='lat' dir='ltr'>Cum</span> <span class='ocrx_word' id='word_1_64' title='bbox 1393 961 1510 1028; x_wconf 81' lang='lat' dir='ltr'>divino</span> 
     </span>
     <span class='ocr_line' id='line_1_8' title="bbox 195 1066 1510 1159; baseline 0 -24"><span class='ocrx_word' id='word_1_65' title='bbox 195 1075 228 1136; x_wconf 93' lang='lat' dir='ltr'>et</span> <span class='ocrx_word' id='word_1_66' title='bbox 242 1069 445 1159; x_wconf 90' lang='lat' dir='ltr'>prophetico</span> <span class='ocrx_word' id='word_1_67' title='bbox 459 1069 624 1136; x_wconf 78' lang='lat' dir='ltr'>scriberet</span> <span class='ocrx_word' id='word_1_68' title='bbox 639 1073 762 1156; x_wconf 80' lang='lat' dir='ltr'>Moyses</span> <span class='ocrx_word' id='word_1_69' title='bbox 776 1066 911 1157; x_wconf 90' lang='lat' dir='ltr'>spiritu,</span> <span class='ocrx_word' id='word_1_70' title='bbox 931 1090 1000 1133; x_wconf 90' lang='lat' dir='ltr'>non</span> <span class='ocrx_word' id='word_1_71' title='bbox 1019 1067 1229 1148; x_wconf 90' lang='lat' dir='ltr'>dubitamus,</span> <span class='ocrx_word' id='word_1_72' title='bbox 1247 1073 1281 1134; x_wconf 93' lang='lat' dir='ltr'>et</span> <span class='ocrx_word' id='word_1_73' title='bbox 1296 1068 1359 1134; x_wconf 90' lang='lat' dir='ltr'>hoc</span> <span class='ocrx_word' id='word_1_74' title='bbox 1374 1090 1510 1157; x_wconf 91' lang='lat' dir='ltr'>quoque</span> 
     </span>
     <span class='ocr_line' id='line_1_9' title="bbox 193 1173 1509 1265; baseline -0.002 -24"><span class='ocrx_word' id='word_1_75' title='bbox 193 1176 368 1262; x_wconf 82' lang='lat' dir='ltr'>integrum</span> <span class='ocrx_word' id='word_1_76' title='bbox 381 1181 485 1265; x_wconf 89' lang='lat' dir='ltr'>caput</span> <span class='ocrx_word' id='word_1_77' title='bbox 498 1204 514 1236; x_wconf 73' lang='lat' dir='ltr'>s</span> <span class='ocrx_word' id='word_1_78' title='bbox 531 1183 572 1243; x_wconf 64' lang='lat'>3&#39;4</span> <span class='ocrx_word' id='word_1_79' title='bbox 586 1204 601 1235; x_wconf 92' lang='lat'>«</span> <span class='ocrx_word' id='word_1_80' title='bbox 621 1173 859 1263; x_wconf 83' lang='lat' dir='ltr'>conscripsisse</span> <span class='ocrx_word' id='word_1_81' title='bbox 876 1201 906 1240; x_wconf 87' lang='lat'>».</span> <span class='ocrx_word' id='word_1_82' title='bbox 924 1173 1057 1263; x_wconf 86' lang='lat' dir='ltr'>Reliqui</span> <span class='ocrx_word' id='word_1_83' title='bbox 1071 1180 1188 1240; x_wconf 87' lang='lat' dir='ltr'>tamen</span> <span class='ocrx_word' id='word_1_84' title='bbox 1197 1174 1412 1263; x_wconf 90' lang='lat' dir='ltr'>interpretes,</span> <span class='ocrx_word' id='word_1_85' title='bbox 1425 1173 1509 1240; x_wconf 94' lang='lat' dir='ltr'>dum</span> 
     </span>
     <span class='ocr_line' id='line_1_10' title="bbox 192 1280 1510 1371; baseline -0.002 -23"><span class='ocrx_word' id='word_1_86' title='bbox 192 1286 326 1369; x_wconf 90' lang='lat' dir='ltr'>Moysen</span> <span class='ocrx_word' id='word_1_87' title='bbox 341 1281 563 1371; x_wconf 77' lang='lat' dir='ltr'>pentateuchi</span> <span class='ocrx_word' id='word_1_88' title='bbox 577 1287 747 1348; x_wconf 81' lang='lat' dir='ltr'>auctorem</span> <span class='ocrx_word' id='word_1_89' title='bbox 764 1303 832 1348; x_wconf 91' lang='lat' dir='ltr'>uuo</span> <span class='ocrx_word' id='word_1_90' title='bbox 846 1303 905 1346; x_wconf 93' lang='lat' dir='ltr'>ore</span> <span class='ocrx_word' id='word_1_91' title='bbox 919 1280 1079 1363; x_wconf 82' lang='lat' dir='ltr'>fatentur,</span> <span class='ocrx_word' id='word_1_92' title='bbox 1096 1280 1290 1346; x_wconf 88' lang='lat' dir='ltr'>concedunt</span> <span class='ocrx_word' id='word_1_93' title='bbox 1305 1280 1431 1370; x_wconf 90' lang='lat' dir='ltr'>aliqua,</span> <span class='ocrx_word' id='word_1_94' title='bbox 1446 1280 1510 1346; x_wconf 91' lang='lat' dir='ltr'>im-</span> 
     </span>
     <span class='ocr_line' id='line_1_11' title="bbox 191 1386 1509 1478; baseline 0 -25"><span class='ocrx_word' id='word_1_95' title='bbox 191 1388 313 1478; x_wconf 88' lang='lat' dir='ltr'>primis</span> <span class='ocrx_word' id='word_1_96' title='bbox 327 1388 364 1454; x_wconf 90' lang='lat' dir='ltr'>in</span> <span class='ocrx_word' id='word_1_97' title='bbox 380 1394 487 1468; x_wconf 82' lang='lat' dir='ltr'>licut,</span> <span class='ocrx_word' id='word_1_98' title='bbox 506 1390 535 1454; x_wconf 91' lang='lat' dir='ltr'>ei</span> <span class='ocrx_word' id='word_1_99' title='bbox 550 1410 621 1454; x_wconf 91' lang='lat' dir='ltr'>non</span> <span class='ocrx_word' id='word_1_100' title='bbox 634 1388 806 1454; x_wconf 91' lang='lat' dir='ltr'>immerito</span> <span class='ocrx_word' id='word_1_101' title='bbox 817 1387 984 1473; x_wconf 86' lang='lat' dir='ltr'>denegari</span> <span class='ocrx_word' id='word_1_102' title='bbox 994 1387 1138 1454; x_wconf 90' lang='lat' dir='ltr'>auctori.</span> <span class='ocrx_word' id='word_1_103' title='bbox 1154 1392 1278 1454; x_wconf 91' lang='lat' dir='ltr'>Notum</span> <span class='ocrx_word' id='word_1_104' title='bbox 1292 1390 1318 1453; x_wconf 87' lang='grc' dir='ltr'><em>Τ</em></span> <span class='ocrx_word' id='word_1_105' title='bbox 1316 1386 1509 1453; x_wconf 70' lang='lat' dir='ltr'>dalmatiis·</span> 
     </span>
     <span class='ocr_line' id='line_1_12' title="bbox 192 1493 1508 1584; baseline -0.001 -24"><span class='ocrx_word' id='word_1_106' title='bbox 192 1506 307 1562; x_wconf 76' lang='lat' dir='ltr'>torrem</span> <span class='ocrx_word' id='word_1_107' title='bbox 340 1494 506 1584; x_wconf 91' lang='lat' dir='ltr'>placitum</span> <span class='ocrx_word' id='word_1_108' title='bbox 541 1493 646 1583; x_wconf 87' lang='lat' dir='ltr'>(Baba</span> <span class='ocrx_word' id='word_1_109' title='bbox 679 1495 804 1560; x_wconf 89' lang='lat' dir='ltr'>Bathra</span> <span class='ocrx_word' id='word_1_110' title='bbox 832 1494 893 1560; x_wconf 86' lang='lat' dir='ltr'>sol.</span> <span class='ocrx_word' id='word_1_111' title='bbox 929 1496 1001 1576; x_wconf 60' lang='lat' dir='ltr'>lib,</span> <span class='ocrx_word' id='word_1_112' title='bbox 1031 1494 1130 1560; x_wconf 92' lang='lat' dir='ltr'>aliter</span> <span class='ocrx_word' id='word_1_113' title='bbox 1158 1500 1273 1560; x_wconf 89' lang='lat' dir='ltr'>tamen</span> <span class='ocrx_word' id='word_1_114' title='bbox 1306 1493 1508 1560; x_wconf 81' lang='lat' dir='ltr'>Menachbth</span> 
     </span>
     <span class='ocr_line' id='line_1_13' title="bbox 190 1600 1508 1689; baseline -0.001 -23"><span class='ocrx_word' id='word_1_115' title='bbox 190 1600 250 1667; x_wconf 87' lang='lat' dir='ltr'>fol.</span> <span class='ocrx_word' id='word_1_116' title='bbox 269 1601 336 1688; x_wconf 74' lang='lat'><strong>30²)</strong></span> <span class='ocrx_word' id='word_1_117' title='bbox 356 1620 363 1666; x_wconf 92' lang='lat'>:</span> <span class='ocrx_word' id='word_1_118' title='bbox 383 1628 399 1661; x_wconf 92' lang='lat'>«</span> <span class='ocrx_word' id='word_1_119' title='bbox 420 1606 544 1688; x_wconf 82' lang='lat' dir='ltr'>Moyses</span> <span class='ocrx_word' id='word_1_120' title='bbox 558 1600 693 1689; x_wconf 89' lang='lat' dir='ltr'>scripsit</span> <span class='ocrx_word' id='word_1_121' title='bbox 707 1600 837 1666; x_wconf 90' lang='lat' dir='ltr'>librum</span> <span class='ocrx_word' id='word_1_122' title='bbox 852 1621 968 1680; x_wconf 89' lang='lat' dir='ltr'>suum,</span> <span class='ocrx_word' id='word_1_123' title='bbox 993 1605 1026 1666; x_wconf 90' lang='lat' dir='ltr'>et</span> <span class='ocrx_word' id='word_1_124' title='bbox 1041 1601 1227 1667; x_wconf 85' lang='lat' dir='ltr'>sectionem</span> <span class='ocrx_word' id='word_1_125' title='bbox 1243 1600 1285 1666; x_wconf 94' lang='lat' dir='ltr'>de</span> <span class='ocrx_word' id='word_1_126' title='bbox 1302 1600 1457 1680; x_wconf 81' lang='lat' dir='ltr'>Balaam,</span> <span class='ocrx_word' id='word_1_127' title='bbox 1475 1605 1508 1666; x_wconf 89' lang='lat' dir='ltr'>et</span> 
     </span>
     <span class='ocr_line' id='line_1_14' title="bbox 190 1705 1507 1796; baseline -0.002 -22"><span class='ocrx_word' id='word_1_128' title='bbox 190 1707 323 1774; x_wconf 90' lang='lat' dir='ltr'>lobum.</span> <span class='ocrx_word' id='word_1_129' title='bbox 345 1713 439 1774; x_wconf 92' lang='lat' dir='ltr'>losue</span> <span class='ocrx_word' id='word_1_130' title='bbox 455 1708 589 1796; x_wconf 89' lang='lat' dir='ltr'>scripsit</span> <span class='ocrx_word' id='word_1_131' title='bbox 608 1707 735 1772; x_wconf 89' lang='lat' dir='ltr'>librum</span> <span class='ocrx_word' id='word_1_132' title='bbox 751 1728 851 1773; x_wconf 92' lang='lat' dir='ltr'>suum</span> <span class='ocrx_word' id='word_1_133' title='bbox 872 1711 905 1773; x_wconf 90' lang='lat' dir='ltr'>et</span> <span class='ocrx_word' id='word_1_134' title='bbox 919 1713 994 1773; x_wconf 90' lang='lat' dir='ltr'>octo</span> <span class='ocrx_word' id='word_1_135' title='bbox 1010 1707 1088 1774; x_wconf 91' lang='lat' dir='ltr'>illos</span> <span class='ocrx_word' id='word_1_136' title='bbox 1107 1729 1224 1775; x_wconf 90' lang='lat' dir='ltr'>versus</span> <span class='ocrx_word' id='word_1_137' title='bbox 1241 1706 1278 1773; x_wconf 94' lang='lat' dir='ltr'>in</span> <span class='ocrx_word' id='word_1_138' title='bbox 1295 1705 1372 1793; x_wconf 83' lang='lat' dir='ltr'>lege</span> <span class='ocrx_word' id='word_1_139' title='bbox 1394 1735 1424 1773; x_wconf 88' lang='lat'>».</span> <span class='ocrx_word' id='word_1_140' title='bbox 1443 1711 1507 1773; x_wconf 66' lang='lat' dir='ltr'>lleh</span> 
     </span>
     <span class='ocr_line' id='line_1_15' title="bbox 189 1813 1504 1903; baseline -0.001 -23"><span class='ocrx_word' id='word_1_141' title='bbox 189 1819 351 1901; x_wconf 81' lang='lat' dir='ltr'>negatam</span> <span class='ocrx_word' id='word_1_142' title='bbox 373 1819 488 1880; x_wconf 90' lang='lat' dir='ltr'>autem</span> <span class='ocrx_word' id='word_1_143' title='bbox 509 1813 715 1880; x_wconf 89' lang='lat' dir='ltr'>crediderim</span> <span class='ocrx_word' id='word_1_144' title='bbox 740 1814 841 1900; x_wconf 84' lang='lat' dir='ltr'>Moysi</span> <span class='ocrx_word' id='word_1_145' title='bbox 866 1815 998 1879; x_wconf 86' lang='lat' dir='ltr'>auctori</span> <span class='ocrx_word' id='word_1_146' title='bbox 1022 1819 1208 1880; x_wconf 87' lang='lat' dir='ltr'>extremam</span> <span class='ocrx_word' id='word_1_147' title='bbox 1234 1819 1368 1903; x_wconf 91' lang='lat' dir='ltr'>partem</span> <span class='ocrx_word' id='word_1_148' title='bbox 1393 1818 1504 1894; x_wconf 82' lang='lat' dir='ltr'>Dent,</span> 
     </span>
     <span class='ocr_line' id='line_1_16' title="bbox 189 1918 1506 2009; baseline -0.002 -23"><span class='ocrx_word' id='word_1_149' title='bbox 189 1942 260 1986; x_wconf 90' lang='lat' dir='ltr'>non</span> <span class='ocrx_word' id='word_1_150' title='bbox 278 1920 370 2009; x_wconf 91' lang='lat' dir='ltr'>quod</span> <span class='ocrx_word' id='word_1_151' title='bbox 383 1919 565 1986; x_wconf 87' lang='lat' dir='ltr'>traditione</span> <span class='ocrx_word' id='word_1_152' title='bbox 582 1925 752 1986; x_wconf 88' lang='lat' dir='ltr'>constaret</span> <span class='ocrx_word' id='word_1_153' title='bbox 767 1940 842 1985; x_wconf 90' lang='lat' dir='ltr'>eam</span> <span class='ocrx_word' id='word_1_154' title='bbox 858 1941 928 1985; x_wconf 91' lang='lat' dir='ltr'>esse</span> <span class='ocrx_word' id='word_1_155' title='bbox 943 1919 1032 1987; x_wconf 91' lang='lat' dir='ltr'>alius</span> <span class='ocrx_word' id='word_1_156' title='bbox 1046 1920 1210 2000; x_wconf 78' lang='lat' dir='ltr'>auctoriS,</span> <span class='ocrx_word' id='word_1_157' title='bbox 1228 1921 1288 1986; x_wconf 91' lang='lat' dir='ltr'>scd</span> <span class='ocrx_word' id='word_1_158' title='bbox 1304 1918 1395 2007; x_wconf 92' lang='lat' dir='ltr'>quod</span> <span class='ocrx_word' id='word_1_159' title='bbox 1410 1940 1506 1984; x_wconf 90' lang='lat' dir='ltr'>secus</span> 
     </span>
     <span class='ocr_line' id='line_1_17' title="bbox 189 2023 1506 2112; baseline -0.002 -20"><span class='ocrx_word' id='word_1_160' title='bbox 189 2027 343 2112; x_wconf 82' lang='lat' dir='ltr'>gratuito</span> <span class='ocrx_word' id='word_1_161' title='bbox 361 2026 607 2092; x_wconf 90' lang='lat' dir='ltr'>adstruendum</span> <span class='ocrx_word' id='word_1_162' title='bbox 629 2031 717 2091; x_wconf 90' lang='lat' dir='ltr'>esset</span> <span class='ocrx_word' id='word_1_163' title='bbox 736 2025 943 2091; x_wconf 92' lang='lat' dir='ltr'>miraculum</span> <span class='ocrx_word' id='word_1_164' title='bbox 965 2047 1025 2093; x_wconf 90' lang='lat' dir='ltr'>seu</span> <span class='ocrx_word' id='word_1_165' title='bbox 1045 2026 1223 2106; x_wconf 88' lang='lat' dir='ltr'>revelati0,</span> <span class='ocrx_word' id='word_1_166' title='bbox 1243 2031 1280 2091; x_wconf 93' lang='lat' dir='ltr'>ut</span> <span class='ocrx_word' id='word_1_167' title='bbox 1299 2030 1425 2112; x_wconf 90' lang='lat' dir='ltr'>Moyses</span> <span class='ocrx_word' id='word_1_168' title='bbox 1443 2023 1506 2090; x_wconf 88' lang='lat' dir='ltr'>ad-</span> 
     </span>
     <span class='ocr_line' id='line_1_18' title="bbox 189 2132 1504 2222; baseline 0 -24"><span class='ocrx_word' id='word_1_169' title='bbox 189 2133 257 2199; x_wconf 89' lang='lat' dir='ltr'>huc</span> <span class='ocrx_word' id='word_1_170' title='bbox 275 2133 391 2199; x_wconf 87' lang='lat' dir='ltr'>vivens</span> <span class='ocrx_word' id='word_1_171' title='bbox 412 2154 509 2198; x_wconf 92' lang='lat' dir='ltr'>suam</span> <span class='ocrx_word' id='word_1_172' title='bbox 533 2137 679 2198; x_wconf 90' lang='lat' dir='ltr'>mortem</span> <span class='ocrx_word' id='word_1_173' title='bbox 702 2139 735 2198; x_wconf 91' lang='lat' dir='ltr'>et</span> <span class='ocrx_word' id='word_1_174' title='bbox 751 2132 961 2220; x_wconf 89' lang='lat' dir='ltr'>sepulturam</span> <span class='ocrx_word' id='word_1_175' title='bbox 991 2154 1069 2199; x_wconf 88' lang='lat' dir='ltr'>vere</span> <span class='ocrx_word' id='word_1_176' title='bbox 1094 2132 1322 2222; x_wconf 89' lang='lat' dir='ltr'>descripserit.</span> <span class='ocrx_word' id='word_1_177' title='bbox 1353 2158 1369 2191; x_wconf 89' lang='lat'>«</span> <span class='ocrx_word' id='word_1_178' title='bbox 1397 2136 1504 2208; x_wconf 85' lang='lat' dir='ltr'>Quam</span> 
     </span>
     <span class='ocr_line' id='line_1_19' title="bbox 189 2237 1505 2328; baseline -0.002 -23"><span class='ocrx_word' id='word_1_179' title='bbox 189 2244 318 2305; x_wconf 88' lang='lat' dir='ltr'>certum</span> <span class='ocrx_word' id='word_1_180' title='bbox 334 2243 385 2305; x_wconf 92' lang='lat' dir='ltr'>est</span> <span class='ocrx_word' id='word_1_181' title='bbox 400 2238 453 2305; x_wconf 88' lang='lat' dir='ltr'>vel</span> <span class='ocrx_word' id='word_1_182' title='bbox 466 2238 657 2327; x_wconf 86' lang='lat' dir='ltr'>probabile,</span> <span class='ocrx_word' id='word_1_183' title='bbox 676 2237 875 2327; x_wconf 90' lang='lat' dir='ltr'>quempiam</span> <span class='ocrx_word' id='word_1_184' title='bbox 890 2237 1097 2327; x_wconf 86' lang='lat' dir='ltr'>scriptorum</span> <span class='ocrx_word' id='word_1_185' title='bbox 1111 2237 1240 2304; x_wconf 90' lang='lat' dir='ltr'>librum</span> <span class='ocrx_word' id='word_1_186' title='bbox 1255 2238 1406 2328; x_wconf 86' lang='lat' dir='ltr'>aliquem</span> <span class='ocrx_word' id='word_1_187' title='bbox 1427 2259 1505 2305; x_wconf 91' lang='lat' dir='ltr'>con-</span> 
     </span>
     <span class='ocr_line' id='line_1_20' title="bbox 188 2334 1501 2435; baseline -0.002 -24"><span class='ocrx_word' id='word_1_188' title='bbox 188 2345 378 2435; x_wconf 84' lang='lat' dir='ltr'>scripsisse,</span> <span class='ocrx_word' id='word_1_189' title='bbox 395 2349 465 2410; x_wconf 89' lang='lat' dir='ltr'>tam</span> <span class='ocrx_word' id='word_1_190' title='bbox 485 2351 616 2412; x_wconf 87' lang='lat' dir='ltr'>certum</span> <span class='ocrx_word' id='word_1_191' title='bbox 637 2334 737 2411; x_wconf 88' lang='lat' dir='ltr'>estet</span> <span class='ocrx_word' id='word_1_192' title='bbox 756 2343 954 2433; x_wconf 89' lang='lat' dir='ltr'>probabile,</span> <span class='ocrx_word' id='word_1_193' title='bbox 973 2366 1054 2410; x_wconf 93' lang='lat' dir='ltr'>eum</span> <span class='ocrx_word' id='word_1_194' title='bbox 1075 2345 1158 2411; x_wconf 91' lang='lat' dir='ltr'>dum</span> <span class='ocrx_word' id='word_1_195' title='bbox 1174 2346 1303 2411; x_wconf 88' lang='lat' dir='ltr'>viveret</span> <span class='ocrx_word' id='word_1_196' title='bbox 1317 2343 1353 2409; x_wconf 92' lang='lat' dir='ltr'>id</span> <span class='ocrx_word' id='word_1_197' title='bbox 1369 2344 1501 2423; x_wconf 81' lang='lat' dir='ltr'>iecisse,</span> 
     </span>
     <span class='ocr_line' id='line_1_21' title="bbox 188 2450 1505 2540; baseline -0.002 -22"><span class='ocrx_word' id='word_1_198' title='bbox 188 2457 225 2518; x_wconf 93' lang='lat' dir='ltr'>ut</span> <span class='ocrx_word' id='word_1_199' title='bbox 239 2473 278 2519; x_wconf 89' lang='lat' dir='ltr'>ex</span> <span class='ocrx_word' id='word_1_200' title='bbox 292 2474 326 2518; x_wconf 92' lang='lat' dir='ltr'>se</span> <span class='ocrx_word' id='word_1_201' title='bbox 341 2450 560 2540; x_wconf 91' lang='lat' dir='ltr'>perspicuum</span> <span class='ocrx_word' id='word_1_202' title='bbox 575 2456 635 2517; x_wconf 90' lang='lat' dir='ltr'>est.</span> <span class='ocrx_word' id='word_1_203' title='bbox 655 2451 750 2518; x_wconf 90' lang='lat' dir='ltr'>Unde</span> <span class='ocrx_word' id='word_1_204' title='bbox 764 2452 791 2516; x_wconf 90' lang='lat' dir='ltr'>si</span> <span class='ocrx_word' id='word_1_205' title='bbox 808 2472 878 2539; x_wconf 89' lang='lat' dir='ltr'>qua</span> <span class='ocrx_word' id='word_1_206' title='bbox 895 2450 974 2516; x_wconf 91' lang='lat' dir='ltr'>libri</span> <span class='ocrx_word' id='word_1_207' title='bbox 995 2473 1075 2540; x_wconf 90' lang='lat' dir='ltr'>pars</span> <span class='ocrx_word' id='word_1_208' title='bbox 1088 2452 1162 2540; x_wconf 92' lang='lat' dir='ltr'>ipso</span> <span class='ocrx_word' id='word_1_209' title='bbox 1183 2453 1316 2517; x_wconf 89' lang='lat' dir='ltr'>vivente</span> <span class='ocrx_word' id='word_1_210' title='bbox 1334 2450 1505 2517; x_wconf 87' lang='lat' dir='ltr'>conscribi</span> 
     </span>
     <span class='ocr_line' id='line_1_22' title="bbox 187 2557 1503 2647; baseline -0.001 -23"><span class='ocrx_word' id='word_1_211' title='bbox 187 2579 258 2624; x_wconf 90' lang='lat' dir='ltr'>nou</span> <span class='ocrx_word' id='word_1_212' title='bbox 277 2557 404 2647; x_wconf 88' lang='lat' dir='ltr'>potuit,</span> <span class='ocrx_word' id='word_1_213' title='bbox 422 2557 616 2625; x_wconf 91' lang='lat' dir='ltr'>cuiusmodi</span> <span class='ocrx_word' id='word_1_214' title='bbox 631 2558 797 2623; x_wconf 89' lang='lat' dir='ltr'>nonnulla</span> <span class='ocrx_word' id='word_1_215' title='bbox 810 2564 994 2623; x_wconf 90' lang='lat' dir='ltr'>occurrunt</span> <span class='ocrx_word' id='word_1_216' title='bbox 1008 2557 1045 2623; x_wconf 91' lang='lat' dir='ltr'>in</span> <span class='ocrx_word' id='word_1_217' title='bbox 1068 2557 1275 2646; x_wconf 88' lang='lat' dir='ltr'>quibusdam</span> <span class='ocrx_word' id='word_1_218' title='bbox 1296 2557 1404 2639; x_wconf 79' lang='lat' dir='ltr'>libris,</span> <span class='ocrx_word' id='word_1_219' title='bbox 1424 2579 1503 2646; x_wconf 88' lang='lat' dir='ltr'>per-</span> 
     </span>
     <span class='ocr_line' id='line_1_23' title="bbox 188 2651 1503 2752; baseline -0.002 -23"><span class='ocrx_word' id='word_1_220' title='bbox 188 2663 303 2752; x_wconf 87' lang='lat' dir='ltr'>s&#39;picue</span> <span class='ocrx_word' id='word_1_221' title='bbox 323 2651 540 2731; x_wconf 84' lang='lat' dir='ltr'>asserendum</span> <span class='ocrx_word' id='word_1_222' title='bbox 561 2669 626 2739; x_wconf 91' lang='lat' dir='ltr'>est,</span> <span class='ocrx_word' id='word_1_223' title='bbox 644 2664 717 2728; x_wconf 90' lang='lat' dir='ltr'>eius</span> <span class='ocrx_word' id='word_1_224' title='bbox 741 2663 889 2728; x_wconf 90' lang='lat' dir='ltr'>auctoris</span> <span class='ocrx_word' id='word_1_225' title='bbox 910 2669 1043 2751; x_wconf 89' lang='lat' dir='ltr'>partem</span> <span class='ocrx_word' id='word_1_226' title='bbox 1070 2663 1167 2728; x_wconf 87' lang='lat' dir='ltr'>illam</span> <span class='ocrx_word' id='word_1_227' title='bbox 1188 2686 1256 2728; x_wconf 89' lang='lat' dir='ltr'>non</span> <span class='ocrx_word' id='word_1_228' title='bbox 1273 2686 1361 2744; x_wconf 87' lang='lat' dir='ltr'>esse,</span> <span class='ocrx_word' id='word_1_229' title='bbox 1383 2662 1443 2728; x_wconf 91' lang='lat' dir='ltr'>sed</span> <span class='ocrx_word' id='word_1_230' title='bbox 1459 2662 1503 2728; x_wconf 92' lang='lat' dir='ltr'>ab</span> 
     </span>
     <span class='ocr_line' id='line_1_24' title="bbox 188 2768 1503 2859; baseline -0.003 -22"><span class='ocrx_word' id='word_1_231' title='bbox 188 2769 297 2837; x_wconf 88' lang='lat' dir='ltr'>altero</span> <span class='ocrx_word' id='word_1_232' title='bbox 311 2770 476 2859; x_wconf 87' lang='lat' dir='ltr'>scriptore</span> <span class='ocrx_word' id='word_1_233' title='bbox 490 2770 733 2858; x_wconf 77' lang='lat' dir='ltr'>hagiographo</span> <span class='ocrx_word' id='word_1_234' title='bbox 747 2768 915 2849; x_wconf 88' lang='lat' dir='ltr'>additam,</span> <span class='ocrx_word' id='word_1_235' title='bbox 928 2769 999 2835; x_wconf 87' lang='lat' dir='ltr'>sive</span> <span class='ocrx_word' id='word_1_236' title='bbox 1014 2769 1258 2859; x_wconf 90' lang='lat' dir='ltr'>complementi</span> <span class='ocrx_word' id='word_1_237' title='bbox 1273 2775 1307 2834; x_wconf 92' lang='lat' dir='ltr'>et</span> <span class='ocrx_word' id='word_1_238' title='bbox 1320 2768 1503 2858; x_wconf 84' lang='lat' dir='ltr'>perfeetio-</span> 
     </span>
     <span class='ocr_line' id='line_1_25' title="bbox 187 2873 1503 2965; baseline -0.002 -22"><span class='ocrx_word' id='word_1_239' title='bbox 187 2877 240 2943; x_wconf 88' lang='lat' dir='ltr'>nis</span> <span class='ocrx_word' id='word_1_240' title='bbox 254 2876 358 2944; x_wconf 87' lang='lat' dir='ltr'>totius</span> <span class='ocrx_word' id='word_1_241' title='bbox 372 2879 484 2965; x_wconf 92' lang='lat' dir='ltr'>operis</span> <span class='ocrx_word' id='word_1_242' title='bbox 499 2878 627 2962; x_wconf 83' lang='lat' dir='ltr'>gratia,</span> <span class='ocrx_word' id='word_1_243' title='bbox 645 2878 714 2942; x_wconf 89' lang='lat' dir='ltr'>sive</span> <span class='ocrx_word' id='word_1_244' title='bbox 731 2876 835 2942; x_wconf 87' lang='lat' dir='ltr'>aliam</span> <span class='ocrx_word' id='word_1_245' title='bbox 850 2876 894 2942; x_wconf 91' lang='lat' dir='ltr'>ob</span> <span class='ocrx_word' id='word_1_246' title='bbox 908 2897 1045 2942; x_wconf 89' lang='lat' dir='ltr'>causam</span> <span class='ocrx_word' id='word_1_247' title='bbox 1064 2903 1079 2936; x_wconf 81' lang='lat' dir='ltr'>&gt;r</span> <span class='ocrx_word' id='word_1_248' title='bbox 1101 2875 1233 2964; x_wconf 77' lang='lat' dir='ltr'>(Bonsr.</span> <span class='ocrx_word' id='word_1_249' title='bbox 1251 2875 1288 2941; x_wconf 91' lang='lat' dir='ltr'>in</span> <span class='ocrx_word' id='word_1_250' title='bbox 1308 2873 1503 2965; x_wconf 78' lang='lat' dir='ltr'>Appendiee</span> 
     </span>
     <span class='ocr_line' id='line_1_26' title="bbox 187 2981 1502 3073; baseline -0.002 -24"><span class='ocrx_word' id='word_1_251' title='bbox 187 2983 229 3049; x_wconf 91' lang='lat' dir='ltr'>ad</span> <span class='ocrx_word' id='word_1_252' title='bbox 245 3006 318 3073; x_wconf 87' lang='lat' dir='ltr'>cap.</span> <span class='ocrx_word' id='word_1_253' title='bbox 338 2988 391 3049; x_wconf 78' lang='lat' dir='ltr'>l&#39;ll</span> <span class='ocrx_word' id='word_1_254' title='bbox 406 2983 703 3072; x_wconf 87' lang='lat' dir='ltr'>Praeloquiorum,</span> <span class='ocrx_word' id='word_1_255' title='bbox 723 2986 809 3048; x_wconf 86' lang='lat' dir='ltr'>Sect.</span> <span class='ocrx_word' id='word_1_256' title='bbox 833 2984 883 3070; x_wconf 82' lang='lat' dir='ltr'>V).</span> <span class='ocrx_word' id='word_1_257' title='bbox 903 2986 1095 3048; x_wconf 83' lang='lat' dir='ltr'>Extremam</span> <span class='ocrx_word' id='word_1_258' title='bbox 1111 2981 1219 3069; x_wconf 84' lang='lat' dir='ltr'>igitur</span> <span class='ocrx_word' id='word_1_259' title='bbox 1238 2987 1332 3048; x_wconf 86' lang='lat' dir='ltr'>Deut.</span> <span class='ocrx_word' id='word_1_260' title='bbox 1356 2987 1397 3048; x_wconf 81' lang='lat' dir='ltr'>3i</span> <span class='ocrx_word' id='word_1_261' title='bbox 1422 3002 1502 3070; x_wconf 91' lang='lat' dir='ltr'>par-</span> 
     </span>
     <span class='ocr_line' id='line_1_27' title="bbox 186 3087 1500 3180; baseline -0.002 -24"><span class='ocrx_word' id='word_1_262' title='bbox 186 3095 256 3156; x_wconf 90' lang='lat' dir='ltr'>tem</span> <span class='ocrx_word' id='word_1_263' title='bbox 270 3090 324 3156; x_wconf 79' lang='lat' dir='ltr'>vir</span> <span class='ocrx_word' id='word_1_264' title='bbox 346 3089 528 3180; x_wconf 88' lang='lat' dir='ltr'>quisquam</span> <span class='ocrx_word' id='word_1_265' title='bbox 549 3090 650 3177; x_wconf 92' lang='lat' dir='ltr'>Moysi</span> <span class='ocrx_word' id='word_1_266' title='bbox 673 3087 847 3170; x_wconf 89' lang='lat' dir='ltr'>coneedit;</span> <span class='ocrx_word' id='word_1_267' title='bbox 865 3094 974 3156; x_wconf 86' lang='lat' dir='ltr'>totum</span> <span class='ocrx_word' id='word_1_268' title='bbox 996 3112 1070 3178; x_wconf 88' lang='lat' dir='ltr'>cap.</span> <span class='ocrx_word' id='word_1_269' title='bbox 1090 3094 1131 3155; x_wconf 69' lang='lat'>3&#39;4</span> <span class='ocrx_word' id='word_1_270' title='bbox 1156 3089 1186 3154; x_wconf 91' lang='lat' dir='ltr'>ei</span> <span class='ocrx_word' id='word_1_271' title='bbox 1205 3089 1381 3175; x_wconf 84' lang='lat' dir='ltr'>denegant</span> <span class='ocrx_word' id='word_1_272' title='bbox 1401 3090 1500 3170; x_wconf 71' lang='lat' dir='ltr'>Tora,</span> 
     </span>
     <span class='ocr_line' id='line_1_28' title="bbox 187 3194 1498 3286; baseline -0.001 -24"><span class='ocrx_word' id='word_1_273' title='bbox 187 3198 319 3284; x_wconf 69' lang='lat' dir='ltr'>Bessa,</span> <span class='ocrx_word' id='word_1_274' title='bbox 333 3200 430 3286; x_wconf 75' lang='lat' dir='ltr'>lap,</span> <span class='ocrx_word' id='word_1_275' title='bbox 447 3195 565 3279; x_wconf 78' lang='lat' dir='ltr'>Gord,</span> <span class='ocrx_word' id='word_1_276' title='bbox 583 3195 689 3263; x_wconf 78' lang='lat' dir='ltr'>Calue.</span> <span class='ocrx_word' id='word_1_277' title='bbox 704 3196 852 3280; x_wconf 83' lang='lat' dir='ltr'>Longius</span> <span class='ocrx_word' id='word_1_278' title='bbox 863 3194 1052 3284; x_wconf 87' lang='lat' dir='ltr'>procedunt</span> <span class='ocrx_word' id='word_1_279' title='bbox 1064 3198 1155 3261; x_wconf 73' lang='lat' dir='ltr'>Iuris.</span> <span class='ocrx_word' id='word_1_280' title='bbox 1170 3196 1347 3282; x_wconf 77' lang='lat' dir='ltr'>(Praelatio</span> <span class='ocrx_word' id='word_1_281' title='bbox 1358 3195 1395 3261; x_wconf 93' lang='lat' dir='ltr'>in</span> <span class='ocrx_word' id='word_1_282' title='bbox 1407 3198 1498 3262; x_wconf 91' lang='lat' dir='ltr'>Pent.</span> 
     </span>
     <span class='ocr_line' id='line_1_29' title="bbox 185 3300 1501 3393; baseline -0.002 -23"><span class='ocrx_word' id='word_1_283' title='bbox 185 3326 219 3393; x_wconf 89' lang='lat' dir='ltr'>p.</span> <span class='ocrx_word' id='word_1_284' title='bbox 238 3304 272 3392; x_wconf 78' lang='lat'>2)</span> <span class='ocrx_word' id='word_1_285' title='bbox 291 3324 298 3370; x_wconf 94' lang='lat'><strong>:</strong></span> <span class='ocrx_word' id='word_1_286' title='bbox 320 3331 335 3363; x_wconf 75' lang='grc' dir='ltr'><strong>α</strong></span> <span class='ocrx_word' id='word_1_287' title='bbox 353 3309 424 3369; x_wconf 92' lang='lat' dir='ltr'>Non</span> <span class='ocrx_word' id='word_1_288' title='bbox 437 3304 485 3370; x_wconf 91' lang='lat' dir='ltr'>sic</span> <span class='ocrx_word' id='word_1_289' title='bbox 498 3310 616 3368; x_wconf 89' lang='lat' dir='ltr'>tamen</span> <span class='ocrx_word' id='word_1_290' title='bbox 631 3325 651 3369; x_wconf 89' lang='lat' dir='ltr'>a</span> <span class='ocrx_word' id='word_1_291' title='bbox 666 3308 774 3389; x_wconf 88' lang='lat' dir='ltr'>Moyse</span> <span class='ocrx_word' id='word_1_292' title='bbox 789 3301 907 3391; x_wconf 91' lang='lat' dir='ltr'>scripti</span> <span class='ocrx_word' id='word_1_293' title='bbox 920 3306 999 3369; x_wconf 90' lang='lat' dir='ltr'>sunt</span> <span class='ocrx_word' id='word_1_294' title='bbox 1017 3302 1098 3367; x_wconf 93' lang='lat' dir='ltr'>»illi</span> <span class='ocrx_word' id='word_1_295' title='bbox 1114 3301 1368 3391; x_wconf 88' lang='lat' dir='ltr'>quinquelibri,</span> <span class='ocrx_word' id='word_1_296' title='bbox 1386 3329 1401 3361; x_wconf 74' lang='grc' dir='ltr'>ι(</span> <span class='ocrx_word' id='word_1_297' title='bbox 1417 3300 1501 3390; x_wconf 93' lang='lat' dir='ltr'>quiu</span> 
     </span>
     <span class='ocr_line' id='line_1_30' title="bbox 184 3407 1503 3500; baseline -0.003 -24"><span class='ocrx_word' id='word_1_298' title='bbox 184 3409 324 3498; x_wconf 88' lang='lat' dir='ltr'>aliquae</span> <span class='ocrx_word' id='word_1_299' title='bbox 346 3416 497 3500; x_wconf 86' lang='lat' dir='ltr'>partesa</span> <span class='ocrx_word' id='word_1_300' title='bbox 520 3408 698 3475; x_wconf 86' lang='lat' dir='ltr'>nonnullis</span> <span class='ocrx_word' id='word_1_301' title='bbox 722 3407 860 3474; x_wconf 87' lang='lat' dir='ltr'>additae</span> <span class='ocrx_word' id='word_1_302' title='bbox 885 3407 955 3475; x_wconf 91' lang='lat' dir='ltr'>dici</span> <span class='ocrx_word' id='word_1_303' title='bbox 980 3410 1127 3497; x_wconf 90' lang='lat' dir='ltr'>possint,</span> <span class='ocrx_word' id='word_1_304' title='bbox 1152 3416 1190 3474; x_wconf 90' lang='lat' dir='ltr'>ut</span> <span class='ocrx_word' id='word_1_305' title='bbox 1214 3430 1306 3473; x_wconf 93' lang='lat' dir='ltr'>mors</span> <span class='ocrx_word' id='word_1_306' title='bbox 1326 3409 1445 3493; x_wconf 86' lang='lat' dir='ltr'>Moysis</span> <span class='ocrx_word' id='word_1_307' title='bbox 1469 3412 1503 3472; x_wconf 94' lang='lat' dir='ltr'>et</span> 
     </span>
     <span class='ocr_line' id='line_1_31' title="bbox 184 3514 1500 3604; baseline -0.002 -22"><span class='ocrx_word' id='word_1_308' title='bbox 184 3537 311 3582; x_wconf 91' lang='lat' dir='ltr'>nomen</span> <span class='ocrx_word' id='word_1_309' title='bbox 322 3521 392 3582; x_wconf 86' lang='lat' dir='ltr'>Dan</span> <span class='ocrx_word' id='word_1_310' title='bbox 407 3519 487 3583; x_wconf 90' lang='lat' dir='ltr'>Gen.</span> <span class='ocrx_word' id='word_1_311' title='bbox 508 3521 547 3582; x_wconf 81' lang='lat' dir='ltr'>1t</span> <span class='ocrx_word' id='word_1_312' title='bbox 564 3520 598 3581; x_wconf 86' lang='lat' dir='ltr'>et</span> <span class='ocrx_word' id='word_1_313' title='bbox 612 3515 782 3604; x_wconf 89' lang='lat' dir='ltr'>quaedam</span> <span class='ocrx_word' id='word_1_314' title='bbox 798 3514 865 3580; x_wconf 87' lang='lat' dir='ltr'>alia</span> <span class='ocrx_word' id='word_1_315' title='bbox 884 3542 914 3582; x_wconf 76' lang='lat' dir='ltr'>r.</span> <span class='ocrx_word' id='word_1_316' title='bbox 934 3519 972 3580; x_wconf 87' lang='lat' dir='ltr'>Et</span> <span class='ocrx_word' id='word_1_317' title='bbox 991 3517 1017 3579; x_wconf 87' lang='lat' dir='ltr'><em>T</em></span> <span class='ocrx_word' id='word_1_318' title='bbox 1017 3514 1058 3580; x_wconf 82' lang='lat' dir='ltr'>ir.</span> <span class='ocrx_word' id='word_1_319' title='bbox 1081 3537 1087 3583; x_wconf 94' lang='lat'><strong>:</strong></span> <span class='ocrx_word' id='word_1_320' title='bbox 1110 3543 1126 3574; x_wconf 69' lang='lat'>&lt;1</span> <span class='ocrx_word' id='word_1_321' title='bbox 1149 3519 1268 3580; x_wconf 85' lang='lat' dir='ltr'>Totum</span> <span class='ocrx_word' id='word_1_322' title='bbox 1283 3514 1349 3580; x_wconf 90' lang='lat' dir='ltr'>hoc</span> <span class='ocrx_word' id='word_1_323' title='bbox 1364 3518 1468 3603; x_wconf 87' lang='lat' dir='ltr'>eaput</span> <span class='ocrx_word' id='word_1_324' title='bbox 1484 3541 1500 3574; x_wconf 89' lang='lat'>»</span> 
     </span>
     <span class='ocr_line' id='line_1_32' title="bbox 186 3612 1500 3712; baseline 0.001 -26"><span class='ocrx_word' id='word_1_325' title='bbox 186 3620 296 3710; x_wconf 82' lang='lat' dir='ltr'>(lleut.</span> <span class='ocrx_word' id='word_1_326' title='bbox 316 3622 372 3708; x_wconf 70' lang='lat' dir='ltr'>tlt)</span> <span class='ocrx_word' id='word_1_327' title='bbox 394 3650 409 3682; x_wconf 72' lang='grc' dir='ltr'>ι(</span> <span class='ocrx_word' id='word_1_328' title='bbox 432 3627 465 3688; x_wconf 93' lang='lat' dir='ltr'>et</span> <span class='ocrx_word' id='word_1_329' title='bbox 486 3622 587 3712; x_wconf 90' lang='lat' dir='ltr'>plura</span> <span class='ocrx_word' id='word_1_330' title='bbox 606 3612 742 3711; x_wconf 79' lang='lat' dir='ltr'>quoqu&#39;e</span> <span class='ocrx_word' id='word_1_331' title='bbox 760 3621 828 3688; x_wconf 89' lang='lat' dir='ltr'>alia</span> <span class='ocrx_word' id='word_1_332' title='bbox 846 3622 923 3687; x_wconf 90' lang='lat' dir='ltr'>loca</span> <span class='ocrx_word' id='word_1_333' title='bbox 944 3621 988 3686; x_wconf 92' lang='lat' dir='ltr'>ab</span> <span class='ocrx_word' id='word_1_334' title='bbox 1012 3621 1133 3687; x_wconf 90' lang='lat' dir='ltr'>eodem</span> <span class='ocrx_word' id='word_1_335' title='bbox 1152 3624 1245 3687; x_wconf 84' lang='lat' dir='ltr'>losse</span> <span class='ocrx_word' id='word_1_336' title='bbox 1265 3621 1345 3687; x_wconf 89' lang='lat' dir='ltr'>hinc</span> <span class='ocrx_word' id='word_1_337' title='bbox 1363 3620 1446 3688; x_wconf 92' lang='lat' dir='ltr'>inde</span> <span class='ocrx_word' id='word_1_338' title='bbox 1462 3621 1500 3687; x_wconf 90' lang='lat' dir='ltr'>in</span> 
     </span>
     <span class='ocr_line' id='line_1_33' title="bbox 183 3727 1499 3818; baseline 0.002 -25"><span class='ocrx_word' id='word_1_339' title='bbox 183 3728 428 3817; x_wconf 89' lang='lat' dir='ltr'>pentateucho,</span> <span class='ocrx_word' id='word_1_340' title='bbox 446 3728 591 3794; x_wconf 81' lang='lat' dir='ltr'>maxime</span> <span class='ocrx_word' id='word_1_341' title='bbox 610 3727 669 3793; x_wconf 94' lang='lat' dir='ltr'>ubi</span> <span class='ocrx_word' id='word_1_342' title='bbox 688 3733 814 3815; x_wconf 91' lang='lat' dir='ltr'>Moyses</span> <span class='ocrx_word' id='word_1_343' title='bbox 831 3728 935 3793; x_wconf 83' lang='lat' dir='ltr'>effuse</span> <span class='ocrx_word' id='word_1_344' title='bbox 956 3727 1129 3810; x_wconf 87' lang='lat' dir='ltr'>laudatur,</span> <span class='ocrx_word' id='word_1_345' title='bbox 1153 3728 1281 3795; x_wconf 87' lang='lat' dir='ltr'>inserta</span> <span class='ocrx_word' id='word_1_346' title='bbox 1302 3729 1402 3795; x_wconf 84' lang='lat' dir='ltr'>tuisse</span> <span class='ocrx_word' id='word_1_347' title='bbox 1421 3729 1499 3818; x_wconf 93' lang='lat' dir='ltr'>plu-</span> 
     </span>
     <span class='ocr_line' id='line_1_34' title="bbox 183 3833 1500 3923; baseline 0.002 -24"><span class='ocrx_word' id='word_1_348' title='bbox 183 3833 350 3899; x_wconf 89' lang='lat' dir='ltr'>rimorum</span> <span class='ocrx_word' id='word_1_349' title='bbox 370 3838 419 3899; x_wconf 92' lang='lat' dir='ltr'>est</span> <span class='ocrx_word' id='word_1_350' title='bbox 436 3834 568 3923; x_wconf 90' lang='lat' dir='ltr'>opinio,</span> <span class='ocrx_word' id='word_1_351' title='bbox 586 3835 678 3923; x_wconf 91' lang='lat' dir='ltr'>quod</span> <span class='ocrx_word' id='word_1_352' title='bbox 698 3840 876 3914; x_wconf 87' lang='lat' dir='ltr'>censeant,</span> <span class='ocrx_word' id='word_1_353' title='bbox 895 3835 1006 3900; x_wconf 90' lang='lat' dir='ltr'>virum</span> <span class='ocrx_word' id='word_1_354' title='bbox 1025 3841 1094 3900; x_wconf 89' lang='lat' dir='ltr'>tam</span> <span class='ocrx_word' id='word_1_355' title='bbox 1114 3835 1306 3901; x_wconf 90' lang='lat' dir='ltr'>modestum</span> <span class='ocrx_word' id='word_1_356' title='bbox 1327 3837 1364 3901; x_wconf 93' lang='lat' dir='ltr'>in</span> <span class='ocrx_word' id='word_1_357' title='bbox 1381 3835 1500 3903; x_wconf 90' lang='lat' dir='ltr'>laudes</span> 
     </span>
     <span class='ocr_line' id='line_1_35' title="bbox 124 3940 1499 4030; baseline 0.004 -25"><span class='ocrx_word' id='word_1_358' title='bbox 124 3979 130 3989; x_wconf 56' lang='grc' dir='ltr'><em>ι</em></span> <span class='ocrx_word' id='word_1_359' title='bbox 183 3940 341 4029; x_wconf 88' lang='lat' dir='ltr'>proprias</span> <span class='ocrx_word' id='word_1_360' title='bbox 354 3962 530 4030; x_wconf 89' lang='lat' dir='ltr'>nunquam</span> <span class='ocrx_word' id='word_1_361' title='bbox 549 3944 617 4006; x_wconf 90' lang='lat' dir='ltr'>tam</span> <span class='ocrx_word' id='word_1_362' title='bbox 635 3941 750 4030; x_wconf 92' lang='lat' dir='ltr'>ample</span> <span class='ocrx_word' id='word_1_363' title='bbox 767 3963 989 4006; x_wconf 78' lang='lat' dir='ltr'>excursorum</span> <span class='ocrx_word' id='word_1_364' title='bbox 1008 3969 1037 4008; x_wconf 85' lang='lat'>».</span> <span class='ocrx_word' id='word_1_365' title='bbox 1057 3947 1128 4007; x_wconf 87' lang='lat' dir='ltr'>Mon</span> <span class='ocrx_word' id='word_1_366' title='bbox 1146 3942 1330 4009; x_wconf 90' lang='lat' dir='ltr'>censebant</span> <span class='ocrx_word' id='word_1_367' title='bbox 1344 3942 1381 4008; x_wconf 91' lang='lat' dir='ltr'>hi</span> <span class='ocrx_word' id='word_1_368' title='bbox 1394 3941 1499 4010; x_wconf 91' lang='lat' dir='ltr'>inter-</span> 
     </span>
     <span class='ocr_line' id='line_1_36' title="bbox 181 4046 1498 4138; baseline 0.004 -26"><span class='ocrx_word' id='word_1_369' title='bbox 181 4052 297 4135; x_wconf 89' lang='lat' dir='ltr'>pretes</span> <span class='ocrx_word' id='word_1_370' title='bbox 316 4046 431 4114; x_wconf 90' lang='lat' dir='ltr'>omnia</span> <span class='ocrx_word' id='word_1_371' title='bbox 452 4046 624 4114; x_wconf 90' lang='lat' dir='ltr'>mordicus</span> <span class='ocrx_word' id='word_1_372' title='bbox 647 4046 708 4112; x_wconf 91' lang='lat' dir='ltr'>uni</span> <span class='ocrx_word' id='word_1_373' title='bbox 729 4047 831 4134; x_wconf 92' lang='lat' dir='ltr'>Moysi</span> <span class='ocrx_word' id='word_1_374' title='bbox 853 4069 924 4114; x_wconf 83' lang='lat' dir='ltr'>esse</span> <span class='ocrx_word' id='word_1_375' title='bbox 945 4047 1140 4115; x_wconf 87' lang='lat' dir='ltr'>tribuenda.</span> <span class='ocrx_word' id='word_1_376' title='bbox 1163 4050 1287 4138; x_wconf 84' lang='lat' dir='ltr'>Aliqua</span> <span class='ocrx_word' id='word_1_377' title='bbox 1308 4049 1372 4137; x_wconf 90' lang='lat' dir='ltr'>ipsi</span> <span class='ocrx_word' id='word_1_378' title='bbox 1392 4051 1498 4117; x_wconf 90' lang='lat' dir='ltr'>veluti</span> 
     </span>
     <span class='ocr_line' id='line_1_37' title="bbox 182 4152 1497 4244; baseline 0.005 -26"><span class='ocrx_word' id='word_1_379' title='bbox 182 4152 300 4239; x_wconf 79' lang='lat' dir='ltr'>digitis</span> <span class='ocrx_word' id='word_1_380' title='bbox 327 4153 622 4233; x_wconf 88' lang='lat' dir='ltr'>demonstrabant,</span> <span class='ocrx_word' id='word_1_381' title='bbox 651 4175 739 4241; x_wconf 91' lang='lat' dir='ltr'>quae</span> <span class='ocrx_word' id='word_1_382' title='bbox 770 4154 941 4221; x_wconf 88' lang='lat' dir='ltr'>adieetitia</span> <span class='ocrx_word' id='word_1_383' title='bbox 968 4178 1038 4222; x_wconf 89' lang='lat' dir='ltr'>esse</span> <span class='ocrx_word' id='word_1_384' title='bbox 1067 4156 1132 4244; x_wconf 91' lang='lat' dir='ltr'>ipsi</span> <span class='ocrx_word' id='word_1_385' title='bbox 1158 4156 1427 4244; x_wconf 85' lang='lat' dir='ltr'>pronuntiabant</span> <span class='ocrx_word' id='word_1_386' title='bbox 1453 4158 1497 4224; x_wconf 92' lang='lat' dir='ltr'>ob</span> 
     </span>
     <span class='ocr_line' id='line_1_38' title="bbox 182 4258 1497 4351; baseline 0.004 -27"><span class='ocrx_word' id='word_1_387' title='bbox 182 4259 331 4326; x_wconf 90' lang='lat' dir='ltr'>rationes</span> <span class='ocrx_word' id='word_1_388' title='bbox 342 4258 420 4349; x_wconf 86' lang='lat' dir='ltr'>plu&#39;s</span> <span class='ocrx_word' id='word_1_389' title='bbox 431 4261 584 4328; x_wconf 89' lang='lat' dir='ltr'>minusve</span> <span class='ocrx_word' id='word_1_390' title='bbox 595 4265 714 4326; x_wconf 88' lang='lat' dir='ltr'>certas.</span> <span class='ocrx_word' id='word_1_391' title='bbox 728 4263 888 4327; x_wconf 84' lang='lat' dir='ltr'>Rationes</span> <span class='ocrx_word' id='word_1_392' title='bbox 900 4262 1135 4351; x_wconf 87' lang='lat' dir='ltr'>criticaeipsos</span> <span class='ocrx_word' id='word_1_393' title='bbox 1145 4264 1214 4328; x_wconf 86' lang='lat' dir='ltr'>lere</span> <span class='ocrx_word' id='word_1_394' title='bbox 1226 4264 1416 4349; x_wconf 79' lang='lat' dir='ltr'>fugiebant.</span> <span class='ocrx_word' id='word_1_395' title='bbox 1431 4265 1497 4330; x_wconf 85' lang='lat' dir='ltr'>Sed</span> 
     </span>
     <span class='ocr_line' id='line_1_39' title="bbox 180 4364 1495 4455; baseline 0.003 -24"><span class='ocrx_word' id='word_1_396' title='bbox 180 4364 230 4431; x_wconf 90' lang='lat' dir='ltr'>ita</span> <span class='ocrx_word' id='word_1_397' title='bbox 249 4372 346 4432; x_wconf 91' lang='lat' dir='ltr'>erant</span> <span class='ocrx_word' id='word_1_398' title='bbox 365 4366 518 4455; x_wconf 90' lang='lat' dir='ltr'>dispositi</span> <span class='ocrx_word' id='word_1_399' title='bbox 533 4365 670 4447; x_wconf 88' lang='lat' dir='ltr'>animis,</span> <span class='ocrx_word' id='word_1_400' title='bbox 691 4373 729 4433; x_wconf 90' lang='lat' dir='ltr'>ut</span> <span class='ocrx_word' id='word_1_401' title='bbox 748 4366 900 4433; x_wconf 88' lang='lat' dir='ltr'>libenter</span> <span class='ocrx_word' id='word_1_402' title='bbox 920 4375 1030 4433; x_wconf 90' lang='lat' dir='ltr'>essent</span> <span class='ocrx_word' id='word_1_403' title='bbox 1049 4367 1229 4434; x_wconf 89' lang='lat' dir='ltr'>adiectitiis</span> <span class='ocrx_word' id='word_1_404' title='bbox 1244 4371 1418 4437; x_wconf 81' lang='lat' dir='ltr'>accensuri</span> <span class='ocrx_word' id='word_1_405' title='bbox 1438 4376 1495 4436; x_wconf 89' lang='lat' dir='ltr'>aut</span> 
     </span>
     <span class='ocr_line' id='line_1_40' title="bbox 180 4471 1495 4563; baseline 0.001 -25"><span class='ocrx_word' id='word_1_406' title='bbox 180 4478 273 4538; x_wconf 90' lang='lat' dir='ltr'>certo</span> <span class='ocrx_word' id='word_1_407' title='bbox 288 4480 348 4538; x_wconf 89' lang='lat' dir='ltr'>aut</span> <span class='ocrx_word' id='word_1_408' title='bbox 366 4471 590 4562; x_wconf 88' lang='lat' dir='ltr'>probabiliter</span> <span class='ocrx_word' id='word_1_409' title='bbox 605 4494 645 4538; x_wconf 93' lang='lat' dir='ltr'>ea</span> <span class='ocrx_word' id='word_1_410' title='bbox 664 4472 797 4554; x_wconf 88' lang='lat' dir='ltr'>omnia,</span> <span class='ocrx_word' id='word_1_411' title='bbox 816 4495 1054 4563; x_wconf 88' lang='lat' dir='ltr'>quaecumque</span> <span class='ocrx_word' id='word_1_412' title='bbox 1070 4474 1169 4540; x_wconf 87' lang='lat' dir='ltr'>cerlis</span> <span class='ocrx_word' id='word_1_413' title='bbox 1184 4481 1244 4539; x_wconf 90' lang='lat' dir='ltr'>aut</span> <span class='ocrx_word' id='word_1_414' title='bbox 1259 4475 1495 4563; x_wconf 88' lang='lat' dir='ltr'>probabilibus</span> 
     </span>
     <span class='ocr_line' id='line_1_41' title="bbox 179 4577 1494 4669; baseline 0 -26"><span class='ocrx_word' id='word_1_415' title='bbox 179 4577 374 4646; x_wconf 89' lang='lat' dir='ltr'>rationibus</span> <span class='ocrx_word' id='word_1_416' title='bbox 390 4578 684 4646; x_wconf 89' lang='lat' dir='ltr'>demonstraturus</span> <span class='ocrx_word' id='word_1_417' title='bbox 699 4583 785 4643; x_wconf 88' lang='lat' dir='ltr'>esset</span> <span class='ocrx_word' id='word_1_418' title='bbox 800 4578 925 4665; x_wconf 87' lang='lat' dir='ltr'>aliquis</span> <span class='ocrx_word' id='word_1_419' title='bbox 938 4580 996 4645; x_wconf 91' lang='lat' dir='ltr'>alii</span> <span class='ocrx_word' id='word_1_420' title='bbox 1013 4602 1116 4668; x_wconf 90' lang='lat' dir='ltr'>quam</span> <span class='ocrx_word' id='word_1_421' title='bbox 1134 4580 1234 4666; x_wconf 91' lang='lat' dir='ltr'>Moysi</span> <span class='ocrx_word' id='word_1_422' title='bbox 1246 4581 1403 4669; x_wconf 89' lang='lat' dir='ltr'>scriptori</span> <span class='ocrx_word' id='word_1_423' title='bbox 1423 4599 1494 4644; x_wconf 90' lang='lat' dir='ltr'>esse</span> 
     </span>
     <span class='ocr_line' id='line_1_42' title="bbox 182 4683 1490 4773; baseline 0 -24"><span class='ocrx_word' id='word_1_424' title='bbox 182 4683 415 4752; x_wconf 89' lang='lat' dir='ltr'>attribuenda.</span> <span class='ocrx_word' id='word_1_425' title='bbox 436 4685 635 4751; x_wconf 77' lang='lat' dir='ltr'>sentiebant</span> <span class='ocrx_word' id='word_1_426' title='bbox 654 4685 725 4750; x_wconf 87' lang='lat' dir='ltr'>lere</span> <span class='ocrx_word' id='word_1_427' title='bbox 749 4684 797 4749; x_wconf 85' lang='lat' dir='ltr'>uti</span> <span class='ocrx_word' id='word_1_428' title='bbox 824 4684 926 4771; x_wconf 76' lang='lat' dir='ltr'>Grey.</span> <span class='ocrx_word' id='word_1_429' title='bbox 951 4688 998 4751; x_wconf 86' lang='lat' dir='ltr'>M.</span> <span class='ocrx_word' id='word_1_430' title='bbox 1019 4687 1199 4773; x_wconf 85' lang='lat' dir='ltr'>(Praelatio</span> <span class='ocrx_word' id='word_1_431' title='bbox 1218 4685 1254 4749; x_wconf 91' lang='lat' dir='ltr'>iu</span> <span class='ocrx_word' id='word_1_432' title='bbox 1272 4685 1347 4765; x_wconf 89' lang='lat' dir='ltr'>lob;</span> <span class='ocrx_word' id='word_1_433' title='bbox 1366 4687 1412 4750; x_wconf 86' lang='lat' dir='ltr'>M.</span> <span class='ocrx_word' id='word_1_434' title='bbox 1436 4690 1490 4763; x_wconf 84' lang='lat'>75,</span> 
     </span>
    </p>
   </div>
   <div class='ocr_carea' id='block_1_4' title="bbox 0 0 1688 5346">
    <p class='ocr_par' dir='ltr' id='par_1_4' title="bbox 0 0 1688 5346">
     <span class='ocr_line' id='line_1_43' title="bbox 0 0 1688 5346; baseline 0 6"><span class='ocrx_word' id='word_1_435' title='bbox 0 0 1688 5346; x_wconf 95' lang='lat' dir='ltr'> </span> 
     </span>
    </p>
   </div>
  </div>
 </body>
</html>
