3366 5346
495 300 524 356 8.
549 314 604 358 iux
624 312 662 357 nr
684 311 839 358 rueramus
862 315 868 356 :
894 314 980 360 usur.
1004 301 1095 372 raus
1116 316 1181 368 seo.
1439 302 1497 361 353

182 446 260 512 illos
288 446 436 512 minores
461 448 588 536 plureS,
611 447 670 534 qui
697 447 856 536 perticas,
879 448 1010 538 cippos,
1028 449 1098 515 imo
1118 448 1349 515 idololatriam
1375 449 1498 515 tolera·

184 556 259 617 rent
289 574 296 616 :
324 574 435 640 nequo
464 553 556 619 enim
580 553 837 642 superstitiones
860 555 926 621 hae
945 555 1154 623 invalescere
1177 560 1324 645 'potuere
1345 558 1494 636 tantum,

183 663 349 746 quantum
365 657 545 726 invaluisse
564 658 653 726 liber
670 658 823 726 ludicum
839 665 995 742 testatur,
1013 663 1078 728 nisi
1097 661 1228 729 iudices
1244 660 1297 727 illi
1318 682 1380 750 per
1394 660 1498 728 urbes

182 763 354 830 constituti
374 787 495 851 segnes
509 770 618 833 essent
632 765 751 832 inillis
766 766 1005 855 reprimendis.
1023 768 1173 835 Plurima
1184 767 1293 854 igitur
1307 790 1391 834 acro
1406 767 1496 835 iudi·

182 891 260 936 eum
277 876 349 937 erat
370 871 469 952 ratic,
486 894 547 939 our
561 873 645 940 haec
662 872 704 939 de
720 871 891 940 iudicibus
905 874 958 939 lex
971 878 1032 940 aut
1042 874 1192 963 primum
1209 874 1369 940 ederetur
1384 881 1454 955 aut,
1469 873 1497 940 si

182 976 295 1064 quoad
313 977 540 1043 substantiam
566 977 684 1065 Moysis
703 985 916 1068 supponatur
930 1001 1000 1046 esse
1023 981 1182 1062 auctoris,
1199 979 1365 1045 instanter
1387 979 1496 1046 incul-

182 1088 328 1149 caretur.
344 1083 489 1150 Adrerte
508 1105 611 1172 porro
630 1084 796 1173 praecipi,
814 1107 885 1151 non
903 1085 1011 1153 solum
1028 1092 1065 1152 ut
1084 1085 1224 1169 iudices,
1242 1084 1352 1151 sedut
1368 1084 1497 1151 iudices

182 1201 214 1255 et
238 1191 365 1255 scribae
384 1191 633 1256 constituantur
655 1209 663 1256 ε
684 1189 901 1272 crediderim,
923 1190 975 1258 uti
994 1192 1037 1258 ad
1059 1191 1129 1258 voti
1151 1179 1415 1259 conseiratiouis
1437 1213 1498 1258 na·

181 1317 381 1363 zuraeorum
401 1295 612 1362 validitatem
635 1298 875 1385 requirebatur
894 1296 959 1386 (CN
981 1321 1015 1387 p.
1037 1298 1108 1386 bl),
1128 1297 1271 1364 utillud
1291 1303 1376 1362 esset
1396 1295 1498 1362 labiis

182 1423 296 1469 eoram
318 1402 460 1469 testibus
482 1401 759 1492 pronuntiatum,
781 1403 830 1470 ita
854 1403 899 1469 ad
922 1404 1111 1471 sententiae
1133 1402 1259 1470 iudicis
1283 1402 1496 1470 validitatem

182 1530 254 1574 esse
278 1508 493 1597 requisitum,
516 1513 553 1574 ut
575 1508 700 1597 scripto
723 1531 765 1575 ea
786 1532 806 1575 a
829 1510 941 1577 scriba
964 1512 1236 1596 consignaretur,
1258 1532 1369 1599 neque
1396 1515 1497 1576 antea

182 1613 284 1681 fuisse
304 1614 530 1703 appellationi
551 1620 629 1694 17,8
648 1636 723 1704 sqq.
746 1615 874 1682 locum.
891 1615 1005 1683 llodus
1028 1615 1317 1683 instituendorum
1342 1615 1496 1682 iudicum

182 1721 216 1785 h.
236 1719 258 1787 l.
276 1741 344 1785 nou
367 1719 583 1801 describitur,
601 1720 660 1786 sed
681 1727 779 1788 notus
797 1724 1003 1811 supponitur
1024 1743 1031 1789 :
1051 1721 1242 1789 credendus
1261 1726 1310 1789 est
1323 1721 1383 1788 ille
1396 1721 1497 1788 tuisse

181 1825 463 1914 simplicissimus,
481 1826 657 1893 conrmuni
676 1849 841 1893 consensu
861 1827 975 1917 capita
995 1814 1167 1917 quaedam
1186 1829 1408 1910 familiarum,
1434 1826 1498 1893 riri

181 1937 291 1998 aetate
307 1937 341 1998 et
356 1931 541 2020 prudentia
557 1932 732 2022 conspicui
746 1932 1029 2000 instituebantur.

226 2043 261 2103 lu
279 2060 315 2103 rc
332 2037 534 2123 gravissima
555 2039 611 2126 (cl.
633 2038 737 2105 etiam
758 2042 888 2124 lus-5)
905 2039 1007 2129 plura
1027 2039 1212 2107 traduntur
1232 2045 1413 2128 praccepta
1430 2039 1497 2104 for·

183 2165 256 2209 mae
272 2146 463 2233 crepulis-ue.
484 2150 584 2226 lete
608 2144 674 2210 tria
693 2145 800 2211 babet
820 2135 871 2219 ub,
890 2145 1026 2231 singula
1042 2144 1173 2213 babent
1196 2151 1293 2224 luet
1311 2167 1377 2233 sq.;
1405 2151 1506 2225 17,1.*

180 2249 273 2315 ldem
294 2249 442 2316 iustitiae
463 2256 684 2340 praeceptum
704 2272 735 2316 v.
759 2256 859 2318 18:20
877 2251 1075 2319 enuntiatur
1091 2252 1203 2318 forma
1220 2250 1377 2341 positiva,
1400 2272 1431 2318 v.
1456 2255 1496 2316 19

180 2357 292 2422 forma
307 2357 481 2443 negativa.

224 2485 257 2527 v.
278 2468 317 2528 18
340 2490 355 2522 c
381 2461 517 2528 ludices
541 2476 573 2529 et
587 2463 770 2551 irrepistros
788 2491 803 2523 n
823 2501 867 2513 —
883 2465 983 2529 Hebr.
1001 2463 1130 2530 scribes
1149 2502 1194 2512 —
1217 2491 1232 2523 (ι
1254 2462 1438 2529 constitues
1458 2462 1496 2528 in

181 2566 337 2634 oneribus
346 2568 459 2656 portis
472 2568 553 2649 tuis,
569 2591 655 2657 quas
668 2569 834 2634 Dominus
844 2571 932 2635 Deus
944 2581 1021 2634 tuin·
1034 2568 1165 2635 dederit
1181 2568 1256 2648 tibi,
1263 2591 1330 2658 per
1339 2568 1496 2656 sinqulns

182 2674 288 2739 tribus
301 2685 391 2754 tuns,
407 2686 445 2738 nt
458 2701 474 2735 »
491 2695 604 2741 —seu
615 2674 728 2740 verius
738 2686 770 2739 et
782 2714 825 2723 -
842 2701 858 2734 ι(
872 2672 1025 2740 indicent
1034 2675 1208 2764 propicium
1218 2675 1305 2739 iusto
1318 2672 1446 2739 iudicio
1460 2702 1504 2739 »s

183 2780 218 2845 ld
235 2802 337 2868 porro
353 2802 415 2869 per
433 2785 547 2869 partes
563 2779 711 2869 explicat
725 2803 757 2846 v.
782 2786 835 2860 19,
853 2779 948 2846 euius
963 2780 1066 2846 etiam
1084 2779 1238 2869 primum
1253 2779 1398 2845 verbum
1413 2800 1496 2844 cou-

182 2893 233 2953 tra
254 2889 346 2952 LXX
364 2886 464 2974 Volo.
481 2886 700 2953 scribendum
722 2891 773 2953 est
786 2908 932 2952 numero
947 2885 1140 2972 singulari:
1164 2913 1180 2947 «
1202 2908 1262 2952 nec
1282 2885 1332 2971 [in
1352 2885 1496 2951 alterurn

176 2992 324 3082 pertenet
340 2991 513 3059 declinent
527 3021 557 3077 »,
570 3031 614 3044 -
626 2995 727 3059 Hebe.
747 3013 754 3061 :
771 3015 841 3059 non
856 2991 1013 3080 deflectas
1028 2991 1198 3058 indicium
1213 2992 1258 3058 ab
1272 3015 1312 3058 ea
1323 2996 1434 3081 parte,
1451 2990 1497 3057 ad

183 3121 287 3188 quam
302 3122 320 3165 c
335 3121 456 3166 causae
472 3104 598 3166 natura
618 3099 811 3189 propendet
831 3121 839 3168 :
860 3100 903 3165 et.
925 3103 980 3167 Ex.
1002 3105 1098 3181 23,6;
1122 3102 1215 3165 ueut.
1237 3102 1493 3182 at,173-27,19;

184 3213 200 3272 1
220 3211 304 3291 Reg.
327 3211 459 3287 8,3;1s.
486 3213 581 3291 10,2;
600 3210 675 3272 Am.
692 3205 845 3295 6,13(12)
863 3243 908 3256 —
923 3234 939 3267 ι(
959 3228 1028 3272 non
1045 3205 1191 3294 accepies
1202 3227 1383 3295 personent
1405 3230 1435 3282 »,
1452 3242 1496 3252 -

183 3317 237 3379 Ex.
256 3319 351 3394 23,3;
369 3318 445 3379 Lev.
474 3319 592 3395 19,15;
607 3313 651 3378 el.
673 3311 716 3379 ad
739 3317 835 3380 Deut.
855 3319 992 3387 1‚1r·-
1013 3340 1029 3372 «
1049 3333 1110 3377 nec
1125 3339 1141 3372 ιι
1161 3334 1272 3376 scentes
1290 3338 1306 3369 «
1325 3331 1494 3376 mernere:

182 3419 265 3506 quio
276 3442 417 3485 occinere
428 3430 611 3485 excaecent
625 3419 740 3484 corilus·
752 3417 960 3505 sapientum,
974 3429 1006 3483 et
1015 3429 1153 3482 rnntont
1165 3418 1264 3481 cerdo
1278 3415 1445 3480 iustorum
1464 3442 1492 3479 ι).

164 3524 391 3590 'Verbotenus
409 3525 479 3590 fere
502 3525 552 3590 uti
572 3530 627 3590 Ex.
646 3529 737 3603 23,8.
755 3523 952 3612 Empbatice
973 3522 1110 3588 tandem
1127 3520 1284 3586 ultimum
1305 3543 1336 3584 v.
1357 3526 1397 3585 18
1412 3519 1495 3584 inei-

182 3651 259 3695 sum
277 3629 428 3695 inculcat
446 3652 479 3696 r.
501 3635 544 3695 20
563 3650 570 3696 :
589 3657 604 3688 «
625 3632 727 3709 Iuste,
749 3628 843 3717 quod
859 3631 986 3695 iustruit
1002 3639 1061 3712 est,
1081 3625 1294 3715 persequeris
1315 3654 1345 3692 u.
1363 3627 1465 3691 Hebr.
1484 3647 1491 3693 :

182 3735 362 3818 iust'timn,
384 3735 554 3800 iustitium
574 3737 764 3814 sectaberis,
789 3763 803 3795 c
828 3734 993 3801 iustitiam
1014 3735 1051 3800 in
1077 3733 1236 3799 omnibus
1260 3761 1276 3794 »
1304 3732 1458 3821 (dense.)
1484 3753 1507 3799 ε·

184 3870 199 3902 «
228 3855 265 3907 nt
285 3842 380 3908 ciuus
404 3855 436 3906 et
459 3840 637 3930 possidens
666 3852 803 3925 terrum,
829 3863 933 3930 qirom
957 3839 1125 3906 Dominus
1147 3843 1236 3906 Deris
1260 3851 1338 3905 turis
1364 3837 1494 3904 dederit

182 3949 244 4015 tibi
263 3977 293 4013 ».
316 3954 405 4033 Ergo
430 3946 548 4036 iniquo
568 3946 676 4013 iudici
698 3947 851 4013 minatur
871 3947 971 4013 labve
994 3945 1099 4013 vitam
1118 3945 1271 4025 brevem,
1288 3943 1495 4033 posteritatis

181 4056 363 4138 delectum,
382 4054 553 4122 bonorum
571 4053 722 4121 ruinam.
745 4054 801 4119 Vel
820 4052 914 4119 dicas
931 4053 1036 4120 verba
1056 4076 1088 4120 v.
1114 4059 1154 4119 19
1176 4074 1227 4142 sq.
1244 4052 1394 4140 itemquo
1418 4049 1494 4116 illas

183 4163 291 4229 minas
306 4161 411 4248 dirigi
435 4161 479 4227 ad
506 4166 615 4227 totum
635 4159 817 4249 populum,
836 4159 895 4248 qui
914 4180 1071 4226 normam
1091 4181 1124 4225 v.
1151 4165 1191 4224 19
1210 4181 1261 4247 sq.
1283 4158 1493 4247 propositam

182 4269 299 4358 utique
313 4292 380 4359 per
397 4268 528 4335 iudices
545 4289 621 4335 suos
636 4267 817 4334 observare
837 4265 939 4332 debet
957 4270 1002 4350 et,
1022 4265 1050 4332 si
1066 4265 1195 4332 iudices
1209 4265 1345 4354 iniquos
1356 4264 1491 4342 toleret,

182 4376 253 4465 ipse
271 4399 416 4464 poenam
433 4376 530 4442 leret.

223 4609 348 4665 libili-‘20
368 4611 470 4672 agebat
485 4611 519 4661 de
535 4609 671 4661 iudicibus
689 4621 740 4672 per.
758 4607 841 4658 urbes
857 4606 1060 4658 constituendis
1067 4621 1074 4669 ;
1095 4607 1217 4668 17,8-1³,
1239 4605 1274 4656 ad
1294 4606 1441 4654 tractatum
1460 4601 1494 4649 de

184 4700 322 4750 indu-ibus
338 4698 458 4759 rediens,
475 4701 533 4762 agit
553 4699 586 4749 de
601 4698 789 4763 appellatione
805 4709 822 4767 a
840 4696 931 4747 iudice
950 4697 985 4747 ad
1003 4697 1179 4748 sacerdotum
1194 4695 1352 4756 collegium.
1371 4691 1494 4739 Interce-

573 4805 745 4843 uururemueu.
765 4816 796 4827 -
812 4803 890 4841 cour.
908 4803 934 4840 ru
952 4803 1024 4840 oeus.
1042 4815 1072 4826 -
1089 4793 1119 4838 2³
