3366 5346
509 337 744 384 maumrcneuns
766 338 804 382 ur
825 338 1071 384 uanemcrxeuus.
1392 323 1449 381 437

136 495 216 561 gam
232 473 336 540 effuse
353 470 540 561 amplificat
560 473 742 561 propheta,
759 471 931 540 coloribus
953 470 1094 561 quidem
1117 493 1137 537 a
1158 472 1346 560 posteriore
1366 493 1450 537 aevo

135 580 260 671 petitis.
283 584 353 657 Qua
371 578 408 644 in
430 600 468 644 re
491 577 581 644 nihil
600 583 661 661 est,
684 578 779 668 qued
800 583 860 645 aut
883 579 1090 669 prophetam
1115 576 1290 658 dedeceat,
1313 583 1373 644 aut
1395 577 1451 644 in-

132 686 311 777 spirationi
329 684 539 752 adversetur.
555 690 640 752 Num
654 690 792 774 praesto
808 684 915 753 habes
930 688 1149 771 argumenta,
1166 684 1292 773 quibus
1306 683 1449 764 efficias,

132 793 311 883 prophetis
340 791 553 881 antiquiores
578 797 691 859 textus
717 792 820 860 fuisse
847 790 1093 859 describendos
1115 812 1252 881 semper
1278 791 1320 857 de
1346 791 1452 857 verbo

133 899 177 966 ad
196 899 352 982 verbum,
370 898 506 966 nullum
526 899 639 965 lecum
659 897 760 966 fuisse
780 898 998 989 paraphrasi,
1022 896 1259 988 adaptationi?
1279 896 1365 973 Quid
1389 897 1453 963 hac

134 1007 171 1072 in
186 1029 223 1073 re
238 1005 419 1095 prophetis
435 1005 538 1071 etiam
556 1005 803 1095 posterioribus
817 1005 963 1087 licuerit,
980 1005 1108 1071 inferas
1125 1026 1165 1071 ex
1179 1003 1231 1086 iis,
1250 1024 1338 1092 quae
1358 1006 1453 1069 lesue

133 1118 167 1179 et
192 1112 328 1180 Samuel
348 1110 464 1178 fecisse
493 1111 813 1200 deprehenduntur.
839 1113 970 1179 Therae
996 1110 1114 1206 Moysis
1139 1131 1200 1176 sua
1228 1109 1452 1199 adscripsere,

134 1225 229 1285 lesue
254 1217 516 1285 renovationem
538 1217 686 1285 foederis
707 1241 727 1285 a
747 1240 782 1285 se
804 1218 1032 1299 celebratam,
1055 1217 1194 1284 Samuel
1214 1221 1323 1283 tetam
1341 1216 1455 1302 legem

135 1325 246 1411 regni.
265 1328 332 1392 Cur
359 1345 427 1390 nen
456 1323 590 1391 licuerit
613 1326 804 1415 prophetae
823 1324 927 1391 alicui
951 1345 1074 1410 regum
1101 1323 1238 1412 aequali
1266 1343 1454 1412 poenarum

134 1431 394 1520 amplificationi
409 1453 484 1520 cap.
502 1437 544 1498 28
559 1431 866 1504 suamadscribere
893 1431 1219 1521 amplificationem?

180 1537 334 1626 Suspicio
356 1543 389 1603 te
416 1536 614 1627 occupabit,
643 1538 843 1605 audaciores
871 1559 934 1604 nos
958 1559 1029 1604 esse
1054 1537 1091 1602 in
1116 1541 1210 1603 textu
1236 1558 1313 1626 cap.
1335 1541 1377 1602 28
1403 1534 1454 1600 di-

134 1643 359 1728 stinguendo,
386 1642 613 1711 emendando.
641 1648 770 1735 Rcapse
799 1645 903 1711 huiu's
927 1643 1049 1733 capitis
1074 1642 1252 1730 graviores
1277 1662 1455 1709 censemus

86 1762 94 1779 ¹
135 1750 239 1817 fuisse
254 1749 511 1817 vicissitudines.
534 1750 714 1824 Rationem
730 1751 857 1842 accipe.
875 1751 1096 1818 llenebamus
1114 1774 1149 1839 p.
1167 1756 1209 1816 81
1226 1772 1316 1839 sqq.,
1333 1770 1455 1838 pravos

136 1856 227 1946 apud
248 1857 415 1923 lsraelilas
439 1878 536 1944 reges
556 1879 598 1923 ea
620 1857 748 1947 scripta
767 1880 876 1943 sacra,
901 1880 989 1946 quae
1011 1879 1098 1946 prae
1118 1856 1195 1923 aliis
1213 1855 1325 1922 invisa
1345 1854 1455 1921 habc-

136 1968 224 2043 rent,
242 1962 335 2051 qued
354 1984 394 2029 ea
415 1963 527 2029 laesae
548 1965 654 2030 veluti
681 1964 797 2050 regiae
827 1962 1014 2031 maiestatis
1045 1962 1257 2043 incusarent,
1285 1961 1456 2050 conquisi-

136 2069 234 2152 visse,
254 2069 485 2158 discerpsisse,
506 2070 742 2138 combussisse.
769 2070 857 2149 Quid
881 2092 962 2137 vere
987 2068 1128 2157 gravius
1149 2068 1302 2135 laederet
1324 2067 1456 2153 regiam

136 2174 234 2241 illam
255 2175 407 2242 fucatam
429 2175 652 2257 maiestatem,
670 2199 775 2266 quam
796 2199 836 2243 ea
860 2175 1035 2259 vaticinia,
1054 2198 1142 2265 quac
1167 2197 1237 2242 nen
1256 2174 1383 2264 popule
1405 2195 1458 2239 se-

136 2281 210 2370 lpm
230 2281 453 2368 gravissimas
477 2282 671 2349 indicerent
696 2304 835 2372 peenas,
855 2283 912 2349 sed
937 2283 1049 2372 ipsum
1079 2303 1197 2369 regem
1226 2302 1304 2347 cum
1322 2301 1457 2347 summo

138 2388 325 2477 opprobrie
345 2388 383 2454 in
399 2387 558 2456 exsilium
577 2388 777 2468 abductum,
795 2388 927 2476 regiam
950 2388 1105 2455 funditus
1124 2409 1280 2455 eversum
1300 2386 1344 2452 iri
1360 2408 1458 2475 prae-

137 2493 363 2559 nuntiabant?
378 2498 596 2583 Compertum
615 2494 720 2561 etiam
740 2495 919 2576 habemuS,
938 2517 1024 2584 prae
1045 2493 1121 2561 aliis
1137 2493 1235 2559 libris
1255 2493 1322 2558 illis
1341 2492 1456 2581 pravis

138 2597 279 2684 regibus
294 2621 428 2664 exosam
446 2599 551 2665 fuisse
566 2601 716 2682 theram,
736 2600 832 2666 etita
848 2599 1004 2689 quidem,
1023 2606 1060 2666 ut
1075 2622 1116 2666 ea
1129 2599 1342 2688 aliquamdiu
1355 2621 1457 2687 prae-

136 2711 191 2771 ter
205 2726 341 2770 omnem
358 2706 584 2772 restitutionis
596 2728 691 2795 spem
707 2705 887 2795 deperdita
897 2712 932 2772 ct
947 2706 1119 2773 destructa
1135 2705 1341 2773 crederetur.
1356 2705 1457 2773 Cuius

138 2813 258 2878 thorae
272 2810 361 2877 nihil
382 2811 491 2897 magis
505 2810 656 2879 invisum
671 2812 782 2902 capite
797 2818 852 2893 28,
870 2811 908 2878 in
926 2814 992 2879 hec
1007 2812 1117 2901 capite
1132 2812 1220 2899 nihil
1236 2816 1326 2878 certe
1346 2810 1456 2898 magis
1553 2838 1556 2845 ·

138 2919 285 2984 invisum
305 2918 524 3008 paragrapho
539 2919 653 3000 tertia,
671 2941 760 3008 quae
780 2940 898 3005 regem
922 2920 958 2985 in
980 2917 1134 2985 exsilium
1156 2917 1342 3008 aliquando
1362 2915 1455 2983 abri-

138 3024 304 3113 piendum
330 3024 589 3091 demonstraret.
609 3025 696 3103 Quid
721 3025 860 3107 mirum,
877 3025 912 3092 in
930 3026 994 3092 hec
1014 3031 1116 3116 caput
1139 3030 1172 3091 et
1196 3027 1330 3091 ineam
1353 3046 1456 3113 para·

138 3130 310 3220 graphum
326 3132 493 3199 saevitum
511 3153 581 3198 esse
601 3131 793 3214 durissime,
812 3154 891 3198 eum
907 3137 1037 3199 textum
1052 3154 1135 3222 prae
1149 3131 1228 3198 aliis
1243 3154 1313 3198 esse
1333 3131 1456 3198 misere

138 3238 391 3324 defiguratum?
415 3238 694 3329 Quandocunque
721 3240 891 3329 propheta
920 3238 1048 3328 aliquis
1073 3239 1128 3304 vel
1156 3239 1306 3305 Israelita
1334 3237 1456 3304 eximie

139 3345 214 3434 pius
239 3344 276 3410 in
304 3366 478 3410 carcerem
505 3345 753 3433 abripiebatur,
778 3344 1050 3412 discutiebantur
1078 3344 1264 3430 diligenter
1287 3343 1359 3409 eius
1384 3366 1456 3408 sar·

138 3451 247 3530 cinae,
265 3450 350 3515 etin
369 3449 423 3515 his
439 3478 454 3509 «
479 3449 562 3515 libri
577 3450 745 3539 prohibiti
762 3480 777 3510 u
792 3449 1069 3538 requirebantur.
1090 3449 1155 3515 Sed
1175 3451 1333 3515 novimus
1355 3450 1456 3514 ctiam

140 3554 238 3636 illud,
262 3554 435 3640 gubernio
468 3554 523 3620 vix
553 3578 707 3644 unquam
738 3554 839 3644 plene
868 3554 936 3623 frui
963 3576 1135 3636 successu,
1163 3554 1301 3646 quande
1329 3554 1458 3620 librum

140 3660 304 3748 aliquem,
326 3662 384 3748 qui
413 3662 449 3726 in
475 3661 665 3727 multorum
691 3661 853 3729 manibus
880 3667 1046 3743 versatur,
1070 3661 1255 3750 exstirpare
1286 3661 1455 3729 nituntur.

142 3767 233 3830 Libri
252 3787 323 3831 non
352 3766 492 3849 latrant,
517 3767 576 3833 sed
601 3767 708 3857 quieti
730 3767 867 3834 latitant
889 3769 924 3833 in
949 3769 1071 3834 thecis.
1092 3768 1225 3835 Amicos
1253 3767 1383 3834 habent
1401 3789 1458 3833 ees

141 3893 271 3952 omnes
304 3872 364 3961 qui
388 3873 599 3958 gubernium
632 3879 849 3956 aversantur;
877 3872 960 3941 libri
987 3875 1074 3941 sacri
1109 3874 1341 3940 Hebraeorum
1371 3874 1459 3939 ami-

141 3999 197 4044 cos
224 3977 398 4044 habebant
426 3979 501 4068 pios
531 4002 705 4070 quosque,
724 3980 896 4070 imprimis
923 3981 1120 4070 prophetas.
1140 3980 1193 4048 Uti
1219 3981 1291 4069 ipsa
1318 3980 1457 4047 tandem

140 4085 241 4151 thera
265 4107 284 4151 e
306 4084 448 4152 latebris
468 4087 593 4153 iterum
614 4077 750 4177 prodiit
762 4087 798 4153 in
813 4087 937 4166 lucem,
954 4089 1001 4154 ita
1021 4088 1170 4154 velante
1186 4087 1306 4153 lesiam
1326 4110 1344 4153 e
1363 4087 1457 4173 freg-

141 4191 264 4258 mentis
292 4191 536 4260 restituebatur
557 4216 631 4284 cap.
658 4199 713 4260 28.
739 4193 887 4260 Tertiam
916 4194 1174 4283 paragraphum
1207 4215 1364 4283 reperere
1393 4192 1458 4258 mi-

141 4320 213 4364 sere
237 4298 463 4384 defiguratam
488 4299 712 4382 restitutores
732 4300 918 4390 amputatis
938 4300 1109 4390 imprimis
1128 4300 1170 4367 iis
1189 4300 1249 4391 qui
1271 4323 1363 4366 nunc
1379 4308 1457 4366 sunt

142 4426 173 4468 v.
192 4410 234 4470 36
253 4427 318 4494 sq.,
338 4405 397 4472 sed
415 4405 549 4496 pridem
566 4413 736 4474 extremae
751 4409 975 4497 paragrapho
994 4407 1158 4498 adscripti
1177 4407 1269 4496 regis
1284 4429 1457 4496 praenun-

142 4509 275 4576 tiabant
294 4512 462 4580 exsilium.
485 4512 550 4579 Sed
570 4514 633 4580 hes
653 4513 759 4581 etiam
778 4513 864 4580 dues
889 4536 1004 4582 versus
1028 4514 1225 4601 fragmento
1245 4513 1382 4579 cuidam
1404 4512 1457 4577 in-

143 4617 284 4705 scriptos
303 4641 474 4707 reperere,
494 4625 554 4687 aut
572 4643 590 4686 e
615 4621 782 4688 memoria
805 4621 996 4702 restituere,
1018 4621 1077 4688 sed
1100 4621 1173 4687 leco
1192 4620 1367 4685 inseruere
1386 4640 1455 4684 non

143 4746 203 4791 sue
227 4723 309 4812 (nen
332 4732 409 4813 post
432 4749 463 4792 v.
483 4732 537 4809 tt,
555 4727 614 4794 sed
640 4736 713 4818 pest
736 4751 769 4796 v.
787 4728 861 4817 35);
879 4750 1040 4818 reperere
1065 4726 1174 4793 altera
1192 4727 1303 4791 torma
1322 4746 1458 4815 expres-
