3366 5346
640 306 725 349 nitur.
748 291 903 362 32111011.
1371 299 1428 356 :nv

113 447 366 526 deseribuntur,
381 440 440 509 sed
461 441 601 508 omnino
616 440 832 530 pastoraliter.
852 466 883 508 v.
901 449 921 509 8
937 472 952 504 a
970 445 1113 525 Quando
1135 446 1309 514 dividebat
1328 448 1428 514 aliis-

113 555 219 620 siinvs
240 563 356 642 parites
384 578 419 632 a,
443 588 487 599 —
514 549 615 615 Hebe.
644 570 651 612 :
680 547 818 637 qnando
842 549 947 616 Elian
972 554 1129 640 pentibus
1164 553 1282 642 (sedes)
1312 552 1429 619 distri·

77 690 83 701 ·
114 663 251 741 diceban
280 681 349 747 quo
378 655 483 722 verbo
509 667 713 734 'revocamur
742 655 786 720 ad
817 659 898 723 Gen.
934 664 974 724 10
1000 659 1054 745 (ef.
1091 683 1121 726 v.
1158 661 1267 749 131),
1297 667 1430 750 tempus

115 764 336 857 dispersionis
364 761 615 840 Noaehidarum
643 760 896 850 (11111.)-
924 792 939 824 a
968 764 1107 853 picariae
1135 769 1315 856 separabar
1336 767 1428 856 filios

113 873 225 940 vietam
258 903 272 931 1
308 868 587 962 postdiluvianos,
608 905 651 917 -
681 890 795 957 neque
824 875 939 936 tamen
974 871 1086 938 ,taam
1119 872 1325 940 sumendum
1365 898 1428 963 pro

113 980 252 1046 nomine
287 975 494 1067 appellativo
525 975 617 1063 (Syr.
652 973 877 1061 Chald.),sed
906 998 967 1065 pro
993 979 1130 1046 nomine
1157 980 1300 1068 proprio
1330 982 1432 1066 (LXX

119 1086 250 1176 Vada),
269 1089 411 1174 propter
431 1079 680 1172 oppositionem
703 1080 747 1147 ad
761 1081 855 1168 filios
874 1084 983 1150 Israel
1002 1084 1137 1173 (lilasi.)
1155 1124 1199 1135 -—
1215 1113 1230 1146 a
1254 1086 1429 1152 constitnit

30 1241 31 1244 ,
115 1193 277 1260 terminas
292 1191 512 1281 papttlorani,
531 1187 630 1253 iaata
650 1210 831 1254 necaverant
848 1189 1001 1278 filioram
1021 1194 1179 1274 Israel»;
1195 1193 1429 1282 proportione

114 1302 221 1367 futuri
243 1298 379 1365 numeri
400 1295 631 1362 israelitarum
650 1293 892 1384 praedefinivit
914 1297 1078 1365 terminos
1095 1304 1206 1366 terrae
1227 1300 1426 1389 promissae,

114 1428 172 1473 eos
195 1411 310 1472 tamen
336 1402 472 1470 interim
497 1400 633 1490 populis
657 1400 861 1490 quibusdam
891 1404 1079 1489 (tebusaeis
1105 1406 1187 1495 ete.)
1214 1406 1430 1495 occupandos

114 1513 268 1604 permisit
288 1511 401 1592 (Tast,
422 1508 574 1596 Hense).
592 1511 675 1574 Cum
695 1522 783 1573 tm
803 1509 906 1575 etiam
925 1532 1054 1598 paucos
1070 1511 1239 1601 exprimat
1256 1513 1352 1600 (Gen.
1374 1519 1427 1594 31,

115 1625 283 1698 303Num.
299 1620 502 1698 9,20;1)eut.
527 1614 632 1702 ini),
650 1613 783 1680 felicius
803 1617 904 1681 vertit
921 1618 1027 1683 Ktost.
1049 1618 1084 1686 h.
1099 1618 1121 1684 l.
1145 1618 1344 1685 :constituit
1365 1627 1430 1684 ier-

114 1727 224 1793 minos
248 1724 471 1815 populorum,
494 1721 611 1812 paucis
634 1719 703 1787 illis
729 1721 808 1788 filiis
836 1723 955 1804 lsrael;
974 1725 1138 1791 terminos
1164 1725 1240 1792 illos
1267 1731 1338 1791 tam
1364 1724 1429 1790 late

114 1838 278 1921 patentes,
295 1831 353 1920 qui
367 1828 525 1918 pluribus
537 1827 603 1894 illis
615 1827 777 1914 gentibus
794 1828 978 1914 (tebusaeis
994 1834 1073 1916 ete.)
1095 1831 1175 1898 satis
1191 1837 1313 1911 essent,
1329 1853 1430 1920 prae·
1484 1845 1485 1849 ’

113 1937 297 2024 assignavit
312 1935 485 2013 Israelitis,
506 1935 565 2024 qui
583 1933 839 2022 comparatione
856 1942 926 2001 tam
951 1937 1054 2024 pauci
1068 1937 1175 2002 futuri
1195 1942 1321 2018 essent;
1337 1936 1430 2002 susfi-
1502 2000 1505 2007 .

14 2094 24 2105 ..
114 2044 227 2133 vitque
245 2043 280 2109 id
306 2044 431 2108 referre
454 2041 498 2107 ad
520 2039 686 2107 {sraelitas
711 2045 806 2106 losue
831 2042 1004 2130 aequales,
1031 2047 1074 2108 Ex
1096 2051 1209 2109 nostro
1235 2050 1327 2110 textu
1349 2048 1430 2109 nata

113 2150 250 2217 videtur
264 2149 392 2229 tabula,
410 2168 513 2236 quam
529 2146 565 2212 h.
583 2146 607 2211 i.
629 2146 733 2212 refert
747 2149 802 2213 Ps.
821 2150 909 2228 loa„
930 2148 966 2214 in
986 2148 1199 2238 dispersione
1218 2149 1425 2239 populorum

113 2263 162 2323 tot
175 2256 277 2324 fuisse
294 2255 469 2322 distinctas
490 2260 608 2338 gentes
629 2258 745 2342 totque
767 2253 910 2339 angelos
930 2256 1086 2340 gentium
1104 2255 1159 2343 (ef.
1177 2258 1269 2322 LXX
1286 2258 1426 2343 ἀγγέλων

113 2366 204 2447 θεοῦ),
232 2366 315 2452 quot
340 2360 560 2451 postmodum
588 2358 757 2426 israelitae
781 2363 976 2449 Aegyptum
1007 2367 1117 2428 essent
1141 2361 1320 2445 intraturi,
1344 2361 1368 2428 i.
1395 2384 1424 2428 e.

114 2470 343 2557 septuaginta.
358 2490 390 2532 v.
409 2474 427 2532 9
445 2467 614 2532 rationem
637 2465 782 2554 explieat
797 2472 912 2533 tantae
932 2469 989 2533 nei
1011 2469 1054 2535 de
1075 2468 1200 2534 lsraele
1226 2466 1428 2534 sollieitudi-

114 2573 166 2639 nis
184 2597 191 2641 :
213 2577 317 2640 «Pars
331 2586 446 2639 natent
463 2571 603 2636 Domini
618 2571 767 2659 popalus
783 2572 865 2655 eins,
882 2575 979 2638 [acab
998 2573 1177 2660 seruientia
1203 2573 1429 2639 haereditatis

114 2680 187 2746 eins
204 2708 234 2760 r,
248 2679 443 2746 haereditas
464 2679 495 2744 ei
511 2677 617 2744 veluti
633 2676 842 2766 decempeda
863 2700 921 2744 seu
939 2679 1095 2745 funiculo
1111 2680 1288 2746 attributa.
1308 2681 1356 2747 uf.
1375 2684 1425 2745 Ps.

116 2785 304 2874 rotans),
324 2793 377 2852 11.
507 2789 509 2792 ’

157 2916 189 2961 v.
212 2901 252 2960 10
275 2921 290 2954 1
316 2891 451 2958 Invenit
472 2912 553 2957 evim
573 2890 609 2957 in
635 2904 725 2957 terra
749 2890 881 2957 deserta
907 2920 937 2975 1,
960 2931 1003 2941 -
1026 2892 1085 2959 sed
1107 2892 1277 2982 quomodo
1302 2893 1430 2959 invenit

112 3001 147 3066 in
173 2986 318 3079 deserto,
348 3020 450 3088 quem
472 2979 599 3064 'saltem
631 2999 699 3064 iam
727 2997 765 3063 in
788 3003 944 3088 Aegypto
973 3004 1052 3066 ante
1080 2998 1281 3066 invenerat?
1303 2999 1424 3065 Dillni.

114 3138 129 3167 «
153 3113 369 3197 praesentem
392 3104 515 3173 habuit
536 3131 571 3185 a,
597 3104 657 3171 sed
677 3104 707 3170 is
729 3126 801 3171 non
827 3112 878 3171 est
898 3126 1015 3173 sensus
1038 3105 1147 3173 verbi.
1170 3107 1265 3174 Sani.
1293 3121 1427 3177 tarnat,

113 3213 282 3280 roboravit
303 3235 391 3279 everri.
418 3216 502 3279 Cum
522 3201 538 3276 5
556 3225 626 3275 svn
647 3210 836 3278 secundum
858 3215 955 3278 Num.
985 3218 1085 3294 1132
1104 3213 1244 3279 omnino
1259 3211 1429 3298 signifiea-

112 3320 239 3387 tionem
254 3319 375 3385 induat
389 3318 473 3384 satis
487 3341 567 3398 esse,
585 3324 678 3384 verte
693 3341 772 3383 eum
792 3321 883 3383 LXX
899 3317 1020 3385 atrata.
1040 3341 1047 3385 :
1070 3318 1315 3407 sufficientiam
1329 3341 1429 3406 prae·

114 3427 185 3516 divit
207 3428 240 3491 ei
264 3426 300 3489 in
324 3424 465 3502 deserto,
487 3425 523 3489 in
548 3425 612 3487 hoe
631 3431 812 3512 paternum
834 3446 865 3487 v.
887 3431 906 3488 6
928 3423 1085 3488 affectum
1111 3423 1374 3504 demonstravit,
1393 3430 1428 3489 ut

113 3554 156 3597 ne
171 3531 207 3596 in
224 3531 355 3596 deserto
373 3528 512 3617 quidem
536 3529 566 3594 ei
586 3528 743 3595 defuerit.
769 3557 785 3591 «
801 3533 956 3594 Testatur
972 3528 1116 3595 historia
1128 3529 1254 3618 scripta
1271 3552 1292 3595 a
1306 3534 1425 3616 Moyse,

114 3637 207 3726 quod
231 3642 316 3702 tiens
339 3634 487 3724 providit
506 3634 635 3723 populo
659 3635 704 3700 ad
726 3634 965 3701 sufficientiam
986 3636 1095 3702 vietus
1115 3640 1149 3700 et
1169 3637 1310 3703 vestitus
1330 3635 1429 3702 annis

113 3743 353 3833 quadraginta,
381 3742 538 3830 quamvis
569 3741 674 3807 fuerit
699 3742 851 3807 interra
879 3740 1012 3807 deserta
1038 3746 1072 3807 et
1096 3764 1204 3807 vacua
1225 3742 1383 3828 frugibus
1411 3772 1427 3802 o

115 3849 279 3938 (6112)-
302 3876 317 3908 a
342 3847 377 3913 in
398 3848 470 3913 loca
500 3847 646 3913 terroris
664 3860 696 3913 et
717 3860 829 3913 vastae
849 3846 1043 3913 solitudinis
1071 3876 1099 3913 ».
1120 3838 1336 3914 Probabilius
1352 3870 1429 3914 cuni

112 3959 207 4024 Sam.
231 3962 352 4023 verte:
375 3966 407 4019 et
431 3955 467 4019 in
489 3953 750 4020 iubilationibus
776 3953 980 4020 incrassavit
1004 3975 1095 4040 eam,
1119 3976 1207 4042 qriae
1235 3953 1345 4020 versio
1367 3977 1429 4043 ap-

113 4064 241 4129 tissime
257 4061 376 4151 utique
391 4066 553 4127 consonat
563 4060 676 4128 versui
689 4068 741 4127 15.

150 4284 229 4364 pmii
249 4259 411 4335 5511111151,
435 4272 513 4335 Ἃπαξ
527 4274 665 4345 λεγόμενον
680 4259 726 4334 551
744 4281 875 4342 ignorant
896 4278 971 4341 Veia.
988 4279 1062 4340 Sar„
1080 4276 1145 4326 dum
1159 4276 1228 4327 illud
1242 4279 1291 4340 Aa.
1309 4279 1352 4328 Ps.
1371 4279 1428 4326 ion.

115 4372 226 4418 vertunt
240 4368 361 4417 ululatu-s
377 4388 412 4410 =
427 4347 506 4431 ΓΙ55Ὶ,
523 4381 595 4431 quae
615 4373 708 4418 tamen
725 4381 780 4417 vox
795 4368 886 4416 solum
900 4368 1037 4417 ululatum
1058 4367 1217 4426 hominum,
1234 4378 1291 4416 non
1306 4365 1429 4416 ferarum

115 4459 269 4517 exprimere
283 4458 438 4508 consuevit.
453 4456 525 4515 Quid
538 4457 591 4504 sibi
604 4457 670 4507 velit
685 4457 749 4508 111
766 4452 900 4525 καύματος,
919 4469 975 4506 non
990 4456 1088 4519 liquet.
1106 4453 1162 4505 Sed
1179 4456 1242 4504 111
1257 4450 1281 4504 ἐν
1296 4451 1367 4520 δίψει,
1384 4455 1429 4502 eni

115 4550 271 4595 consonant
282 4547 373 4609 Tora,
385 4545 496 4596 videtur
508 4548 633 4595 revocari
648 4545 844 4596 adlectionem
857 4524 996 4601 nzisffim
1006 4557 1057 4608 pro
1070 4524 1118 4599 551
1129 4548 1222 4602 annm
1237 4543 1271 4592 ei.
1289 4543 1336 4592 Os.
1356 4543 1427 4599 1:i,5.

115 4635 214 4695 Samni.
229 4646 279 4694 pro
300 4614 347 4689 551
369 4635 464 4684 scribit
485 4629 605 4701 ἀοικήτῳ,
622 4647 677 4696 qua
698 4647 768 4685 voce
792 4634 867 4684 Lxx
889 4634 971 4684 Dent.
994 4631 1254 4697 tii,tti(17)ve1‘tunt
1276 4630 1427 4679 hebraeum

116 4702 182 4778 5111
203 4736 239 4772 an
261 4723 314 4771 hoe
337 4722 408 4774 torte
432 4725 498 4775 item
520 4735 684 4773 revocamur
705 4724 740 4772 ad
762 4724 910 4774 lectionem
934 4702 1052 4778 minin
1077 4722 1120 4771 vel
1143 4721 1264 4770 similem
1288 4718 1428 4782 aliquam?
