3366 5346
440 311 467 368 7.
492 327 548 370 anx
569 325 606 369 na
626 325 903 370 soxanxrrxnnrs:
921 327 1009 369 narr.
1029 310 1166 380 lou-tr.
1430 314 1488 370 345

180 460 387 548 completum
407 458 552 526 alicuius
572 458 736 525 materiae
756 464 940 526 tractatum
956 467 1163 548 proponant,
1185 459 1245 525 sed
1265 466 1391 526 statuta
1411 484 1490 527 san-

180 566 273 632 ciant
292 571 485 653 tcmporum
509 565 769 632 necessitatibus
797 571 1011 655 opportuna,
1035 565 1208 631 immerito
1230 564 1488 656 exspectaveris.

179 694 403 760 quaecunque
419 671 551 760 priores
565 674 657 758 leges
673 673 715 738 de
732 674 825 738 hisee
840 672 1113 739 solemnitatibus
1123 672 1317 752 statuerint,
1335 675 1399 740 hac
1414 674 1490 759 lege

179 777 304 866 repeti.
330 778 521 846 affinitates
541 778 643 844 huius
658 778 745 864 legis
765 800 845 844 cum
866 778 944 844 aliis
959 778 1002 844 de
1026 779 1137 844 tribus
1150 778 1427 847 solemnitatibus
1442 780 1490 846 le·

178 884 283 969 gibus
305 884 397 950 infra
412 884 609 966 indicaturi,
628 884 799 972 quaedam
820 906 912 951 nunc
933 884 1026 950 haud
1046 883 1162 971 exigui
1182 886 1348 951 momenti
1363 888 1490 952 exami-

180 990 350 1076 nabimus,
374 992 546 1079 inquibus
560 992 647 1057 liaeo
662 990 715 1057 lex
735 991 779 1057 ab
795 991 864 1056 illis
879 991 1040 1057 dissonat.

226 1103 256 1163 1.
277 1099 440 1186 Tempora
454 1100 623 1186 sestertios
647 1097 757 1163 lebeti
777 1091 885 1163 celati
906 1119 1012 1163 mana
1031 1097 1276 1164 (lacerabantur.
1294 1103 1357 1164 Pro
1382 1101 1489 1165 Pbasc

180 1203 374 1289 assignatur
393 1205 517 1270 cateruis
533 1203 631 1286 Abit,
646 1203 704 1270 sed
721 1210 853 1270 tacetur
864 1202 937 1270 dics
951 1204 1089 1285 tractaris,
1104 1204 1210 1293 idque
1225 1204 1489 1271 admirationem

181 1310 286 1375 habet
304 1315 400 1376 tanto
420 1310 599 1391 maiorem,
615 1312 709 1399 quod
725 1309 809 1375 bera
826 1309 909 1393 diei,
928 1333 996 1400 qua
1011 1313 1118 1377 Phase
1131 1311 1305 1377 immolari
1320 1317 1488 1401 oporteat,

180 1437 212 1482 v.
236 1423 255 1481 6
274 1415 500 1484 adscribatur.
524 1417 610 1482 Festi
631 1422 842 1483 Pentecostes
860 1416 1084 1505 computandi
1105 1423 1180 1484 Lev.
1199 1424 1300 1498 sato
1322 1441 1372 1507 sq.
1390 1440 1490 1483 aceu-

181 1527 255 1586 rata
271 1522 472 1589 tradebatur
486 1522 681 1601 methodus,
698 1523 781 1589 dum
795 1529 909 1590 noster
920 1547 951 1590 v.
970 1531 990 1589 9
1005 1524 1128 1591 festum
1143 1523 1311 1590 celebrari
1326 1523 1491 1613 praeseri-

182 1626 240 1691 bat
264 1657 279 1687 a
301 1635 432 1716 septem
452 1627 687 1695 hebdomadas
712 1637 787 1717 post
808 1629 944 1695 missam
966 1630 1001 1695 in
1020 1636 1171 1715 segetem
1191 1630 1316 1695 falcem
1345 1658 1375 1695 a.
1403 1633 1490 1695 Num

182 1756 250 1798 uno
266 1756 383 1801 omnes
407 1733 461 1800 die
483 1735 605 1801 falcem
628 1736 664 1801 in
687 1740 839 1822 segetem
864 1734 1059 1814 mittebant,
1084 1735 1256 1824 imprimis
1281 1735 1492 1824 temporibus

180 1839 249 1905 illis
277 1840 600 1928 perturbatissimis,
631 1841 758 1930 quibus
786 1842 830 1908 ob
860 1841 1010 1907 bostium
1037 1844 1194 1907 timorem
1223 1848 1355 1928 segetes
1383 1851 1493 1908 essent

184 1946 309 2034 raptim
328 1945 565 2032 colligendae?
583 1947 749 2014 incertius
772 1949 855 2014 item
875 1971 907 2014 v.
930 1953 970 2013 13
993 1954 1128 2036 tempus
1146 1948 1223 2013 festi
1246 1948 1493 2013 Tabernacnlo-

183 2073 260 2118 rum
293 2052 490 2119 celebrandi
524 2053 699 2133 indicitur,
736 2084 751 2113 «
787 2061 866 2141 post
896 2054 1101 2141 completam
1134 2074 1278 2119 messem
1308 2060 1343 2118 et
1374 2052 1492 2119 vinde-

182 2159 284 2223 miam
301 2187 331 2223 a.
353 2158 460 2237 lliceS,
480 2165 656 2226 auctorem
673 2159 727 2225 bis
740 2159 929 2225 distinctius
940 2159 1134 2248 repetendis
1148 2149 1382 2248 supersedere,
1399 2158 1493 2247 quod

180 2264 364 2331 lectoribus
376 2272 458 2332 nota
470 2287 540 2332 csse
552 2271 735 2354 supponat.
752 2269 887 2346 Verum,
904 2271 1020 2331 eratne
1035 2270 1150 2331 tantus
1167 2265 1268 2331 labor
1283 2265 1389 2330 mensi
1405 2264 1493 2330 abib

181 2368 376 2437 adscribere
398 2371 489 2438 diem
513 2378 599 2450 itm,
624 2377 685 2438 aut
706 2394 769 2460 pro
791 2400 807 2431 «
831 2378 906 2460 post
929 2371 1133 2460 completam
1159 2392 1302 2437 messem
1325 2378 1357 2437 et
1376 2370 1493 2436 vinde-

183 2475 288 2541 miam
311 2505 326 2537 a
340 2479 490 2544 scribere
504 2478 628 2544 mensis
642 2478 672 2543 7¹
692 2479 781 2544 diem
801 2481 899 2545 15¹¹m?

227 2581 338 2647 Aliam
358 2584 577 2668 suggerimus
595 2585 813 2649 solutionem.
832 2589 931 2648 Num.
957 2589 1036 2655 9,10
1060 2606 1110 2670 sq.
1133 2583 1346 2649 statuebatur
1365 2581 1494 2671 princi-

184 2685 281 2775 pium
299 2688 352 2769 iis,
374 2690 433 2778 qui
452 2688 606 2774 legitime
625 2688 767 2754 luissent
785 2688 956 2777 impediti,
972 2690 1157 2777 quominus
1178 2694 1304 2754 statuto
1320 2687 1375 2753 die
1389 2688 1495 2752 Phase

184 2794 407 2875 celebrarent,
425 2794 644 2862 omissionem
663 2795 730 2861 alio
752 2803 904 2883 tempore
920 2816 990 2860 esse
1007 2792 1248 2883 supplendam.
1270 2793 1331 2858 llle
1345 2792 1416 2859 dies
1427 2813 1495 2857 non

182 2906 255 2965 erat
268 2901 371 2988 plane
392 2900 589 2967 immobilis.
611 2907 673 2968 Lex
689 2901 837 2967 mosaica
856 2924 925 2967 non
946 2907 1020 2966 erat
1033 2900 1135 2966 litera
1152 2907 1301 2979 tantum,
1319 2899 1378 2965 sed
1395 2898 1494 2965 litera

183 3012 215 3072 et
235 3006 387 3095 spiritus,
406 3007 478 3074 eius
500 3007 671 3097 principia
695 3030 757 3097 pro
783 3013 978 3096 temporum
1002 3006 1263 3073 necessitatibus
1282 3004 1492 3087 crescebant,

182 3114 439 3180 evolvebantur.
468 3118 541 3180 Non
563 3119 637 3182 erat
654 3114 819 3203 prolecto,
843 3136 905 3180 eur
928 3113 1012 3179 illud
1030 3113 1121 3202 quod
1143 3112 1340 3179 dicebamus
1369 3111 1493 3200 princi-

184 3221 277 3307 pium
293 3243 361 3286 non
377 3220 625 3288 extenderetur
643 3220 829 3310 aliquando
843 3219 948 3286 etiam
969 3219 1013 3285 ad
1035 3218 1268 3285 solemnitates
1284 3223 1496 3284 l'cntecostes

182 3331 216 3391 ct
230 3326 556 3406 'l'abernaoulorum3
571 3350 643 3393 non
656 3334 741 3409 erat,
754 3349 826 3408 cur,
840 3348 907 3414 quo
919 3333 1073 3413 tempore
1086 3322 1496 3412 impedimentaadeundi

184 3432 287 3496 certis
303 3433 424 3499 diebus
436 3434 622 3499 sanctuarii
632 3432 733 3521 plura
746 3438 857 3499 essent
870 3437 903 3498 et
914 3432 1087 3516 graviora,
1101 3429 1193 3494 idem
1204 3428 1412 3516 principium
1426 3450 1495 3493 non

187 3539 438 3604 nancisceretur
448 3539 713 3626 applicationem
725 3540 832 3604 multo
844 3537 1018 3616 latiorcm;
1034 3556 1103 3600 non
1113 3540 1197 3610 erat,
1211 3556 1283 3613 cur,
1296 3532 1388 3620 quod
1402 3532 1496 3619 prin-

190 3641 316 3730 cipium
335 3643 485 3731 primum
505 3647 721 3711 enuntiatum
741 3650 827 3710 esset
845 3643 880 3708 in
901 3637 1054 3708 favorem
1075 3640 1299 3729 pauculorum
1316 3639 1496 3704 hominum

188 3747 331 3835 legalem
351 3749 605 3816 imnuurditiam
623 3772 816 3839 passorum,
837 3748 923 3815 illud
941 3748 1033 3813 idem
1051 3769 1122 3812 non
1141 3745 1211 3812 iam
1230 3746 1326 3812 lieret
1342 3744 1385 3811 ad
1409 3752 1496 3811 tem-

187 3877 250 3943 pus
265 3855 368 3921 lexin
390 3856 541 3922 favorem
559 3856 661 3923 totius
681 3857 801 3944 populi
822 3853 1032 3942 gravissimis
1053 3852 1313 3920 difficultatibus
1328 3849 1494 3939 oppressi.

187 3961 360 4028 Eiusmodi
380 3969 514 4050 tempus
529 3969 602 4029 erat
617 3961 771 4028 iudicum
786 3983 909 4028 aevum
924 3959 1073 4026 hostium
1090 3959 1271 4025 timoribus
1286 3964 1320 4024 et
1333 3956 1499 4023 incursio-

186 4067 288 4134 nibus
304 4068 579 4154 agitatissimum,
603 4091 671 4157 quo
695 4068 724 4134 si
750 4089 869 4134 omnes
889 4066 1112 4152 adigerentur
1135 4063 1268 4131 statutis
1290 4062 1498 4153 quibusdam

186 4173 308 4240 diebus
321 4175 362 4240 ad
378 4175 609 4241 sanctuarium
622 4174 795 4255 accedere,
813 4174 868 4241 vel
880 4174 927 4262 pii
942 4195 1043 4261 saepe
1059 4172 1215 4238 homines
1228 4170 1341 4236 officia
1351 4169 1497 4258 implere
1530 4262 1534 4269 ι

187 4280 327 4346 minime
346 4280 510 4348 valerent.
526 4282 628 4347 Cuius
647 4282 697 4349 rei
714 4280 840 4371 duplex
854 4286 990 4368 praesto
1007 4286 1081 4345 erat
1095 4277 1286 4343 remedium
1307 4298 1314 4343 :
1331 4277 1495 4365 primum,

185 4394 223 4452 ut
245 4388 468 4473 adigerentur
495 4394 638 4454 statutos
662 4388 738 4473 lege
766 4386 839 4453 dies
861 4385 1019 4472 religiose
1041 4405 1190 4463 serrare,
1216 4385 1497 4472 permitterentur

185 4492 412 4560 solemnitates
425 4494 599 4561 celebrare
613 4493 723 4575 don1i;
738 4494 897 4573 alterum,
916 4499 953 4557 ut
966 4490 1190 4578 adigerentur
1204 4490 1249 4556 ad
1263 4488 1495 4557 sanctuarium

185 4599 362 4678 accedere,
389 4601 450 4665 sed
474 4602 715 4667 extenderetur
735 4606 883 4689 tempus.
909 4603 975 4665 Hoc
997 4597 1144 4664 alterum
1171 4595 1375 4672 remedium,
1403 4590 1496 4678 quod

184 4708 272 4768 certe
288 4706 398 4791 magis
416 4713 581 4773 consonat
594 4706 699 4772 indoli
714 4707 802 4793 legis
815 4705 994 4783 mosaicae,
1012 4710 1129 4770 nostra
1148 4701 1203 4767 lex
1215 4699 1334 4765 saucit.
