3366 5346
444 297 494 356 11.
517 312 572 356 aex
592 311 632 355 na
652 311 745 357 nunus
766 313 942 360 narramus
965 317 972 360 :
995 316 1084 360 naar.
1109 284 1242 374 uzi-3(
1437 302 1495 359 3113

232 451 315 539 Cap.
334 449 432 514 XXII
447 467 480 512 v,
506 451 522 511 1
543 470 559 505 «
581 447 659 512 Noa
679 444 810 512 uidebis
835 450 950 515 bouem
967 451 1090 538 [ratris
1109 452 1161 517 tui
1186 479 1215 535 »‚
1238 452 1261 516 i.
1286 473 1316 516 e.
1335 450 1493 531 Hebraei,

187 586 202 616 «
229 567 290 622 aret
311 575 405 620 orem
429 565 611 635 errantem,
636 563 668 617 et
683 553 887 642 praeteribis
912 584 944 623 ».
969 556 1070 624 Hebr.
1097 579 1105 626 :
1129 555 1346 625 absconderis
1370 558 1412 622 ab
1432 555 1493 638 eir,

186 669 217 729 to
233 661 396 728 retrahes.
417 687 432 720 «
459 656 530 727 Sed
551 657 691 726 reduces
701 659 812 748 fratri
836 673 892 728 tuo
914 691 942 728 ».
964 667 1068 730 Porro
1081 687 1114 730 v.
1142 671 1162 730 1
1184 677 1257 756 :inp
1274 662 1433 749 intellige
1454 662 1496 728 de

184 766 443 859 propinquitate
464 764 544 848 loci,
568 766 701 832 nonde
725 768 1054 854 consanguineitate.
1078 771 1221 836 Nomine
1241 770 1394 858 fratrum
1418 791 1451 838 v,
1478 776 1493 835 1

183 896 251 943 non
273 873 391 940 venire
411 872 499 938 solos
519 872 792 960 consanguineos
814 881 908 964 patet
933 876 1019 944 :sed
1045 876 1236 963 generabat
1257 875 1497 944 difficultatem

183 981 355 1048 distantia.
372 979 459 1045 lllud
473 1002 534 1045 aec
543 979 635 1044 nosti
647 980 836 1047 eumfaoile
850 981 1134 1072 interpretaberis
1147 983 1228 1067 imo,
1241 984 1272 1049 si
1283 983 1423 1072 iqaotus
1438 982 1494 1048 sit.

185 1111 216 1154 v.
234 1095 254 1154 1
278 1085 458 1153 «Etiamsi
476 1108 544 1151 aaa
560 1098 609 1152 est
626 1085 844 1177 propinquus
860 1080 1077 1176 fraterintas,
1098 1113 1160 1156 aec
1175 1089 1268 1156 uasti
1284 1111 1374 1174 eum,
1396 1088 1498 1155 duces

185 1195 222 1262 iu
237 1193 373 1261 doraum
396 1205 490 1259 tuam
507 1205 539 1258 et
558 1205 657 1258 eruat
672 1193 770 1282 apud
787 1205 831 1274 te,
848 1193 1017 1284 quamdiu
1033 1208 1177 1286 quaerat
1192 1218 1232 1262 ea
1244 1198 1355 1284 frater
1368 1207 1446 1261 tuus
1465 1207 1497 1260 rt

186 1301 330 1390 recipiat
353 1329 383 1367 11.
408 1322 441 1380 r.
461 1305 516 1365 3«
545 1299 716 1365 Similiter
735 1300 848 1386 facies
867 1300 909 1369 de
931 1303 1039 1389 asino,
1060 1314 1093 1368 et
1112 1301 1153 1368 de
1173 1301 1386 1386 uestimento,
1404 1313 1436 1366 et
1454 1299 1496 1366 rte

186 1405 279 1471 orani
303 1429 338 1471 re
361 1405 486 1493 fratris
510 1406 563 1471 tui
584 1428 673 1496 quae
694 1405 869 1495 perierit:
893 1407 925 1474 si
955 1408 1125 1476 inveneris
1149 1431 1236 1492 eurr,
1271 1432 1313 1475 ur
1339 1406 1496 1497 aeqlr'qaa

186 1513 299 1601 [qrtasi
312 1511 476 1602 alienam]
505 1540 533 1579 ».
563 1515 666 1579 Hebr.
687 1533 696 1580 τ
717 1510 790 1579 vraon
809 1514 942 1602 poteris
963 1515 1127 1582 abscondi
1134 1538 1141 1597 ;
1159 1517 1219 1605 qui
1241 1515 1345 1581 etiam
1359 1513 1499 1600 singula

186 1619 377 1708 expressius
388 1618 552 1686 inculcat.

353 1848 408 1909 11.
430 1845 500 1906 Lea
519 1840 560 1907 de
584 1840 783 1911 adiuvando
801 1843 837 1908 in
859 1843 917 1910 oia
928 1843 1090 1933 proximo
1117 1848 1325 1926 1111111111.

229 2038 313 2125 Arq.
331 2075 374 2086 -
395 2039 513 2102 Frater
527 2035 697 2102 hebraeus
720 2033 893 2105 iuvandus
913 2043 963 2105 est
981 2039 1017 2103 in
1032 2038 1104 2119 via,
1126 2038 1187 2106 ubi
1205 2036 1415 2105 necessarios
1430 2058 1500 2103 non

186 2149 295 2233 potest
313 2143 349 2209 in
369 2141 535 2209 auxilium
557 2141 738 2223 advocare,
762 2143 915 2231 primum
939 2143 977 2210 in
1002 2144 1169 2231 erigendo
1191 2145 1357 2226 iumento,
1381 2165 1498 2211 eonse-

186 2255 332 2339 quenter
344 2250 379 2315 in
394 2248 472 2315 aliis
485 2246 655 2315 similibus
669 2247 941 2318 difficultatibus.

229 2379 262 2421 v.
285 2361 317 2438 1,
342 2355 393 2422 uti
411 2379 444 2423 v.
468 2362 499 2436 1,
518 2353 642 2444 incipit
658 2354 800 2421 vocibus
820 2372 907 2420 narn
923 2347 962 2422 nb
988 2381 995 2425 :
1014 2379 1060 2423 so.
1080 2363 1157 2446 post
1172 2356 1385 2446 perditorum
1401 2356 1499 2423 resti-

187 2462 352 2526 tutionem
373 2461 488 2547 agitur
509 2459 552 2526 de
579 2459 706 2526 auxilio
726 2460 931 2549 praestando
955 2461 993 2527 in
1015 2462 1083 2528 via.
1109 2489 1125 2522 «
1150 2461 1192 2528 Si
1214 2461 1340 2528 videris
1363 2461 1499 2528 asinum

185 2566 307 2653 fratris
323 2565 376 2632 tui
390 2579 450 2631 ortt
473 2568 589 2632 barem
609 2563 771 2632 cecidisse
793 2567 831 2631 ia
851 2566 921 2647 aia,
940 2589 1008 2633 aon
1028 2566 1207 2656 daopiaies,
1228 2566 1289 2634 sed
1308 2567 1500 2634 srtbleuabis

189 2695 266 2738 cum
281 2695 319 2737 eo
337 2700 366 2739 ».

354 2900 409 2960 13.
430 2890 564 2959 Laude
580 2914 651 2959 aaa
672 2891 868 2960 simulando
888 2893 997 2960 altero
1017 2917 1100 2960 reru
1116 2897 1214 2961 Dent.
1239 2900 1330 2976 11,5.

231 3091 316 3178 Arq.
343 3127 387 3137 -
410 3086 638 3155 abhorrenda
662 3086 807 3154 aliarum
835 3087 932 3156 Asiae
960 3088 1118 3175 gentium
1143 3088 1293 3172 licentia,
1320 3095 1359 3156 ut
1378 3088 1503 3156 mulier

189 3202 315 3263 vestem
329 3195 475 3275 virilem,
492 3194 544 3261 vir
557 3197 686 3261 vestem
706 3194 914 3263 muliebrem
927 3195 1061 3263 induat.
1381 3203 1385 3211 “

232 3309 318 3370 Dum
333 3303 418 3372 alias
433 3303 488 3368 vir
504 3300 655 3383 mulieri,
677 3300 734 3367 bio
749 3301 876 3368 mulier
894 3302 969 3369 viro
983 3305 1215 3392 anteponitur.
1234 3303 1330 3369 lllius
1344 3302 1502 3369 licentiae

188 3409 280 3499 apud
308 3411 467 3498 antiquos
490 3407 675 3496 Aegyptios
700 3407 788 3473 nibil
819 3407 1129 3497 deprehendimuS‚
1156 3412 1276 3498 utique
1304 3430 1387 3474 vero
1410 3408 1503 3496 apud

189 3516 284 3581 Asiae
299 3513 479 3581 anterioris
498 3512 654 3602 populos,
679 3516 757 3578 Erat
776 3513 814 3578 in
835 3517 945 3602 Cypro
968 3513 1118 3602 (Seruius
1134 3514 1170 3580 in
1190 3518 1272 3580 Aen.
1291 3519 1331 3580 ll.
1354 3519 1438 3595 6323
1456 3514 1498 3578 cf.

190 3623 339 3687 Maerob.
354 3625 422 3686 Sat.
438 3623 492 3685 lll.
508 3619 542 3708 8)
559 3617 698 3685 Veneris
711 3619 935 3686 simulacrum
957 3646 973 3681 u
990 3619 1187 3700 barbatum,
1205 3642 1348 3711 corpore
1364 3625 1397 3686 et
1412 3624 1502 3686 veste

125 3707 139 3728 ⁶
191 3725 365 3806 muliebri,
392 3747 470 3791 cum
493 3729 626 3813 seeptro
645 3729 679 3789 et
705 3731 830 3792 natura
854 3725 956 3809 virili,
984 3725 1078 3815 quod
1100 3729 1260 3815 ἁφρὸδυτον
1282 3731 1418 3807 vocant,
1447 3726 1503 3792 oui

191 3834 255 3899 viri
273 3834 308 3899 in
323 3837 414 3898 veste
429 3829 591 3898 muliebri
610 3835 644 3896 et
661 3830 822 3898 mulieres
838 3831 876 3898 in
891 3838 984 3899 veste
1006 3831 1097 3899 virili
1117 3831 1311 3899 sacrificant
1328 3861 1357 3898 ».
1374 3831 1504 3898 Similia

192 3939 385 4026 agebantur
397 3938 434 4004 in
459 3936 599 4004 Veneris
618 3937 748 4027 templo
768 3939 927 4027 Aphaeae
944 3939 979 4005 in
999 3938 1189 4027 Coelesyria
1209 3940 1305 4027 (Eue.
1327 3937 1401 4004 Vita
1420 3941 1504 4003 Con-

189 4045 330 4115 stantini
346 4051 399 4112 111.
420 4052 478 4124 55;
499 4046 546 4110 M.
568 4048 716 4125 10,1110
731 4045 813 4134 sq.),
827 4045 865 4112 in
877 4045 970 4112 cultu
989 4045 1131 4132 Cybeles
1146 4044 1261 4134 (April.
1277 4045 1501 4134 Metamorpb.

190 4159 269 4220 t'lll.
291 4161 332 4221 11
355 4173 451 4242 sqq.;
467 4149 611 4217 Lucina.
633 4155 678 4216 De
700 4150 764 4218 dea
783 4173 862 4239 syra
885 4159 938 4219 15.
961 4157 1016 4218 16.
1034 4159 1092 4233 51;
1108 4154 1197 4241 Auq.
1216 4156 1260 4219 De
1275 4150 1340 4218 civ.
1357 4151 1417 4218 Dei
1435 4156 1501 4217 Vll.

190 4266 232 4326 16
250 4284 305 4349 ap.
328 4262 376 4325 M.
401 4263 525 4338 11115
549 4259 630 4346 sq.).
657 4247 704 4322 b:
725 4258 780 4345 (cl.
806 4256 847 4325 ad
870 4261 969 4326 Num.
991 4259 1084 4347 31,6)
1106 4280 1176 4324 non
1198 4258 1287 4326 solas
1309 4263 1428 4341 vestes,
1447 4257 1503 4324 sed

191 4389 326 4433 omnem
348 4364 550 4433 exteriorem
570 4371 731 4432 ornatum
753 4364 923 4452 designat.
948 4387 980 4431 v.
1007 4372 1027 4432 5
1053 4391 1069 4425 α
1093 4367 1170 4433 Non
1195 4365 1360 4433 induetur
1381 4363 1505 4431 mittier

193 4486 278 4537 reste
295 4472 404 4553 uirili,
425 4495 486 4539 aec
506 4471 559 4538 vir
582 4483 700 4539 utetur
721 4484 810 4538 veste
823 4471 1009 4559 feminea:
1032 4470 1283 4539 abominabilis
1301 4471 1391 4539 enim
1410 4469 1506 4559 apurl

194 4581 301 4643 Deum
313 4592 373 4665 est,
394 4580 456 4671 qui
473 4579 562 4667 latit
581 4578 663 4647 laec
681 4606 712 4645 »,
