3366 5346
181 289 239 347 alu
630 306 857 350 cunnnnanaru
879 305 1035 351 sannaus.

180 446 240 505 aut
251 445 342 505 certe
359 440 457 505 valde
470 441 634 507 indirecte
645 447 778 507 tantum
789 441 945 508 alludere
960 439 1005 506 ad
1018 439 1185 521 victimas,
1202 461 1290 528 quae
1305 440 1393 504 forte
1408 438 1497 505 alibi

181 568 285 634 quam
316 547 408 635 apud
438 548 666 615 sanctuarium
695 550 880 615 marimum
904 550 1117 613 oll'errentur.
1143 551 1214 612 Nou
1240 551 1353 635 potest
1375 547 1497 632 urgeri

179 652 239 717 illa
267 652 402 719 omissio
425 652 594 721 donorum
623 654 909 733 voluntariorum,
932 676 1043 742 neque
1073 652 1162 719 illud
1191 674 1279 742 puae
1307 665 1408 717 erum
1433 651 1498 718 tihi

180 761 370 825 necessario
391 783 527 827 sensum
549 761 652 827 babet
676 784 765 850 ptrue
784 773 969 852 praecepta
991 773 1070 827 sum
1093 759 1165 826 tibi.
1190 758 1402 825 Novellarius
1421 760 1496 848 pri·

182 886 255 931 mus
281 866 404 951 agebat
428 869 641 955 potissimum
661 868 704 933 dc
724 869 813 951 loeo,
841 867 899 933 arbi
922 867 1057 953 singula
1081 871 1190 933 essent
1221 864 1392 947 facienda,
1424 887 1497 931 non

180 979 314 1060 poterat
334 972 435 1061 plane
455 974 615 1059 ignorare
634 975 759 1041 altaria
773 975 923 1064 privata3
938 973 1147 1040 novellarius
1166 972 1255 1039 alter
1276 971 1497 1062 potissimum

180 1083 228 1143 est
253 1078 289 1143 in
308 1092 398 1144 recto
424 1102 485 1146 risu
509 1081 689 1170 ιςαηφιιὶηιζκ·
721 1080 936 1149 inculcando.
963 1079 1076 1147 Potuit
1094 1079 1198 1146 etiam
1218 1079 1328 1161 altera
1356 1079 1497 1145 novella

180 1206 251 1250 esse
267 1185 441 1275 antiquior
457 1188 591 1275 priore,
615 1195 779 1277 nataque
799 1194 954 1277 tempore
970 1186 1192 1253 mactationes
1208 1208 1271 1275 pro
1293 1184 1371 1252 cibo
1390 1185 1499 1251 ubili-

181 1290 238 1356 bet
261 1291 369 1358 iactae
392 1299 486 1360 ratae
511 1295 734 1375 haberentur,
756 1296 817 1361 sed
832 1294 991 1361 victimae
1014 1294 1051 1360 in
1064 1294 1137 1359 solo
1152 1293 1252 1359 altari
1268 1292 1415 1359 maximo
1431 1292 1499 1357 im·

182 1397 406 1479 molareutur,
434 1399 516 1467 dum
537 1402 631 1491 prior
649 1402 783 1468 novella
804 1406 885 1469 nata
906 1408 966 1481 est,
990 1423 1058 1489 quo
1087 1406 1241 1489 temporo
1265 1404 1401 1487 praeter
1415 1397 1497 1464 illas

182 1505 405 1572 mactationes
427 1507 594 1575 sacrificia
613 1509 715 1575 etiam
731 1509 766 1574 in
789 1508 956 1574 altaribus
978 1506 1120 1595 privatis
1138 1506 1255 1572 oblata
1276 1504 1499 1571 habebantur

181 1617 267 1678 rata.

224 1740 256 1782 v.
275 1724 316 1782 27
338 1746 353 1778 ι(
378 1722 421 1785 m
439 1722 558 1810 offeres
583 1721 770 1787 oblationes
794 1733 869 1786 treas
896 1748 932 1799 n,
958 1720 1014 1786 sed
1039 1722 1140 1785 Hebr.
1167 1719 1494 1803 :holocaustorum

182 1854 195 1882 a
218 1846 352 1890 curnem
380 1839 411 1891 et
434 1827 652 1916 sareptanum,
678 1850 780 1917 super
805 1826 914 1893 ultore
936 1825 1077 1892 Domini
1106 1825 1169 1890 bei
1192 1824 1264 1909 tui:
1285 1823 1499 1912 sanquinem

180 1928 368 1997 hostiarum
396 1962 409 1990 »
436 1934 657 2022 pacificarurn
689 1964 703 1994 (ι
725 1932 857 2023 [tendes
884 1933 917 1998 in
947 1932 1066 2014 ulturi,
1088 1930 1247 1998 suricibus·
1276 1941 1389 1997 uectem
1423 1930 1500 2018 ipsc

180 2038 322 2103 vesceris
345 2072 370 2105 a.
390 2046 472 2106 Cum
488 2040 676 2107 nuvellarie
695 2064 727 2107 v.
755 2048 797 2106 23
822 2062 898 2131 sqq.
921 2040 1096 2126 agendum
1122 2039 1225 2104 suerit
1248 2037 1290 2103 de
1308 2035 1500 2124 sanquine,

181 2142 283 2208 etiam
305 2144 339 2209 b.
363 2145 385 2212 l.
406 2146 560 2212 eiusdem
580 2147 736 2212 meminit
752 2168 759 2212 :
775 2168 843 2212 non
860 2152 975 2213 tamen
991 2145 1033 2212 de
1048 2144 1216 2232 sanguine
1228 2144 1292 2210 hoc
1310 2164 1414 2210 versu
1434 2166 1501 2231 po-

181 2249 348 2315 tissimum
370 2251 534 2317 sollicitus
554 2259 619 2329 cst,
637 2252 694 2317 scd
718 2252 760 2317 dc
783 2274 894 2318 curae.
922 2257 974 2319 Sc.
1001 2253 1036 2316 in
1055 2250 1215 2318 omnibus
1233 2249 1409 2317 sacrificiis
1423 2256 1502 2317 erat.

181 2356 322 2441 sanguis
349 2356 545 2424 illiniendns
566 2358 679 2441 altari,
707 2358 767 2423 sed
795 2358 830 2423 in
856 2356 1063 2424 holocaustis
1091 2357 1300 2446 imponenda
1325 2362 1400 2432 crat
1423 2360 1501 2424 tota

181 2460 331 2543 victima,
357 2485 436 2528 caro
461 2476 493 2529 et
514 2464 668 2553 ⁴,surripui-s,
692 2466 764 2530 sine
783 2464 911 2553 quibus
931 2486 1000 2531 una
1023 2464 1189 2552 impositis
1210 2486 1280 2531 non
1299 2462 1501 2529 habebatur

182 2566 432 2649 holocaustum,
452 2570 488 2637 in
510 2571 659 2660 pacificis
682 2571 856 2637 sacrificiis
880 2571 971 2638 solus
992 2571 1143 2655 sanguis.
1170 2576 1304 2646 Verum,
1329 2590 1446 2636 nonne
1462 2570 1501 2636 in

182 2674 234 2741 his
252 2674 524 2765 imponebantur
550 2678 651 2745 ctiam
679 2678 784 2767 adeps
808 2684 841 2744 et
863 2678 932 2744 alia
956 2678 1150 2767 quaedam?
1169 2676 1362 2743 Secundum
1383 2676 1501 2763 legem

180 2782 362 2848 mosaicam
384 2785 547 2853 omnino.
572 2785 630 2851 scd
650 2786 734 2851 hacc
751 2784 913 2871 ignorare
934 2784 1070 2850 videtur
1089 2782 1310 2863 novellarum,
1327 2783 1377 2849 uti
1391 2782 1499 2849 ctiam

180 2889 373 2975 portionem
394 2892 562 2957 sacerdoti
587 2891 757 2957 exclusive
779 2896 1012 2957 reservatam:
1034 2912 1154 2957 carnes
1174 2890 1361 2955 universim
1374 2911 1499 2957 conce-

180 2992 232 3058 dit
250 2995 425 3075 fidelibus,
444 2998 504 3084 qui
525 2997 641 3085 utique
659 2997 925 3063 sacrificatorem
940 2997 1040 3085 epulo
1057 2996 1291 3077 adhibuerint,
1308 2996 1364 3061 vel
1387 3018 1500 3085 quae-

180 3098 259 3164 dam
277 3122 314 3164 ex
330 3101 534 3168 liberalitate
553 3103 781 3168 concesserint
791 3102 1034 3169 sacerdotibus.
1051 3109 1115 3184 En,
1133 3124 1202 3168 non
1217 3101 1369 3169 decimae
1382 3102 1498 3170 solum

179 3205 307 3271 alaicis
319 3207 589 3275 comedebantur
601 3209 693 3297 apud
713 3209 958 3275 sanctuarium.

223 3313 437 3379 adscribitur
451 3338 483 3382 v.
506 3322 547 3381 28
559 3313 761 3399 benedicito,
783 3336 872 3403 quam
885 3320 998 3381 tamen
1011 3336 1095 3396 nun,
1112 3315 1162 3379 uti
1177 3314 1235 3380 illa
1256 3338 1287 3381 v.
1311 3322 1365 3389 25,
1382 3315 1498 3380 fertur

179 3420 216 3485 in
230 3443 288 3487 eos
301 3421 424 3503 solum,
438 3421 497 3513 qui
512 3420 600 3488 illud
613 3421 764 3501 unicum,
778 3420 869 3509 qued
880 3419 1079 3487 immediate
1092 3421 1276 3509 praecedat
1291 3422 1337 3510 (v.
1351 3426 1391 3486 23
1407 3420 1493 3508 sq.)‚

179 3526 446 3612 observaverint,
463 3529 522 3595 sed
538 3531 574 3595 in
590 3552 659 3607 eos
680 3528 738 3617 qui
752 3534 861 3594 totum
874 3550 907 3594 v.
921 3533 1023 3593 20-27
1040 3528 1092 3592 vel
1108 3527 1211 3594 etiarn
1230 3534 1341 3593 totum
1357 3548 1390 3593 v.
1408 3532 1495 3593 8³27

178 3634 446 3700 observaverint.
466 3658 496 3701 v.
524 3642 565 3701 28
584 3665 599 3693 α
619 3634 765 3701 Observa
785 3648 816 3698 et
836 3633 921 3699 aredi
944 3634 1061 3699 orrtrriu
1087 3666 1101 3693 u
1122 3637 1223 3699 uerba
1248 3634 1332 3715 ista,
1360 3662 1375 3693 a
1406 3655 1497 3722 qraeuc

178 3762 240 3826 epo
262 3740 438 3829 praecipio
462 3741 533 3824 tibi,
564 3755 601 3806 at
621 3741 704 3805 berre
722 3740 767 3805 sit
783 3740 844 3805 riti
867 3739 993 3827 ctfiliis
1010 3739 1077 3805 tuis
1097 3752 1176 3829 post
1201 3752 1232 3805 te
1253 3740 1290 3805 iu
1316 3739 1495 3829 senapiter-

178 3870 271 3927 num,
291 3870 368 3912 recia
388 3848 524 3933 seceris,
548 3847 641 3935 painel
660 3847 784 3913 busirim
802 3858 850 3911 est
863 3858 895 3912 rt
912 3846 1084 3935 prlucitum
1102 3847 1137 3911 in
1156 3858 1337 3935 coraspertu
1357 3846 1498 3913 llumini

180 3955 240 4017 bei
262 3955 316 4018 tui
337 3984 367 4019 ».
396 3953 589 4033 Benedictio
612 3956 682 4019 sere
707 3954 913 4018 verbotenus
933 3960 1097 4019 consonat
1122 3952 1352 4019 benedictioni
1370 3975 1404 4018 v.
1423 3959 1492 4021 25:

176 4060 250 4123 voci
276 4075 332 4122 vc*
354 4060 561 4126 adscribitur
582 4081 814 4146 synonymum
841 4075 911 4123 τε.
934 4061 1055 4125 [tarius
1071 4067 1255 4126 monentur
1268 4059 1423 4148 primum
1439 4063 1496 4125 ob-

176 4187 324 4245 seruare,
347 4173 463 4254 postea
483 4165 605 4231 urcilire
630 4187 642 4229 .·
668 4187 731 4254 pro
750 4180 861 4232 ramur
880 4181 952 4229 aar·
976 4168 1070 4232 Sani.
1094 4182 1205 4232 nauus
1229 4179 1331 4245 ”22⁶3
1349 4165 1496 4233 sortasse

176 4270 326 4357 germina
352 4272 451 4337 lectio
480 4286 577 4335 urst*
598 4287 696 4341 risu,
722 4271 977 4337 succinctissime
1005 4275 1164 4338 obseruas.
1198 4273 1304 4337 Simul
1329 4295 1382 4353 ea,
1405 4294 1497 4360 quae

176 4377 348 4466 praecedit
371 4378 554 4466 implicatio
578 4380 633 4450 icf.
660 4379 704 4444 ad
728 4382 819 4458 15,·2t
839 4379 1033 4445 declaratur
1048 4401 1119 4444 esse
1132 4391 1353 4466 premeeplum
1369 4379 1494 4457 (arsut,

175 4506 257 4571 ergo
274 4484 400 4549 habere
414 4484 482 4549 vim
500 4485 597 4570 legis.
616 4486 663 4550 tls.
688 4509 721 4572 p.
747 4492 822 4551 112.
