3366 5346
638 324 724 368 naor.
748 309 840 380 28,l6
862 327 925 378 sao.
1381 314 1439 374 467

123 458 301 549 praecoepit
318 456 382 523 tibi
402 485 430 522 a.
450 479 482 522 v.
506 463 547 524 aa
566 485 582 517 a
608 459 653 523 Et
674 470 776 524 erunt
799 458 836 525 in
858 472 890 524 te
908 460 1011 549 siqnu
1033 473 1137 550 utque
1159 461 1337 552 prodiqiu,
1356 474 1388 528 et
1405 464 1440 529 in

128 565 257 632 semine
272 577 331 630 tcco
349 586 455 653 usque
474 564 511 629 in
532 564 776 655 secnpiternum
801 593 830 631 a.
848 566 913 633 Sed
933 566 1037 633 Heba.
1065 581 1122 634 :et
1140 581 1240 634 encnt
1262 569 1439 656 (maledic-

128 672 246 759 tiones)
273 671 310 736 in
336 683 366 736 te
389 671 426 736 in
445 669 545 761 siqnu
570 684 603 736 et
621 672 847 761 inponente.
875 701 890 733 «
917 673 1002 740 llala
1023 673 1242 742 haecomnia
1268 698 1308 742 ea
1326 681 1438 758 crcrnt,

127 784 163 844 ut
179 783 356 866 tamquam
379 777 537 866 prodigia
558 777 611 843 vel
627 778 764 845 effectus
779 779 1042 846 extraordinarii
1058 780 1181 848 luroris
1198 781 1263 848 mei
1287 783 1442 849 habean-

127 890 184 951 tur
198 914 213 946 a
234 883 386 973 (daim).

236 1071 241 1079 ι
268 1111 298 1172 t.
329 1104 558 1173 Comminatio
581 1129 603 1172 α
624 1107 791 1196 propbeta
816 1106 991 1198 adscripto
1015 1111 1115 1178 Deut.
1139 1115 1311 1191 nanu-68.

172 1305 258 1391 Arq.
276 1305 432 1369 -Orsus
449 1302 493 1368 ab
509 1302 676 1368 axiomata
692 1325 724 1368 v.
743 1307 784 1368 lc'l
800 1326 851 1392 sq.
870 1325 960 1384 eum,
985 1305 1043 1393 qui
1062 1327 1131 1372 non
1150 1305 1305 1373 servierit
1319 1306 1439 1388 lahve,

128 1411 333 1476 serviturum
359 1409 511 1476 inimicis
528 1410 608 1490 suis,
637 1409 804 1476 describit
835 1410 910 1476 aevi
936 1433 1056 1497 regum
1088 1413 1256 1501 propbeta
1280 1436 1312 1479 v.
1341 1419 1441 1480 lin-57

128 1524 267 1604 gentem
283 1516 326 1583 dc
348 1515 539 1605 longinquo
562 1515 752 1599 advectam,
774 1516 950 1584 inimicam
972 1518 1215 1600 Hebraeorum,
1234 1542 1323 1609 qnae
1338 1520 1443 1586 nullis

129 1624 267 1690 urbiam
289 1621 540 1690 munitionibus
563 1623 755 1710 frangatur,
781 1622 840 1690 sed
869 1623 970 1690 urbes
990 1625 1143 1692 obsessas
1161 1630 1314 1692 extrema
1327 1625 1442 1692 inedia

128 1729 276 1816 subigat.
300 1733 364 1796 Pro
386 1728 524 1818 epilogo
543 1729 661 1818 aliquo
683 1731 787 1796 totius
807 1729 929 1820 capitis
948 1731 1116 1821 propheta
1139 1754 1172 1798 v.
1198 1738 1301 1799 58-68
1321 1732 1442 1822 plagas

127 1842 205 1904 ante
220 1836 404 1903 recensitas
423 1835 628 1925 recapitulat
645 1842 679 1902 et
691 1840 888 1923 exaggerat,
906 1837 1115 1927 tandemque
1134 1837 1241 1904 exsilii
1266 1838 1441 1905 miseriam

127 1942 304 2009 describit.

172 2049 326 2116 Prodosis
347 2053 397 2115 est
424 2071 457 2113 v.
484 2056 524 2116 '47
550 2069 557 2116 :
586 2077 601 2108 «
632 2050 682 2114 Eo
705 2048 802 2137 quod
821 2071 890 2114 raon
909 2048 1066 2115 servieris
1081 2049 1226 2115 Domino
1240 2053 1310 2116 Deo
1327 2061 1384 2116 tuo
1405 2051 1442 2117 in

126 2155 258 2245 qnccdio
284 2153 464 2244 cordisque
490 2153 625 2220 laetitia
645 2167 788 2244 propter
812 2177 926 2221 remim
957 2154 1111 2222 onmium
1134 2154 1384 2223 ubuccduntiem
1409 2185 1440 2238 a,

127 2262 364 2348 —subiungit
388 2260 555 2350 apodosin
574 2282 606 2326 v.
628 2265 670 2327 aa
693 2281 700 2327 :
723 2288 738 2320 «
766 2259 890 2326 servies
908 2260 1049 2327 inimico
1069 2273 1142 2343 tua,
1164 2285 1263 2352 quem
1279 2261 1442 2329 immittet

128 2368 190 2434 tibi
203 2369 366 2434 Dominus
386 2367 424 2433 in
438 2369 537 2456 socna
550 2379 583 2432 et
602 2365 662 2432 siti
679 2381 711 2432 ct
728 2366 884 2433 nuditate
902 2379 935 2432 et
945 2369 1040 2433 omni
1043 2368 1195 2457 penurie
1210 2397 1240 2448 »,
1254 2408 1299 2419 -
1311 2371 1411 2436 Hebr.
1431 2387 1439 2434 :

128 2488 160 2540 et
174 2474 325 2563 [contario
343 2473 508 2556 occcniccm,
529 2496 574 2539 sc.
599 2495 727 2554 rerum,
755 2474 797 2538 cl.
825 2496 856 2538 v.
882 2478 924 2538 ῐι7
943 2512 988 2524 -
1007 2501 1023 2534 a
1049 2486 1081 2540 et
1093 2488 1202 2564 ponet
1220 2475 1343 2564 iuqccm
1368 2475 1439 2541 fec·-

127 2603 222 2647 rcum
237 2603 339 2670 super
351 2579 512 2646 ceruicem
525 2592 634 2661 tuom,
650 2578 755 2645 donec
770 2592 801 2645 te
819 2591 972 2646 conterat
989 2607 1019 2646 a.

172 2693 322 2776 Sequens
344 2685 527 2774 descriptio
549 2677 639 2750 belle
661 2684 820 2751 convenit
845 2685 989 2773 Assyris,
1013 2685 1073 2774 qui
1091 2708 1290 2776 supremum
1310 2709 1439 2753 numen

128 2792 285 2881 symbolo
300 2792 435 2881 aquilae
452 2790 596 2858 volantis
622 2790 938 2880 repraesentabant.
956 2814 989 2858 v.
1010 2798 1052 2859 tt)
1070 2820 1085 2853 κ
1102 2791 1257 2858 Adducet
1274 2792 1441 2859 Dominus

126 2923 227 2991 super
240 2912 272 2966 te
283 2912 419 2989 qentem
433 2898 474 2964 de
489 2897 679 2987 lonqinquo
695 2909 727 2964 et
746 2897 787 2964 de
802 2897 964 2964 eatremis
982 2910 1089 2965 temne
1096 2898 1236 2988 finibm,
1259 2899 1296 2966 in
1319 2899 1442 2966 simili·

127 3007 280 3074 tudinem
299 3004 439 3096 aquilae
465 3004 611 3071 uolantis
634 3032 665 3071 ».
688 3019 754 3067 nun
776 3004 937 3093 exprimit
952 3004 1116 3086 volatum,
1134 3027 1202 3094 quo
1222 3027 1385 3096 suspensa
1403 3007 1439 3072 in

126 3137 204 3182 aere
217 3115 327 3180 lentur
341 3113 468 3202 aquila,
488 3140 503 3173 a
520 3110 698 3178 celerrime
712 3110 886 3193 advolans,
906 3115 1009 3200 atque
1027 3110 1114 3178 adeo
1128 3111 1311 3202 derepente
1327 3117 1361 3179 et
1373 3111 1440 3178 im-

125 3224 261 3312 proviso
280 3248 296 3282 a
318 3218 466 3309 (Bonsr.)
486 3240 547 3286 seu
563 3245 579 3281 c<
597 3218 685 3308 [cum
705 3217 859 3307 impetui,
879 3217 978 3283 ccciccc
993 3217 1152 3306 linquam
1169 3218 1440 3308 intelliqerenon

124 3328 233 3420 possis
250 3355 280 3397 a,
296 3331 476 3415 Nunquam
494 3325 598 3391 ullius
608 3327 646 3390 in
660 3324 893 3410 intelligendis
904 3324 1126 3405 chananaeis,
1143 3325 1358 3391 Philistbaeis
1373 3331 1437 3393 etc.

127 3433 337 3501 difficultatis
357 3431 512 3497 meminit
530 3431 701 3518 scriptura
729 3450 736 3496 :
761 3429 805 3495 ad
825 3434 964 3516 Assyros
979 3435 1093 3496 autem
1113 3430 1157 3496 cf.
1180 3434 1302 3515 tReg.
1325 3436 1436 3512 18,na;

127 3547 247 3606 2Par.
285 3544 399 3620 ants.
424 3560 457 3602 v.
487 3542 528 3602 50
557 3563 573 3597 κ
604 3536 745 3601 Gentem
765 3534 1060 3624 procacissimam,
1087 3556 1176 3623 quoe
1204 3557 1273 3600 non
1306 3533 1440 3624 deseret

126 3647 200 3713 ‚socci
225 3667 286 3712 nec
315 3643 517 3710 misereatur
538 3641 683 3732 paruuli
715 3670 743 3707 ».
777 3646 864 3708 Haec
894 3663 1030 3708 rursum
1060 3641 1192 3729 Assyria
1219 3644 1437 3710 conveniunt.

127 3757 228 3820 Hebc.
250 3750 345 3840 facie
364 3749 563 3829 uiolentam,
584 3751 676 3814 LXX
692 3751 804 3828 ἁνειδὲς
824 3751 985 3836 προσώπῳ.
1006 3773 1023 3808 a
1043 3748 1363 3831 Du1·afr0ns,lr0ns
1382 3771 1438 3815 ae-

126 3883 202 3943 nea,
224 3858 409 3924 obfirmare
424 3854 546 3921 faciem
566 3856 708 3944 phrases
725 3861 804 3920 sunt
821 3855 857 3919 in
879 3853 1000 3940 lingua
1014 3859 1130 3920 sancta
1149 3854 1345 3934 familiares
1364 3854 1439 3943 qui·

123 3968 189 4033 bus
205 3965 418 4052 significatur
430 3961 661 4050 impudentia,
674 3959 829 4041 audacia,
848 3960 1031 4027 obstinatio
1049 3988 1064 4020 a
1079 3959 1236 4048 (Calua).
1256 3984 1287 4026 v.
1306 3967 1344 4026 51
1363 3988 1378 4021 «
1394 3962 1439 4026 Et

129 4072 262 4139 decoret
272 4074 428 4162 fricatum
443 4068 669 4136 iumentorum
686 4079 823 4134 tuorum
839 4089 878 4133 ac
889 4069 1013 4156 scncqes
1031 4077 1138 4133 terroe
1158 4078 1248 4153 tune,
1267 4065 1374 4133 donec
1385 4066 1440 4132 in-

130 4194 250 4263 cereas,
268 4190 300 4245 et
314 4200 383 4243 non
399 4175 572 4264 relinquat
587 4173 651 4240 tibi
665 4173 831 4255 triticum,
843 4173 960 4240 oinccnc
978 4186 1011 4239 ct
1026 4174 1149 4256 oleum,
1169 4185 1324 4239 uincente
1339 4175 1439 4240 boum

130 4301 161 4354 et
175 4309 293 4377 qreqes
307 4285 433 4364 ooc'um,
452 4280 557 4348 donee
579 4293 609 4347 te
624 4280 801 4370 disperdat
821 4308 852 4346 a.
875 4281 922 4347 cf.
939 4303 970 4346 v.
993 4285 1024 4347 lc.
1044 4284 1136 4346 llanc
1150 4302 1254 4368 porro
1275 4302 1438 4368 agrorum

129 4394 396 4462 devastationem
421 4393 649 4478 consequetur
672 4386 811 4454 urbium
834 4385 967 4453 obsidio
982 4409 1014 4453 v.
1035 4392 1077 4452 52
1098 4406 1106 4453 :
1130 4389 1208 4452 «Et
1227 4399 1381 4453 conterat
1401 4415 1438 4468 a,

45 4538 50 4549 ·
127 4525 186 4569 seu
206 4502 319 4567 verius
334 4497 505 4578 obsidebit,
526 4522 542 4557 «
567 4495 605 4561 in
622 4493 754 4561 cunctis
775 4494 911 4559 corbibus
931 4493 999 4559 tuis
1014 4505 1048 4559 et
1071 4520 1105 4575 »‚
1123 4514 1183 4560 seu
1202 4494 1314 4560 verius
1333 4514 1439 4581 usque

127 4609 222 4692 dnm,
239 4636 254 4669 «
273 4605 493 4672 destruantur
507 4601 599 4668 muci
614 4601 667 4668 tui
679 4599 776 4690 finni
790 4612 895 4689 atque
912 4599 1083 4681 sublimes,
1103 4599 1140 4665 in
1158 4599 1280 4688 quibus
1293 4597 1440 4665 lcubebes

123 4713 292 4807 fiduciam
304 4712 341 4778 in
354 4710 448 4778 acccni
462 4722 553 4777 terra
566 4721 627 4776 tua
647 4737 677 4777 a.
696 4707 806 4795 Igitur
820 4706 923 4776 urbes
940 4730 1010 4774 non
1025 4707 1137 4774 solum
1152 4704 1364 4786 obsidentur,
1380 4705 1439 4772 sed
