<?xml version="1.0" encoding="UTF-8"?>
<!DOCTYPE html PUBLIC "-//W3C//DTD XHTML 1.0 Transitional//EN"
    "http://www.w3.org/TR/xhtml1/DTD/xhtml1-transitional.dtd">
<html xmlns="http://www.w3.org/1999/xhtml" xml:lang="en" lang="en">
 <head>
  <title>
</title>
<meta http-equiv="Content-Type" content="text/html;charset=utf-8" />
  <meta name='ocr-system' content='tesseract 3.04.00' />
  <meta name='ocr-capabilities' content='ocr_page ocr_carea ocr_par ocr_line ocrx_word'/>
</head>
<body>
  <div class='ocr_page' id='page_1' title='image "./commentariusind00hummgoog/commentariusind00hummgoog_0248.png"; bbox 0 0 3366 5346; ppageno 0'>
   <div class='ocr_carea' id='block_1_1' title="bbox 567 1201 1019 1264">
    <p class='ocr_par' dir='ltr' id='par_1_1' title="bbox 567 1201 1019 1264">
     <span class='ocr_line' id='line_1_1' title="bbox 567 1201 1019 1264; baseline 0.007 -16"><span class='ocrx_word' id='word_1_1' title='bbox 567 1203 701 1263; x_wconf 82' lang='lat' dir='ltr'><strong>Inscriptio</strong></span> <span class='ocrx_word' id='word_1_2' title='bbox 717 1201 812 1250; x_wconf 84' lang='lat' dir='ltr'>Therae</span> <span class='ocrx_word' id='word_1_3' title='bbox 825 1203 899 1250; x_wconf 83' lang='lat' dir='ltr'>Dent.</span> <span class='ocrx_word' id='word_1_4' title='bbox 915 1205 1019 1264; x_wconf 58' lang='lat' dir='ltr'>tal-re.</span> 
     </span>
    </p>
   </div>
   <div class='ocr_carea' id='block_1_2' title="bbox 135 1537 1450 2061">
    <p class='ocr_par' dir='ltr' id='par_1_2' title="bbox 135 1537 1450 2061">
     <span class='ocr_line' id='line_1_2' title="bbox 182 1537 1447 1640; baseline -0.001 -23"><span class='ocrx_word' id='word_1_5' title='bbox 182 1553 267 1640; x_wconf 73' lang='lat' dir='ltr'>Arq.</span> <span class='ocrx_word' id='word_1_6' title='bbox 286 1587 331 1600; x_wconf 91' lang='lat'><em>-</em></span> <span class='ocrx_word' id='word_1_7' title='bbox 350 1548 548 1615; x_wconf 83' lang='lat' dir='ltr'>Allirmatur</span> <span class='ocrx_word' id='word_1_8' title='bbox 567 1548 656 1615; x_wconf 89' lang='lat' dir='ltr'>tradi</span> <span class='ocrx_word' id='word_1_9' title='bbox 670 1537 770 1615; x_wconf 80' lang='lat' dir='ltr'>tliera</span> <span class='ocrx_word' id='word_1_10' title='bbox 787 1549 904 1636; x_wconf 81' lang='lat' dir='ltr'>Moysis</span> <span class='ocrx_word' id='word_1_11' title='bbox 918 1572 989 1630; x_wconf 90' lang='lat' dir='ltr'>seu,</span> <span class='ocrx_word' id='word_1_12' title='bbox 1007 1549 1081 1616; x_wconf 89' lang='lat' dir='ltr'>aliis</span> <span class='ocrx_word' id='word_1_13' title='bbox 1100 1549 1224 1632; x_wconf 76' lang='lat' dir='ltr'>verbiS,</span> <span class='ocrx_word' id='word_1_14' title='bbox 1240 1550 1447 1632; x_wconf 88' lang='lat' dir='ltr'>testimonia,</span> 
     </span>
     <span class='ocr_line' id='line_1_3' title="bbox 137 1654 1450 1746; baseline 0 -22"><span class='ocrx_word' id='word_1_15' title='bbox 137 1664 262 1726; x_wconf 86' lang='lat' dir='ltr'>statuta</span> <span class='ocrx_word' id='word_1_16' title='bbox 278 1663 311 1723; x_wconf 89' lang='lat' dir='ltr'>et</span> <span class='ocrx_word' id='word_1_17' title='bbox 332 1654 472 1737; x_wconf 85' lang='lat' dir='ltr'>iudicia,</span> <span class='ocrx_word' id='word_1_18' title='bbox 489 1676 577 1745; x_wconf 89' lang='lat' dir='ltr'>quae</span> <span class='ocrx_word' id='word_1_19' title='bbox 594 1656 773 1744; x_wconf 81' lang='lat' dir='ltr'><strong>proposuit</strong></span> <span class='ocrx_word' id='word_1_20' title='bbox 791 1655 934 1745; x_wconf 90' lang='lat' dir='ltr'>populo.</span> <span class='ocrx_word' id='word_1_21' title='bbox 951 1661 1098 1733; x_wconf 86' lang='lat' dir='ltr'>Quorum</span> <span class='ocrx_word' id='word_1_22' title='bbox 1114 1657 1368 1746; x_wconf 90' lang='lat' dir='ltr'>propositorum</span> <span class='ocrx_word' id='word_1_23' title='bbox 1386 1657 1450 1724; x_wconf 92' lang='lat' dir='ltr'>de-</span> 
     </span>
     <span class='ocr_line' id='line_1_4' title="bbox 135 1760 1449 1852; baseline 0.001 -23"><span class='ocrx_word' id='word_1_24' title='bbox 135 1765 255 1830; x_wconf 85' lang='lat' dir='ltr'>linitur</span> <span class='ocrx_word' id='word_1_25' title='bbox 271 1770 405 1851; x_wconf 90' lang='lat' dir='ltr'>tempus</span> <span class='ocrx_word' id='word_1_26' title='bbox 436 1790 449 1821; x_wconf 76' lang='lat' dir='ltr'>a</span> <span class='ocrx_word' id='word_1_27' title='bbox 464 1767 541 1850; x_wconf 89' lang='lat' dir='ltr'>post</span> <span class='ocrx_word' id='word_1_28' title='bbox 555 1760 701 1827; x_wconf 86' lang='lat' dir='ltr'>exodum</span> <span class='ocrx_word' id='word_1_29' title='bbox 719 1789 734 1822; x_wconf 89' lang='lat'>»</span> <span class='ocrx_word' id='word_1_30' title='bbox 755 1762 973 1850; x_wconf 79' lang='lat' dir='ltr'>completam,</span> <span class='ocrx_word' id='word_1_31' title='bbox 990 1769 1024 1828; x_wconf 89' lang='lat' dir='ltr'>et</span> <span class='ocrx_word' id='word_1_32' title='bbox 1042 1763 1144 1844; x_wconf 81' lang='lat' dir='ltr'>leona,</span> <span class='ocrx_word' id='word_1_33' title='bbox 1161 1763 1259 1829; x_wconf 78' lang='lat' dir='ltr'>vallis</span> <span class='ocrx_word' id='word_1_34' title='bbox 1279 1764 1449 1852; x_wconf 79' lang='lat' dir='ltr'>quaedam</span> 
     </span>
     <span class='ocr_line' id='line_1_5' title="bbox 136 1867 1450 1957; baseline 0.003 -24"><span class='ocrx_word' id='word_1_35' title='bbox 136 1877 229 1935; x_wconf 87' lang='lat' dir='ltr'>trans</span> <span class='ocrx_word' id='word_1_36' title='bbox 244 1869 434 1935; x_wconf 82' lang='lat' dir='ltr'>Iordanem.</span> <span class='ocrx_word' id='word_1_37' title='bbox 454 1867 515 1932; x_wconf 74' lang='lat' dir='ltr'>rbi</span> <span class='ocrx_word' id='word_1_38' title='bbox 529 1867 733 1956; x_wconf 88' lang='lat' dir='ltr'>compendio</span> <span class='ocrx_word' id='word_1_39' title='bbox 750 1869 927 1957; x_wconf 90' lang='lat' dir='ltr'>repetitur,</span> <span class='ocrx_word' id='word_1_40' title='bbox 942 1869 1116 1957; x_wconf 90' lang='lat' dir='ltr'>quomodo</span> <span class='ocrx_word' id='word_1_41' title='bbox 1133 1870 1290 1951; x_wconf 81' lang='lat' dir='ltr'>Hebraei,</span> <span class='ocrx_word' id='word_1_42' title='bbox 1308 1870 1450 1937; x_wconf 89' lang='lat' dir='ltr'>devictis</span> 
     </span>
     <span class='ocr_line' id='line_1_6' title="bbox 137 1973 1447 2061; baseline 0.001 -19"><span class='ocrx_word' id='word_1_43' title='bbox 137 1976 250 2042; x_wconf 86' lang='lat' dir='ltr'>Sehon</span> <span class='ocrx_word' id='word_1_44' title='bbox 265 1985 299 2042; x_wconf 91' lang='lat' dir='ltr'>et</span> <span class='ocrx_word' id='word_1_45' title='bbox 317 1978 368 2061; x_wconf 84' lang='lat' dir='ltr'>Og</span> <span class='ocrx_word' id='word_1_46' title='bbox 381 1974 521 2060; x_wconf 83' lang='lat' dir='ltr'>regibus</span> <span class='ocrx_word' id='word_1_47' title='bbox 536 1973 836 2056; x_wconf 67' lang='lat' dir='ltr'>amorrhaeorum,</span> <span class='ocrx_word' id='word_1_48' title='bbox 854 1974 1163 2042; x_wconf 88' lang='lat' dir='ltr'>transierdanicam</span> <span class='ocrx_word' id='word_1_49' title='bbox 1180 1996 1276 2041; x_wconf 87' lang='lat' dir='ltr'>suam</span> <span class='ocrx_word' id='word_1_50' title='bbox 1291 1976 1447 2044; x_wconf 82' lang='lat' dir='ltr'>fecerint.</span> 
     </span>
    </p>
   </div>
   <div class='ocr_carea' id='block_1_3' title="bbox 181 2079 1547 2172">
    <p class='ocr_par' dir='ltr' id='par_1_3' title="bbox 181 2079 1547 2172">
     <span class='ocr_line' id='line_1_7' title="bbox 181 2079 1547 2172; baseline 0.001 -25"><span class='ocrx_word' id='word_1_51' title='bbox 181 2082 431 2161; x_wconf 76' lang='lat' dir='ltr'>Quaestionem,</span> <span class='ocrx_word' id='word_1_52' title='bbox 449 2080 561 2146; x_wconf 78' lang='lat' dir='ltr'>sintne</span> <span class='ocrx_word' id='word_1_53' title='bbox 577 2079 614 2144; x_wconf 92' lang='lat' dir='ltr'>hi</span> <span class='ocrx_word' id='word_1_54' title='bbox 629 2102 745 2145; x_wconf 90' lang='lat' dir='ltr'>versus</span> <span class='ocrx_word' id='word_1_55' title='bbox 759 2080 936 2169; x_wconf 84' lang='lat' dir='ltr'>inscriptio</span> <span class='ocrx_word' id='word_1_56' title='bbox 954 2082 1169 2170; x_wconf 86' lang='lat' dir='ltr'>sequentium</span> <span class='ocrx_word' id='word_1_57' title='bbox 1184 2104 1228 2147; x_wconf 89' lang='lat' dir='ltr'>an</span> <span class='ocrx_word' id='word_1_58' title='bbox 1244 2081 1449 2172; x_wconf 87' lang='lat' dir='ltr'>subscriptio</span> <span class='ocrx_word' id='word_1_59' title='bbox 1544 2084 1547 2095; x_wconf 87' lang='lat'>&#39;</span> 
     </span>
    </p>
   </div>
   <div class='ocr_carea' id='block_1_4' title="bbox 135 2187 1449 2809">
    <p class='ocr_par' dir='ltr' id='par_1_4' title="bbox 135 2187 1449 2489">
     <span class='ocr_line' id='line_1_8' title="bbox 138 2187 1449 2277; baseline 0.002 -24"><span class='ocrx_word' id='word_1_60' title='bbox 138 2187 427 2277; x_wconf 85' lang='lat' dir='ltr'>praecedentium,</span> <span class='ocrx_word' id='word_1_61' title='bbox 443 2187 515 2252; x_wconf 86' lang='lat' dir='ltr'>fere</span> <span class='ocrx_word' id='word_1_62' title='bbox 529 2187 732 2272; x_wconf 79' lang='lat' dir='ltr'>ignoravere</span> <span class='ocrx_word' id='word_1_63' title='bbox 747 2187 950 2276; x_wconf 86' lang='lat' dir='ltr'>interpretes</span> <span class='ocrx_word' id='word_1_64' title='bbox 966 2187 1136 2254; x_wconf 87' lang='lat' dir='ltr'>catholici.</span> <span class='ocrx_word' id='word_1_65' title='bbox 1154 2188 1449 2277; x_wconf 80' lang='lat' dir='ltr'>subscriptionem</span> 
     </span>
     <span class='ocr_line' id='line_1_9' title="bbox 135 2292 1446 2385; baseline 0.002 -24"><span class='ocrx_word' id='word_1_66' title='bbox 135 2295 243 2361; x_wconf 87' lang='lat' dir='ltr'>fecere</span> <span class='ocrx_word' id='word_1_67' title='bbox 263 2295 388 2360; x_wconf 79' lang='lat' dir='ltr'>Moser.</span> <span class='ocrx_word' id='word_1_68' title='bbox 408 2299 590 2381; x_wconf 87' lang='lat' dir='ltr'>nosterque</span> <span class='ocrx_word' id='word_1_69' title='bbox 614 2298 726 2359; x_wconf 89' lang='lat' dir='ltr'>textus</span> <span class='ocrx_word' id='word_1_70' title='bbox 752 2294 861 2376; x_wconf 76' lang='lat' dir='ltr'>Sana,</span> <span class='ocrx_word' id='word_1_71' title='bbox 882 2292 964 2359; x_wconf 91' lang='lat' dir='ltr'>item</span> <span class='ocrx_word' id='word_1_72' title='bbox 989 2293 1153 2360; x_wconf 89' lang='lat' dir='ltr'>editiones</span> <span class='ocrx_word' id='word_1_73' title='bbox 1170 2297 1261 2359; x_wconf 82' lang='lat' dir='ltr'>LXX</span> <span class='ocrx_word' id='word_1_74' title='bbox 1282 2302 1315 2360; x_wconf 92' lang='lat' dir='ltr'>et</span> <span class='ocrx_word' id='word_1_75' title='bbox 1346 2295 1446 2385; x_wconf 71' lang='lat' dir='ltr'>Vulj.</span> 
     </span>
     <span class='ocr_line' id='line_1_10' title="bbox 135 2398 1258 2489; baseline -0.001 -23"><span class='ocrx_word' id='word_1_76' title='bbox 135 2399 391 2489; x_wconf 82' lang='lat' dir='ltr'>inscriptionem</span> <span class='ocrx_word' id='word_1_77' title='bbox 406 2400 675 2488; x_wconf 87' lang='lat' dir='ltr'>pronuntiavere</span> <span class='ocrx_word' id='word_1_78' title='bbox 697 2401 798 2476; x_wconf 79' lang='lat' dir='ltr'>Tost,</span> <span class='ocrx_word' id='word_1_79' title='bbox 816 2401 875 2481; x_wconf 77' lang='lat' dir='ltr'>Su,</span> <span class='ocrx_word' id='word_1_80' title='bbox 895 2398 1020 2488; x_wconf 90' lang='lat' dir='ltr'>quibus</span> <span class='ocrx_word' id='word_1_81' title='bbox 1037 2399 1258 2466; x_wconf 89' lang='lat' dir='ltr'>assentimur.</span> 
     </span>
    </p>

    <p class='ocr_par' dir='ltr' id='par_1_5' title="bbox 136 2504 1448 2809">
     <span class='ocr_line' id='line_1_11' title="bbox 178 2504 1446 2592; baseline 0.002 -19"><span class='ocrx_word' id='word_1_82' title='bbox 178 2509 321 2573; x_wconf 80' lang='lat' dir='ltr'>Nomine</span> <span class='ocrx_word' id='word_1_83' title='bbox 339 2506 455 2571; x_wconf 75' lang='lat' dir='ltr'>thorae</span> <span class='ocrx_word' id='word_1_84' title='bbox 469 2527 501 2572; x_wconf 90' lang='lat' dir='ltr'>v.</span> <span class='ocrx_word' id='word_1_85' title='bbox 525 2511 564 2571; x_wconf 82' lang='lat' dir='ltr'>tt</span> <span class='ocrx_word' id='word_1_86' title='bbox 582 2526 650 2570; x_wconf 93' lang='lat' dir='ltr'>nen</span> <span class='ocrx_word' id='word_1_87' title='bbox 671 2504 806 2570; x_wconf 86' lang='lat' dir='ltr'>videtur</span> <span class='ocrx_word' id='word_1_88' title='bbox 821 2504 996 2591; x_wconf 80' lang='lat' dir='ltr'>designari</span> <span class='ocrx_word' id='word_1_89' title='bbox 1016 2507 1090 2572; x_wconf 89' lang='lat' dir='ltr'>sola</span> <span class='ocrx_word' id='word_1_90' title='bbox 1105 2507 1212 2573; x_wconf 91' lang='lat' dir='ltr'>oratio</span> <span class='ocrx_word' id='word_1_91' title='bbox 1226 2512 1320 2573; x_wconf 87' lang='lat' dir='ltr'>Dent.</span> <span class='ocrx_word' id='word_1_92' title='bbox 1338 2514 1446 2592; x_wconf 80' lang='lat' dir='ltr'>1‚o-t,</span> 
     </span>
     <span class='ocr_line' id='line_1_12' title="bbox 136 2610 1448 2700; baseline -0.001 -19"><span class='ocrx_word' id='word_1_93' title='bbox 136 2622 190 2691; x_wconf 77' lang='lat' dir='ltr'>t0,</span> <span class='ocrx_word' id='word_1_94' title='bbox 205 2635 282 2680; x_wconf 90' lang='lat' dir='ltr'>eum</span> <span class='ocrx_word' id='word_1_95' title='bbox 301 2614 420 2679; x_wconf 88' lang='lat' dir='ltr'>eadem</span> <span class='ocrx_word' id='word_1_96' title='bbox 441 2618 495 2691; x_wconf 88' lang='lat'>1‚5</span> <span class='ocrx_word' id='word_1_97' title='bbox 512 2611 636 2677; x_wconf 90' lang='lat' dir='ltr'>diserte</span> <span class='ocrx_word' id='word_1_98' title='bbox 649 2610 843 2700; x_wconf 89' lang='lat' dir='ltr'>appelletur</span> <span class='ocrx_word' id='word_1_99' title='bbox 856 2611 1105 2678; x_wconf 79' lang='lat' dir='ltr'>comrrrendatie</span> <span class='ocrx_word' id='word_1_100' title='bbox 1122 2613 1265 2678; x_wconf 77' lang='lat' dir='ltr'>thorae:</span> <span class='ocrx_word' id='word_1_101' title='bbox 1280 2613 1374 2679; x_wconf 90' lang='lat' dir='ltr'>aliud</span> <span class='ocrx_word' id='word_1_102' title='bbox 1389 2637 1448 2680; x_wconf 89' lang='lat' dir='ltr'>au·</span> 
     </span>
     <span class='ocr_line' id='line_1_13' title="bbox 137 2717 1447 2809; baseline 0.001 -24"><span class='ocrx_word' id='word_1_103' title='bbox 137 2728 203 2785; x_wconf 91' lang='lat' dir='ltr'>tem</span> <span class='ocrx_word' id='word_1_104' title='bbox 236 2719 369 2785; x_wconf 89' lang='lat' dir='ltr'>videtur</span> <span class='ocrx_word' id='word_1_105' title='bbox 394 2741 465 2785; x_wconf 88' lang='lat' dir='ltr'>esse</span> <span class='ocrx_word' id='word_1_106' title='bbox 497 2718 759 2797; x_wconf 85' lang='lat' dir='ltr'>documentum,</span> <span class='ocrx_word' id='word_1_107' title='bbox 782 2717 877 2806; x_wconf 91' lang='lat' dir='ltr'>quod</span> <span class='ocrx_word' id='word_1_108' title='bbox 902 2718 1174 2800; x_wconf 88' lang='lat' dir='ltr'>commendatur,</span> <span class='ocrx_word' id='word_1_109' title='bbox 1200 2725 1233 2784; x_wconf 92' lang='lat' dir='ltr'>et</span> <span class='ocrx_word' id='word_1_110' title='bbox 1257 2719 1361 2802; x_wconf 91' lang='lat' dir='ltr'>illud,</span> <span class='ocrx_word' id='word_1_111' title='bbox 1379 2743 1447 2809; x_wconf 94' lang='lat' dir='ltr'>quo</span> 
     </span>
    </p>
   </div>
   <div class='ocr_carea' id='block_1_5' title="bbox 134 2799 1579 2916">
    <p class='ocr_par' dir='ltr' id='par_1_6' title="bbox 134 2799 1579 2916">
     <span class='ocr_line' id='line_1_14' title="bbox 134 2799 1579 2916; baseline 0 -24"><span class='ocrx_word' id='word_1_112' title='bbox 134 2825 405 2892; x_wconf 86' lang='lat' dir='ltr'>commendatur.</span> <span class='ocrx_word' id='word_1_113' title='bbox 424 2824 524 2891; x_wconf 75' lang='lat' dir='ltr'>Aliud</span> <span class='ocrx_word' id='word_1_114' title='bbox 542 2830 591 2890; x_wconf 92' lang='lat' dir='ltr'>est</span> <span class='ocrx_word' id='word_1_115' title='bbox 616 2837 669 2887; x_wconf 71' lang='lat' dir='ltr'>ort</span> <span class='ocrx_word' id='word_1_116' title='bbox 687 2829 764 2901; x_wconf 62' lang='lat' dir='ltr'>tait</span> <span class='ocrx_word' id='word_1_117' title='bbox 791 2830 824 2889; x_wconf 90' lang='lat' dir='ltr'>et</span> <span class='ocrx_word' id='word_1_118' title='bbox 839 2839 902 2886; x_wconf 58' lang='lat' dir='ltr'>aas</span> <span class='ocrx_word' id='word_1_119' title='bbox 921 2831 989 2906; x_wconf 87' lang='lat'>1,5.</span> <span class='ocrx_word' id='word_1_120' title='bbox 1013 2824 1107 2890; x_wconf 92' lang='lat' dir='ltr'>lllius</span> <span class='ocrx_word' id='word_1_121' title='bbox 1130 2824 1370 2906; x_wconf 83' lang='lat' dir='ltr'>erationis1,.t</span> <span class='ocrx_word' id='word_1_122' title='bbox 1393 2848 1444 2916; x_wconf 91' lang='lat' dir='ltr'>sq.</span> <span class='ocrx_word' id='word_1_123' title='bbox 1533 2906 1535 2913; x_wconf 28' lang='grc' dir='ltr'>Ι</span> <span class='ocrx_word' id='word_1_124' title='bbox 1575 2799 1579 2808; x_wconf 90' lang='lat'>.</span> 
     </span>
    </p>
   </div>
   <div class='ocr_carea' id='block_1_6' title="bbox 127 2931 1446 4513">
    <p class='ocr_par' dir='ltr' id='par_1_7' title="bbox 133 2931 1446 3128">
     <span class='ocr_line' id='line_1_15' title="bbox 133 2931 1446 3020; baseline 0 -21"><span class='ocrx_word' id='word_1_125' title='bbox 133 2932 392 2999; x_wconf 82' lang='lat' dir='ltr'>adscribebatur</span> <span class='ocrx_word' id='word_1_126' title='bbox 407 2938 543 3020; x_wconf 90' lang='lat' dir='ltr'>tempus</span> <span class='ocrx_word' id='word_1_127' title='bbox 555 2936 587 2996; x_wconf 90' lang='lat' dir='ltr'>et</span> <span class='ocrx_word' id='word_1_128' title='bbox 602 2931 698 2996; x_wconf 92' lang='lat' dir='ltr'>locus</span> <span class='ocrx_word' id='word_1_129' title='bbox 715 2953 722 2998; x_wconf 91' lang='lat'>:</span> <span class='ocrx_word' id='word_1_130' title='bbox 739 2952 808 2996; x_wconf 92' lang='lat' dir='ltr'>non</span> <span class='ocrx_word' id='word_1_131' title='bbox 826 2936 911 3014; x_wconf 87' lang='lat' dir='ltr'>erat,</span> <span class='ocrx_word' id='word_1_132' title='bbox 929 2954 990 2998; x_wconf 92' lang='lat' dir='ltr'>eur</span> <span class='ocrx_word' id='word_1_133' title='bbox 1003 2931 1123 2998; x_wconf 89' lang='lat' dir='ltr'>eadem</span> <span class='ocrx_word' id='word_1_134' title='bbox 1140 2936 1218 3011; x_wconf 56' lang='grc' dir='ltr'>ΜΒ</span> <span class='ocrx_word' id='word_1_135' title='bbox 1233 2953 1308 3020; x_wconf 92' lang='lat' dir='ltr'>sqq.</span> <span class='ocrx_word' id='word_1_136' title='bbox 1329 2955 1446 2999; x_wconf 91' lang='lat' dir='ltr'>rursus</span> 
     </span>
     <span class='ocr_line' id='line_1_16' title="bbox 133 3036 1348 3128; baseline 0 -23"><span class='ocrx_word' id='word_1_137' title='bbox 133 3039 420 3121; x_wconf 86' lang='lat' dir='ltr'>adscriberentur,</span> <span class='ocrx_word' id='word_1_138' title='bbox 440 3037 468 3104; x_wconf 90' lang='lat' dir='ltr'>si</span> <span class='ocrx_word' id='word_1_139' title='bbox 487 3036 632 3103; x_wconf 86' lang='lat' dir='ltr'>eandem</span> <span class='ocrx_word' id='word_1_140' title='bbox 646 3036 741 3103; x_wconf 91' lang='lat' dir='ltr'>illam</span> <span class='ocrx_word' id='word_1_141' title='bbox 759 3037 948 3104; x_wconf 90' lang='lat' dir='ltr'>orationem</span> <span class='ocrx_word' id='word_1_142' title='bbox 967 3037 1004 3103; x_wconf 91' lang='lat' dir='ltr'>bi</span> <span class='ocrx_word' id='word_1_143' title='bbox 1021 3060 1138 3104; x_wconf 85' lang='lat' dir='ltr'>versus</span> <span class='ocrx_word' id='word_1_144' title='bbox 1152 3038 1348 3128; x_wconf 90' lang='lat' dir='ltr'>respiciant.</span> 
     </span>
    </p>

    <p class='ocr_par' dir='ltr' id='par_1_8' title="bbox 128 3142 1445 4063">
     <span class='ocr_line' id='line_1_17' title="bbox 175 3142 1442 3235; baseline 0.003 -25"><span class='ocrx_word' id='word_1_145' title='bbox 175 3149 289 3235; x_wconf 88' lang='lat' dir='ltr'>Neque</span> <span class='ocrx_word' id='word_1_146' title='bbox 312 3147 451 3211; x_wconf 90' lang='lat' dir='ltr'>nomine</span> <span class='ocrx_word' id='word_1_147' title='bbox 472 3144 588 3211; x_wconf 76' lang='lat' dir='ltr'>thorae</span> <span class='ocrx_word' id='word_1_148' title='bbox 607 3167 640 3209; x_wconf 90' lang='lat' dir='ltr'>v.</span> <span class='ocrx_word' id='word_1_149' title='bbox 663 3149 704 3210; x_wconf 79' lang='lat' dir='ltr'>tt</span> <span class='ocrx_word' id='word_1_150' title='bbox 724 3142 862 3210; x_wconf 89' lang='lat' dir='ltr'>videtur</span> <span class='ocrx_word' id='word_1_151' title='bbox 879 3144 1053 3230; x_wconf 84' lang='lat' dir='ltr'>designari</span> <span class='ocrx_word' id='word_1_152' title='bbox 1076 3149 1133 3211; x_wconf 83' lang='lat' dir='ltr'>Ex.</span> <span class='ocrx_word' id='word_1_153' title='bbox 1160 3152 1213 3225; x_wconf 89' lang='lat'>1,1</span> <span class='ocrx_word' id='word_1_154' title='bbox 1234 3184 1277 3194; x_wconf 94' lang='lat'>-</span> <span class='ocrx_word' id='word_1_155' title='bbox 1292 3151 1388 3213; x_wconf 89' lang='lat' dir='ltr'>Dent.</span> <span class='ocrx_word' id='word_1_156' title='bbox 1412 3154 1442 3229; x_wconf 80' lang='lat' dir='ltr'>t,</span> 
     </span>
     <span class='ocr_line' id='line_1_18' title="bbox 133 3249 1444 3340; baseline 0 -21"><span class='ocrx_word' id='word_1_157' title='bbox 133 3257 187 3333; x_wconf 80' lang='lat' dir='ltr'>tt,</span> <span class='ocrx_word' id='word_1_158' title='bbox 204 3260 241 3318; x_wconf 89' lang='lat' dir='ltr'>ut</span> <span class='ocrx_word' id='word_1_159' title='bbox 260 3252 385 3340; x_wconf 90' lang='lat' dir='ltr'>aliquis</span> <span class='ocrx_word' id='word_1_160' title='bbox 400 3250 587 3340; x_wconf 90' lang='lat' dir='ltr'>aliquando</span> <span class='ocrx_word' id='word_1_161' title='bbox 602 3249 715 3316; x_wconf 88' lang='lat' dir='ltr'>scriba</span> <span class='ocrx_word' id='word_1_162' title='bbox 730 3250 843 3316; x_wconf 88' lang='lat' dir='ltr'>verbis</span> <span class='ocrx_word' id='word_1_163' title='bbox 859 3275 890 3316; x_wconf 92' lang='lat' dir='ltr'>v.</span> <span class='ocrx_word' id='word_1_164' title='bbox 910 3257 950 3316; x_wconf 79' lang='lat' dir='ltr'>tt</span> <span class='ocrx_word' id='word_1_165' title='bbox 969 3253 1182 3340; x_wconf 86' lang='lat' dir='ltr'>expresserit,</span> <span class='ocrx_word' id='word_1_166' title='bbox 1199 3274 1297 3317; x_wconf 78' lang='lat' dir='ltr'>arram</span> <span class='ocrx_word' id='word_1_167' title='bbox 1308 3253 1444 3319; x_wconf 84' lang='lat' dir='ltr'>theram</span> 
     </span>
     <span class='ocr_line' id='line_1_19' title="bbox 131 3356 1445 3448; baseline 0 -24"><span class='ocrx_word' id='word_1_168' title='bbox 131 3359 175 3424; x_wconf 91' lang='lat' dir='ltr'>ab</span> <span class='ocrx_word' id='word_1_169' title='bbox 194 3359 292 3425; x_wconf 88' lang='lat' dir='ltr'>initio</span> <span class='ocrx_word' id='word_1_170' title='bbox 312 3357 417 3424; x_wconf 86' lang='lat' dir='ltr'>Exodi</span> <span class='ocrx_word' id='word_1_171' title='bbox 433 3358 611 3448; x_wconf 80' lang='lat' dir='ltr'>pertigisse</span> <span class='ocrx_word' id='word_1_172' title='bbox 630 3356 673 3423; x_wconf 90' lang='lat' dir='ltr'>ad</span> <span class='ocrx_word' id='word_1_173' title='bbox 693 3380 727 3423; x_wconf 83' lang='grc' dir='ltr'>ν.</span> <span class='ocrx_word' id='word_1_174' title='bbox 747 3362 788 3422; x_wconf 78' lang='lat' dir='ltr'>tt)</span> <span class='ocrx_word' id='word_1_175' title='bbox 810 3357 864 3421; x_wconf 84' lang='lat' dir='ltr'>vel</span> <span class='ocrx_word' id='word_1_176' title='bbox 884 3380 916 3422; x_wconf 83' lang='lat' dir='ltr'>v.</span> <span class='ocrx_word' id='word_1_177' title='bbox 941 3362 981 3421; x_wconf 78' lang='lat' dir='ltr'>t3</span> <span class='ocrx_word' id='word_1_178' title='bbox 1005 3379 1123 3446; x_wconf 90' lang='lat' dir='ltr'>usque,</span> <span class='ocrx_word' id='word_1_179' title='bbox 1143 3363 1176 3423; x_wconf 88' lang='lat' dir='ltr'>et</span> <span class='ocrx_word' id='word_1_180' title='bbox 1195 3379 1265 3423; x_wconf 91' lang='lat' dir='ltr'>nen</span> <span class='ocrx_word' id='word_1_181' title='bbox 1286 3359 1389 3439; x_wconf 86' lang='lat' dir='ltr'>ultra,</span> <span class='ocrx_word' id='word_1_182' title='bbox 1407 3366 1445 3424; x_wconf 94' lang='lat' dir='ltr'>ut</span> 
     </span>
     <span class='ocr_line' id='line_1_20' title="bbox 130 3462 1441 3553; baseline 0.001 -25"><span class='ocrx_word' id='word_1_183' title='bbox 130 3487 257 3530; x_wconf 92' lang='lat' dir='ltr'>nomen</span> <span class='ocrx_word' id='word_1_184' title='bbox 275 3465 371 3530; x_wconf 85' lang='lat' dir='ltr'>tlrero</span> <span class='ocrx_word' id='word_1_185' title='bbox 389 3463 548 3553; x_wconf 89' lang='lat' dir='ltr'>primitus</span> <span class='ocrx_word' id='word_1_186' title='bbox 567 3463 673 3530; x_wconf 91' lang='lat' dir='ltr'>solius</span> <span class='ocrx_word' id='word_1_187' title='bbox 688 3462 792 3529; x_wconf 83' lang='lat' dir='ltr'>luerit</span> <span class='ocrx_word' id='word_1_188' title='bbox 808 3463 1014 3529; x_wconf 87' lang='lat' dir='ltr'>narrationis</span> <span class='ocrx_word' id='word_1_189' title='bbox 1031 3469 1085 3529; x_wconf 83' lang='lat' dir='ltr'>Ex.</span> <span class='ocrx_word' id='word_1_190' title='bbox 1111 3469 1331 3544; x_wconf 74' lang='lat' dir='ltr'>1,1-1teut.</span> <span class='ocrx_word' id='word_1_191' title='bbox 1351 3470 1441 3546; x_wconf 64' lang='lat' dir='ltr'>ate,</span> 
     </span>
     <span class='ocr_line' id='line_1_21' title="bbox 130 3569 1443 3659; baseline 0.002 -25"><span class='ocrx_word' id='word_1_192' title='bbox 130 3591 170 3635; x_wconf 89' lang='lat' dir='ltr'>ac</span> <span class='ocrx_word' id='word_1_193' title='bbox 193 3577 310 3658; x_wconf 90' lang='lat' dir='ltr'>postea</span> <span class='ocrx_word' id='word_1_194' title='bbox 333 3570 471 3637; x_wconf 90' lang='lat' dir='ltr'>tandem</span> <span class='ocrx_word' id='word_1_195' title='bbox 496 3575 668 3636; x_wconf 84' lang='lat' dir='ltr'>extensum</span> <span class='ocrx_word' id='word_1_196' title='bbox 691 3569 734 3635; x_wconf 92' lang='lat' dir='ltr'>sit</span> <span class='ocrx_word' id='word_1_197' title='bbox 760 3569 804 3634; x_wconf 74' lang='lat' dir='ltr'>ael</span> <span class='ocrx_word' id='word_1_198' title='bbox 832 3574 940 3634; x_wconf 93' lang='lat' dir='ltr'>tetum</span> <span class='ocrx_word' id='word_1_199' title='bbox 967 3569 1232 3659; x_wconf 87' lang='lat' dir='ltr'>pentateuchum</span> <span class='ocrx_word' id='word_1_200' title='bbox 1259 3569 1443 3656; x_wconf 78' lang='lat' dir='ltr'>designan-</span> 
     </span>
     <span class='ocr_line' id='line_1_22' title="bbox 131 3675 1443 3767; baseline 0.003 -26"><span class='ocrx_word' id='word_1_201' title='bbox 131 3675 226 3743; x_wconf 91' lang='lat' dir='ltr'>dum.</span> <span class='ocrx_word' id='word_1_202' title='bbox 243 3681 269 3740; x_wconf 91' lang='lat' dir='ltr'><strong>N</strong></span> <span class='ocrx_word' id='word_1_203' title='bbox 273 3677 379 3742; x_wconf 91' lang='lat' dir='ltr'>ullum</span> <span class='ocrx_word' id='word_1_204' title='bbox 394 3683 499 3743; x_wconf 79' lang='lat' dir='ltr'>exstat</span> <span class='ocrx_word' id='word_1_205' title='bbox 512 3677 706 3764; x_wconf 78' lang='lat' dir='ltr'>vestigium,</span> <span class='ocrx_word' id='word_1_206' title='bbox 727 3697 853 3741; x_wconf 88' lang='lat' dir='ltr'>nemen</span> <span class='ocrx_word' id='word_1_207' title='bbox 867 3675 964 3741; x_wconf 78' lang='lat' dir='ltr'>thero</span> <span class='ocrx_word' id='word_1_208' title='bbox 980 3675 1139 3765; x_wconf 89' lang='lat' dir='ltr'>primitus</span> <span class='ocrx_word' id='word_1_209' title='bbox 1150 3676 1326 3767; x_wconf 92' lang='lat' dir='ltr'>proprium</span> <span class='ocrx_word' id='word_1_210' title='bbox 1341 3677 1443 3745; x_wconf 85' lang='lat' dir='ltr'>tuisse</span> 
     </span>
     <span class='ocr_line' id='line_1_23' title="bbox 130 3782 1443 3864; baseline 0.002 -17"><span class='ocrx_word' id='word_1_211' title='bbox 130 3782 336 3849; x_wconf 86' lang='lat' dir='ltr'>narrationis</span> <span class='ocrx_word' id='word_1_212' title='bbox 353 3786 407 3849; x_wconf 83' lang='lat' dir='ltr'>Ex.</span> <span class='ocrx_word' id='word_1_213' title='bbox 434 3790 487 3862; x_wconf 82' lang='lat'>1,1</span> <span class='ocrx_word' id='word_1_214' title='bbox 510 3822 552 3834; x_wconf 89' lang='lat'><em>-</em></span> <span class='ocrx_word' id='word_1_215' title='bbox 571 3789 668 3852; x_wconf 88' lang='lat' dir='ltr'>Deut.</span> <span class='ocrx_word' id='word_1_216' title='bbox 697 3788 784 3864; x_wconf 67' lang='lat' dir='ltr'>tao,</span> <span class='ocrx_word' id='word_1_217' title='bbox 808 3782 857 3848; x_wconf 89' lang='lat' dir='ltr'>ita</span> <span class='ocrx_word' id='word_1_218' title='bbox 875 3788 912 3847; x_wconf 92' lang='lat' dir='ltr'>ut</span> <span class='ocrx_word' id='word_1_219' title='bbox 933 3782 977 3846; x_wconf 88' lang='lat' dir='ltr'>ab</span> <span class='ocrx_word' id='word_1_220' title='bbox 999 3782 1063 3849; x_wconf 90' lang='lat' dir='ltr'>hoc</span> <span class='ocrx_word' id='word_1_221' title='bbox 1080 3783 1219 3850; x_wconf 90' lang='lat' dir='ltr'>nemine</span> <span class='ocrx_word' id='word_1_222' title='bbox 1245 3783 1443 3850; x_wconf 82' lang='lat' dir='ltr'>excludere-</span> 
     </span>
     <span class='ocr_line' id='line_1_24' title="bbox 128 3889 1439 3979; baseline 0.002 -25"><span class='ocrx_word' id='word_1_223' title='bbox 128 3895 185 3955; x_wconf 93' lang='lat' dir='ltr'>tur</span> <span class='ocrx_word' id='word_1_224' title='bbox 199 3889 371 3979; x_wconf 89' lang='lat' dir='ltr'>reliquum</span> <span class='ocrx_word' id='word_1_225' title='bbox 392 3895 506 3970; x_wconf 86' lang='lat' dir='ltr'>Deut.;</span> <span class='ocrx_word' id='word_1_226' title='bbox 525 3890 562 3957; x_wconf 92' lang='lat' dir='ltr'>in</span> <span class='ocrx_word' id='word_1_227' title='bbox 580 3889 888 3978; x_wconf 89' lang='lat' dir='ltr'>subscriptionibus</span> <span class='ocrx_word' id='word_1_228' title='bbox 909 3894 986 3957; x_wconf 85' lang='lat' dir='ltr'>Lev.</span> <span class='ocrx_word' id='word_1_229' title='bbox 1007 3896 1245 3973; x_wconf 52' lang='lat' dir='ltr'>repserat:</span> <span class='ocrx_word' id='word_1_230' title='bbox 1266 3895 1365 3956; x_wconf 75' lang='lat' dir='ltr'>Num.</span> <span class='ocrx_word' id='word_1_231' title='bbox 1384 3897 1439 3975; x_wconf 82' lang='lat'>36,</span> 
     </span>
     <span class='ocr_line' id='line_1_25' title="bbox 131 3996 716 4063; baseline 0.002 -2"><span class='ocrx_word' id='word_1_232' title='bbox 131 4002 170 4061; x_wconf 87' lang='grc'>13</span> <span class='ocrx_word' id='word_1_233' title='bbox 187 4002 280 4063; x_wconf 90' lang='lat' dir='ltr'>certe</span> <span class='ocrx_word' id='word_1_234' title='bbox 296 3996 509 4063; x_wconf 90' lang='lat' dir='ltr'>desideratur</span> <span class='ocrx_word' id='word_1_235' title='bbox 523 4020 586 4063; x_wconf 76' lang='lat' dir='ltr'>vor</span> <span class='ocrx_word' id='word_1_236' title='bbox 606 3996 716 4063; x_wconf 79' lang='lat' dir='ltr'>lbere.</span> 
     </span>
    </p>

    <p class='ocr_par' dir='ltr' id='par_1_9' title="bbox 127 4103 1441 4513">
     <span class='ocr_line' id='line_1_26' title="bbox 173 4103 1441 4193; baseline 0.001 -24"><span class='ocrx_word' id='word_1_237' title='bbox 173 4107 295 4169; x_wconf 88' lang='lat' dir='ltr'>Sensus</span> <span class='ocrx_word' id='word_1_238' title='bbox 309 4103 429 4169; x_wconf 87' lang='lat' dir='ltr'>obvius</span> <span class='ocrx_word' id='word_1_239' title='bbox 442 4110 502 4185; x_wconf 88' lang='lat' dir='ltr'>est,</span> <span class='ocrx_word' id='word_1_240' title='bbox 517 4125 549 4171; x_wconf 92' lang='lat' dir='ltr'>v.</span> <span class='ocrx_word' id='word_1_241' title='bbox 567 4108 607 4170; x_wconf 80' lang='lat' dir='ltr'>tt</span> <span class='ocrx_word' id='word_1_242' title='bbox 621 4125 697 4192; x_wconf 88' lang='lat' dir='ltr'>sqq.</span> <span class='ocrx_word' id='word_1_243' title='bbox 711 4125 780 4169; x_wconf 85' lang='lat' dir='ltr'>esse</span> <span class='ocrx_word' id='word_1_244' title='bbox 794 4103 1053 4192; x_wconf 88' lang='lat' dir='ltr'>inscriptionem</span> <span class='ocrx_word' id='word_1_245' title='bbox 1066 4103 1294 4193; x_wconf 88' lang='lat' dir='ltr'>sequentium,</span> <span class='ocrx_word' id='word_1_246' title='bbox 1310 4103 1441 4170; x_wconf 68' lang='lat' dir='ltr'>{liorem</span> 
     </span>
     <span class='ocr_line' id='line_1_27' title="bbox 127 4207 1440 4299; baseline 0.003 -26"><span class='ocrx_word' id='word_1_247' title='bbox 127 4207 279 4298; x_wconf 90' lang='lat' dir='ltr'>incipere</span> <span class='ocrx_word' id='word_1_248' title='bbox 300 4215 394 4277; x_wconf 80' lang='lat' dir='ltr'>lleut.</span> <span class='ocrx_word' id='word_1_249' title='bbox 415 4216 446 4291; x_wconf 89' lang='lat'>5,</span> <span class='ocrx_word' id='word_1_250' title='bbox 465 4209 525 4276; x_wconf 93' lang='lat' dir='ltr'>ubi</span> <span class='ocrx_word' id='word_1_251' title='bbox 544 4232 585 4276; x_wconf 85' lang='lat' dir='ltr'>ea</span> <span class='ocrx_word' id='word_1_252' title='bbox 603 4210 754 4299; x_wconf 90' lang='lat' dir='ltr'>praecise</span> <span class='ocrx_word' id='word_1_253' title='bbox 777 4208 934 4276; x_wconf 87' lang='lat' dir='ltr'>tradatur</span> <span class='ocrx_word' id='word_1_254' title='bbox 947 4211 1059 4293; x_wconf 88' lang='lat' dir='ltr'>thera,</span> <span class='ocrx_word' id='word_1_255' title='bbox 1084 4210 1179 4276; x_wconf 90' lang='lat' dir='ltr'>cuius</span> <span class='ocrx_word' id='word_1_256' title='bbox 1200 4217 1255 4291; x_wconf 81' lang='lat' dir='ltr'>1‚s</span> <span class='ocrx_word' id='word_1_257' title='bbox 1275 4211 1440 4278; x_wconf 88' lang='lat' dir='ltr'>inscribe-</span> 
     </span>
     <span class='ocr_line' id='line_1_28' title="bbox 130 4314 1439 4407; baseline 0.004 -28"><span class='ocrx_word' id='word_1_258' title='bbox 130 4314 232 4381; x_wconf 86' lang='lat' dir='ltr'>batur</span> <span class='ocrx_word' id='word_1_259' title='bbox 255 4316 508 4383; x_wconf 88' lang='lat' dir='ltr'>commendatio</span> <span class='ocrx_word' id='word_1_260' title='bbox 530 4317 646 4406; x_wconf 88' lang='lat' dir='ltr'>aliqua</span> <span class='ocrx_word' id='word_1_261' title='bbox 663 4338 720 4381; x_wconf 90' lang='lat' dir='ltr'>seu</span> <span class='ocrx_word' id='word_1_262' title='bbox 739 4317 948 4404; x_wconf 87' lang='lat' dir='ltr'>paraenesis,</span> <span class='ocrx_word' id='word_1_263' title='bbox 968 4317 1088 4383; x_wconf 89' lang='lat' dir='ltr'>eadem</span> <span class='ocrx_word' id='word_1_264' title='bbox 1105 4318 1220 4401; x_wconf 85' lang='lat' dir='ltr'>thera,</span> <span class='ocrx_word' id='word_1_265' title='bbox 1241 4341 1344 4407; x_wconf 90' lang='lat' dir='ltr'>quam</span> <span class='ocrx_word' id='word_1_266' title='bbox 1361 4325 1439 4398; x_wconf 81' lang='lat' dir='ltr'>31,t)</span> 
     </span>
     <span class='ocr_line' id='line_1_29' title="bbox 128 4422 1440 4513; baseline 0.001 -28"><span class='ocrx_word' id='word_1_267' title='bbox 128 4428 288 4488; x_wconf 89' lang='lat' dir='ltr'>narretur</span> <span class='ocrx_word' id='word_1_268' title='bbox 308 4429 432 4511; x_wconf 74' lang='lat' dir='ltr'>Moyses</span> <span class='ocrx_word' id='word_1_269' title='bbox 451 4424 622 4513; x_wconf 88' lang='lat' dir='ltr'>scripsisse</span> <span class='ocrx_word' id='word_1_270' title='bbox 642 4428 675 4488; x_wconf 87' lang='lat' dir='ltr'>et</span> <span class='ocrx_word' id='word_1_271' title='bbox 696 4422 928 4490; x_wconf 86' lang='lat' dir='ltr'>sacerdotibus</span> <span class='ocrx_word' id='word_1_272' title='bbox 945 4423 1128 4490; x_wconf 87' lang='lat' dir='ltr'>tradidisse</span> <span class='ocrx_word' id='word_1_273' title='bbox 1144 4425 1384 4492; x_wconf 87' lang='lat' dir='ltr'>asservandam</span> <span class='ocrx_word' id='word_1_274' title='bbox 1408 4429 1440 4488; x_wconf 88' lang='lat' dir='ltr'>et</span> 
     </span>
    </p>
   </div>
   <div class='ocr_carea' id='block_1_7' title="bbox 127 4527 1547 4627">
    <p class='ocr_par' dir='ltr' id='par_1_10' title="bbox 127 4527 1547 4627">
     <span class='ocr_line' id='line_1_30' title="bbox 127 4527 1547 4627; baseline -0.001 -36"><span class='ocrx_word' id='word_1_275' title='bbox 127 4549 219 4592; x_wconf 86' lang='lat' dir='ltr'>anno</span> <span class='ocrx_word' id='word_1_276' title='bbox 240 4551 376 4618; x_wconf 90' lang='lat' dir='ltr'>quoque</span> <span class='ocrx_word' id='word_1_277' title='bbox 397 4533 544 4620; x_wconf 87' lang='lat' dir='ltr'>septimo</span> <span class='ocrx_word' id='word_1_278' title='bbox 564 4529 839 4620; x_wconf 79' lang='lat' dir='ltr'>praelegendum.</span> <span class='ocrx_word' id='word_1_279' title='bbox 859 4535 948 4607; x_wconf 84' lang='lat' dir='ltr'>Quae</span> <span class='ocrx_word' id='word_1_280' title='bbox 971 4530 1063 4596; x_wconf 87' lang='lat' dir='ltr'>vocis</span> <span class='ocrx_word' id='word_1_281' title='bbox 1083 4530 1180 4596; x_wconf 76' lang='lat' dir='ltr'>lbere</span> <span class='ocrx_word' id='word_1_282' title='bbox 1203 4527 1440 4619; x_wconf 84' lang='lat' dir='ltr'>interpretatio</span> <span class='ocrx_word' id='word_1_283' title='bbox 1543 4616 1547 4627; x_wconf 31' lang='grc' dir='ltr'>Ι</span> 
     </span>
    </p>
   </div>
   <div class='ocr_carea' id='block_1_8' title="bbox 128 4635 1440 4793">
    <p class='ocr_par' dir='ltr' id='par_1_11' title="bbox 128 4635 1440 4793">
     <span class='ocr_line' id='line_1_31' title="bbox 128 4635 1440 4726; baseline 0 -26"><span class='ocrx_word' id='word_1_284' title='bbox 128 4657 208 4701; x_wconf 89' lang='lat' dir='ltr'>vera</span> <span class='ocrx_word' id='word_1_285' title='bbox 230 4636 369 4704; x_wconf 89' lang='lat' dir='ltr'>tandem</span> <span class='ocrx_word' id='word_1_286' title='bbox 388 4661 460 4705; x_wconf 86' lang='lat' dir='ltr'>esse</span> <span class='ocrx_word' id='word_1_287' title='bbox 480 4638 734 4705; x_wconf 90' lang='lat' dir='ltr'>demonstratur</span> <span class='ocrx_word' id='word_1_288' title='bbox 747 4636 800 4718; x_wconf 88' lang='lat' dir='ltr'>iis,</span> <span class='ocrx_word' id='word_1_289' title='bbox 819 4638 958 4726; x_wconf 89' lang='lat' dir='ltr'>quaein</span> <span class='ocrx_word' id='word_1_290' title='bbox 975 4638 1231 4705; x_wconf 86' lang='lat' dir='ltr'>Introductiene</span> <span class='ocrx_word' id='word_1_291' title='bbox 1248 4635 1440 4723; x_wconf 82' lang='lat' dir='ltr'>explicaba-</span> 
     </span>
     <span class='ocr_line' id='line_1_32' title="bbox 761 4747 804 4793; baseline 0 -1"><span class='ocrx_word' id='word_1_292' title='bbox 761 4747 804 4793; x_wconf 82' lang='lat'>227</span> 
     </span>
    </p>
   </div>
   <div class='ocr_carea' id='block_1_9' title="bbox 0 0 1688 5346">
    <p class='ocr_par' dir='ltr' id='par_1_12' title="bbox 0 0 1688 5346">
     <span class='ocr_line' id='line_1_33' title="bbox 0 0 1688 5346; baseline 0 5"><span class='ocrx_word' id='word_1_293' title='bbox 0 0 1688 5346; x_wconf 95' lang='lat' dir='ltr'> </span> 
     </span>
    </p>
   </div>
  </div>
 </body>
</html>
