3366 5346
657 303 744 347 oser.
770 290 839 355 :til
863 306 925 356 sco.
1391 295 1448 354 ⁶209

79 420 84 428 ’
138 439 329 528 adscriptae
349 438 526 526 pericopae
548 458 578 502 ν.
604 441 704 502 12-20
729 437 887 526 pandunt
911 441 1051 505 extremi
1075 462 1201 507 versus.
1226 443 1448 510 Adscribeba-

140 552 194 612 tur
218 568 268 624 ea,
295 545 395 609 etiam
423 547 460 608 ut
484 544 588 608 series
611 549 795 609 eventuum
819 543 1058 634 compleretur,
1086 546 1146 613 sed
1169 547 1381 636 potissimum
1411 557 1448 616 ut

137 650 440 731 comnropesrerent
471 648 613 716 Hebraei
644 649 830 719 terminum
852 651 1141 739 peregrinationis
1169 676 1249 720 suae
1278 677 1346 721 non
1375 678 1445 722 esse

137 755 443 825 transierdanicam
464 756 523 821 sed
543 747 814 823 eisiordanicam.
837 758 1119 825 Transiordaniea
1138 760 1272 827 duabus
1290 763 1448 829 tribubus

136 872 169 931 et
194 863 357 929 dimidiae
386 862 566 943 attributa,
604 862 744 951 patebat
778 863 988 952 reliquarum
1015 865 1170 951 tribuum
1205 868 1447 956 possessionem

136 971 183 1037 cis
204 971 332 1036 tlumen
351 990 422 1035 esse
448 968 709 1058 requirendam;
732 975 984 1060 monenturque
1007 971 1103 1059 ipsae
1126 973 1213 1039 duae
1239 973 1349 1040 tribus
1371 997 1448 1041 eum

135 1076 279 1179 dimidia
301 1076 344 1142 de
369 1075 582 1163 obligatione
610 1075 841 1142 iuvandorum
869 1078 1016 1143 fratrum
1042 1077 1078 1144 in
1108 1078 1334 1146 eisiordanica
1356 1081 1451 1147 subi-

135 1183 262 1269 genda.
330 1248 338 1259 ,

537 1351 560 1399 ὃ.
578 1351 650 1398 Iosue
666 1342 766 1398 iuturus
783 1353 833 1399 dux
850 1353 923 1400 Deut.
940 1354 1048 1412 Mil-29.

143 1554 145 1559 v
179 1524 263 1609 stry.
284 1559 328 1569 —
348 1519 494 1586 Victoria
514 1519 557 1585 de
580 1519 692 1585 Sehon
715 1525 748 1585 et
771 1524 823 1607 Og
844 1521 953 1587 relata
975 1526 1107 1599 losuen,
1128 1522 1322 1591 futurorum
1341 1524 1452 1591 bello·

135 1650 211 1694 rum
235 1627 355 1693 ducem
374 1625 537 1692 inducere
562 1625 676 1707 debet,
699 1633 736 1692 ut
755 1626 932 1693 victoriam
954 1626 1037 1693 item
1059 1629 1102 1695 de
1119 1628 1276 1696 hostibus
1291 1630 1453 1699 eisiorda·

135 1734 220 1801 nieis
235 1739 449 1823 reportatum
465 1731 509 1798 iri
525 1731 673 1799 firmiter
688 1732 849 1798 confidat.
867 1735 994 1800 Petenti
1011 1735 1125 1821 Moysi,
1146 1743 1183 1802 ut
1201 1735 1267 1801 sibi
1288 1738 1452 1826 populum

134 1841 375 1907 transflumen
397 1838 565 1905 deducere
585 1838 803 1919 concedatur,
821 1861 937 1906 severe
960 1841 1071 1906 renuit
1086 1847 1172 1907 beas
1192 1846 1380 1931 losuenque
1393 1845 1453 1912 de-

135 1947 248 2032 signat
264 1968 331 2011 non
347 1945 430 2010 belli
448 1950 584 2010 tantum
601 1943 736 2027 ducem,
754 1945 812 2010 sed
832 1947 951 2033 populi
965 1945 1170 2034 principem.

172 2146 275 2195 Censet
292 2143 397 2203 Dtltru„
419 2156 445 2192 v.
462 2142 492 2191 ‘rt
511 2156 554 2206 sq.
571 2143 727 2204 anticipare
743 2157 769 2191 r.
790 2142 823 2191 28
837 2148 865 2193 et
880 2143 942 2203 ata
958 2156 1022 2206 sqq.
1041 2144 1081 2193 Re
1095 2144 1168 2194 idem
1183 2150 1225 2196 est
1240 2159 1273 2198 v:
1284 2148 1313 2196 ‘il
1330 2162 1372 2213 sq.
1389 2163 1451 2200 cum

136 2233 238 2293 3t,3-t'.
257 2233 311 2282 Sed
327 2233 393 2281 belli
408 2231 464 2280 dux
479 2233 534 2280 tam
551 2233 612 2280 erat
628 2231 709 2279 Iosue
725 2229 789 2279 inde
809 2231 843 2279 ab
864 2232 915 2281 lix.
939 2232 968 2281 17
988 2244 1080 2294 neque
1101 2235 1201 2283 mirum
1216 2242 1267 2295 est,
1283 2249 1346 2286 eum
1361 2251 1378 2287 a
1393 2239 1452 2288 Deo

135 2324 234 2372 iterato
257 2321 292 2370 ad
314 2320 444 2369 fiduciam
460 2319 547 2368 divini
572 2319 668 2368 auxilii
685 2332 746 2367 esse
766 2322 958 2381 provocatum,
975 2322 1096 2370 maxime
1117 2334 1179 2370 cum
1200 2324 1328 2374 inimicos
1352 2339 1449 2376 nume-

135 2414 173 2461 ris
192 2417 245 2460 etc.
267 2410 350 2472 louge
369 2408 522 2458 validiores
537 2410 612 2457 esset
631 2406 789 2456 adorturus.
807 2406 870 2466 3,ἳὸ
886 2410 913 2456 et
929 2407 991 2459 att
1009 2422 1053 2470 sq.
1077 2409 1106 2457 ii
1127 2423 1167 2473 sq.
1184 2411 1216 2460 ‘23
1233 2418 1319 2474 agunt
1340 2414 1374 2465 de
1393 2416 1449 2466 alia

135 2513 174 2559 re,
192 2500 226 2548 de
242 2499 322 2548 Iosue
339 2510 378 2548 sc.
401 2497 437 2545 ad
453 2497 607 2560 principem
623 2495 788 2557 dignitatem
803 2495 829 2544 ei
849 2496 940 2545 aDeo
960 2496 1128 2546 destinatam
1148 2503 1347 2560 promovendo.
1365 2502 1448 2554 Ceto·

135 2601 196 2637 rum
220 2587 254 2636 ei.
272 2599 343 2649 quae
363 2585 525 2635 dicebamus
544 2583 580 2633 ad
603 2583 674 2641 t,38.
691 2610 726 2618 -
748 2582 805 2633 Cur
826 2596 1013 2646 paraeneseos
1035 2598 1100 2647 pars
1125 2587 1257 2638 historice
1280 2591 1450 2652 producatur

136 2689 225 2738 usque
250 2676 284 2724 ad
310 2676 466 2725 recusatam
490 2673 594 2736 Moysis
614 2672 789 2734 petitionem,
811 2675 841 2720 ut
862 2672 1076 2722 oisiordanieam
1100 2674 1209 2736 ingredi
1234 2680 1448 2739 permitteretur,

136 2770 164 2815 et
179 2778 267 2826 usque
282 2764 317 2813 ad
333 2763 434 2813 losuen
451 2763 550 2812 ducem
570 2761 758 2822 designatum.
779 2772 872 2822 neque
892 2760 964 2809 ultra
984 2762 1054 2810 lraec
1073 2768 1212 2823 excurrat,
1228 2764 1262 2813 et.
1284 2780 1312 2828 p.
1330 2767 1363 2816 92
1382 2781 1448 2830 sq.:

136 2868 174 2903 se.
195 2853 293 2903 eodem
311 2853 445 2916 alloquio,
462 2863 518 2914 quo
537 2851 607 2915 liaeo
626 2849 779 2907 sanciebat,
797 2848 938 2897 annuebat
959 2848 1044 2899 labro
1061 2849 1150 2912 Moysi
1169 2855 1285 2914 petenti,
1302 2859 1332 2903 ut
1353 2854 1451 2906 ioedus

136 2944 285 2992 restituere
300 2942 515 3005 permitteretur,
533 2940 578 2989 oui
593 2939 712 2988 solemni
728 2937 898 2987 restitutioni
913 2938 1052 2999 praeludit
1067 2940 1158 2988 oratio
1177 2940 1307 3001 t,e--t,40.

180 3139 210 3182 v,
229 3122 268 3181 21
287 3143 301 3175 t<
320 3117 415 3181 [estre
430 3135 565 3203 petoque
586 3111 623 3176 in
639 3122 788 3201 tempore
802 3109 862 3174 illo
872 3110 1036 3199 praecepi
1052 3109 1169 3178 diceus
1184 3135 1196 3178 .·
1217 3116 1316 3181 Oculi
1335 3118 1387 3182 tui
1399 3119 1450 3184 ei-

135 3224 258 3289 tlrruut
280 3251 295 3282 »
317 3221 373 3310 (ef.
392 3227 460 3303 t,3;
483 3219 586 3308 11,7),
607 3245 623 3279 «
641 3240 729 3306 quoe
741 3216 828 3313 feeit
843 3216 1010 3282 dontinus
1025 3220 1116 3284 Deus
1131 3231 1237 3287 vester
1249 3220 1380 3289 duobus
1398 3225 1449 3292 ltt's

135 3332 265 3419 rupibus
288 3351 301 3394 .·
319 3328 368 3393 sie
384 3325 495 3415 saciet
515 3324 672 3391 erunibus
692 3323 825 3411 requie,
843 3322 891 3388 att
908 3345 997 3411 ptrue
1020 3325 1227 3391 transiturus
1247 3350 1280 3393 es
1305 3357 1334 3395 ».
1352 3353 1384 3396 r.
1407 3338 1449 3397 ‘22

137 3464 151 3497 a
173 3440 223 3504 Ne
243 3436 364 3501 tuticus
381 3455 449 3514 eet,
467 3431 633 3497 Dominus
651 3430 740 3496 enim
760 3432 851 3494 Meus
868 3441 977 3494 vester
993 3430 1165 3517 ptrpnobr't
1174 3454 1242 3519 pro
1260 3436 1352 3498 robis
1372 3463 1401 3502 ».
1419 3468 1450 3524 ,ὃ

179 3565 210 3607 v,
230 3549 271 3608 23
295 3570 310 3602 a
333 3545 562 3628 precatusque
582 3560 657 3603 sum
682 3564 697 3597 υ
720 3574 763 3585 -
786 3538 888 3600 llebr.
907 3557 919 3599 .·
937 3535 1210 3602 irriserieordr'um
1225 3539 1313 3605 milti
1331 3563 1450 3631 eaptus-

136 3648 257 3730 talari,
277 3647 461 3713 instantem
488 3651 521 3713 et
543 3643 709 3711 humilem
735 3641 937 3731 petitionem
962 3641 1131 3728 exprimit,
1155 3644 1204 3710 uti
1221 3646 1322 3712 etiam
1348 3671 1380 3714 v.
1407 3656 1448 3718 it

136 3754 274 3821 (torretur
287 3753 399 3832 lettre,
417 3751 584 3841 expressio
595 3752 632 3816 iu
644 3749 742 3815 libris
753 3748 922 3814 historicis
937 3748 1049 3814 minus
1059 3746 1184 3815 usitata
1195 3750 1271 3839 (los.
1285 3761 1355 3836 7,7;
1373 3756 1446 3824 Iud.

136 3869 226 3943 &223
243 3863 491 3944 meaning.
509 3858 972 3938 rusioucaaaaaneg.
989 3859 1445 3942 a,eo;a,5a;cr.cen.1a‚a

135 3969 168 4057 8)
184 4007 228 4017 -
249 3996 264 4028 a
288 3966 471 4031 Dotrtt'num
490 3965 527 4030 iu-
547 3976 695 4052 ternpore
709 3961 769 4026 illo
786 3960 902 4025 dicens
920 3981 961 4027 r:
985 3981 1015 4024 v.
1034 3965 1076 4026 2'1
1094 3988 1110 4021 α
1129 3964 1273 4029 [tonnae
1293 3968 1392 4047 llere,
1412 3980 1449 4034 tu

136 4075 276 4165 coepisti
292 4071 465 4140 ostendere
483 4094 576 4138 aereo
598 4082 654 4134 tue
672 4066 948 4155 triepnitudinem
970 4077 1064 4132 tuum
1080 4090 1287 4158 titanumque
1302 4072 1449 4155 fortissi-

135 4205 225 4250 mam
239 4212 268 4248 e.
291 4210 306 4242 a
322 4185 429 4266 ltogo,
442 4178 537 4268 quod
553 4175 711 4267 perficias
725 4172 936 4239 ostendendo
951 4172 1038 4238 mibi
1053 4180 1176 4258 cetera,
1196 4198 1282 4264 quae
1294 4180 1417 4248 desunt
1433 4213 1448 4245 n

136 4290 266 4379 (pm).
291 4289 338 4355 Cf·
359 4293 438 4367 ‘ml
453 4308 504 4374 sq,
522 4291 576 4351 31,
601 4283 750 4370 «Neque
770 4281 861 4346 enim
880 4293 928 4346 est
943 4279 1033 4345 tilius
1054 4284 1142 4347 Meus
1162 4281 1215 4348 rel
1229 4282 1265 4350 iu
1289 4288 1372 4354 eoele
1399 4293 1453 4357 cel

136 4398 171 4461 t'n
188 4411 288 4477 terra,
304 4395 365 4484 qui
373 4393 485 4484 possit
497 4391 616 4478 farere
633 4398 811 4478 operatua
828 4399 860 4453 et
878 4385 1093 4477 [corriperem]
1103 4388 1306 4475 fortitudini
1322 4406 1400 4461 tuor
1418 4428 1447 4462 u.

138 4502 188 4568 Uti
205 4508 261 4567 Ex.
286 4509 384 4582 15,11
401 4503 621 4589 eomparatur
635 4496 693 4562 liei
708 4493 874 4560 tortitudo
897 4515 974 4559 cum
1000 4493 1199 4562 infirmitate
1214 4497 1357 4565 deorum
1372 4524 1453 4586 gen-

136 4609 262 4675 tilium.
285 4631 317 4673 v.
340 4615 383 4674 Ξῖ)
404 4635 420 4669 u
445 4603 608 4674 Transibo
629 4603 735 4692 iqitm·
760 4631 790 4681 r,
811 4622 868 4666 seu
890 4600 1002 4689 potius
1022 4613 1207 4681 transeant,
1225 4605 1308 4691 petit
1327 4608 1452 4694 quippe

136 4721 275 4802 Moyses,
297 4721 335 4780 ut
358 4714 456 4803 prior
476 4712 645 4781 sententia
665 4712 700 4776 in
725 4732 761 4775 se
785 4709 855 4774 lata
879 4714 1068 4785 revocetur,
1093 4739 1107 4769 a
1135 4720 1167 4774 et
1186 4707 1304 4773 cirlebo
1328 4722 1451 4776 terrum

522 4831 697 4877 utinmotu.
716 4844 746 4852 -
763 4828 840 4865 cotti.
858 4826 885 4864 ΙΝ
902 4827 974 4863 DEUT.
993 4840 1023 4849 -·
1041 4819 1069 4862 14
