3366 5346
625 321 787 368 rsareoras
808 323 993 369 marearum.
1437 312 1492 369 177

181 461 385 551 promiserat
399 461 604 550 praestabat,
626 458 944 541 transiorlanicam,
964 461 1037 526 sine
1056 458 1163 526 dubio
1180 461 1404 548 praestiturus
1419 468 1490 527 erat

181 590 284 657 quam
308 568 512 658 promiserat
538 564 811 632 cisiordanicam.
837 565 1033 633 Distinetius
1055 588 1159 655 quam
1184 571 1282 634 Num.
1310 572 1411 646 2125
1439 589 1490 655 sq.

181 683 222 742 :35
246 674 489 742 describuntur
510 677 664 755 aaa-373
689 678 785 752 3,3·7
800 672 930 738 fructus
948 673 1111 739 victoriae
1133 671 1176 738 de
1196 673 1308 739 Sebou
1328 678 1361 739 ct
1380 672 1423 739 de
1441 677 1492 760 Og

183 786 386 871 reportatae3
409 779 601 847 distinctius
613 777 830 865 singularum
850 784 944 845 trans
964 778 1146 845 Iordanem
1165 778 1318 846 tribuum
1345 779 1494 846 familia-

181 909 298 955 rumve
317 888 399 955 sines
414 885 667 965 describuntur,
690 886 880 972 quostiam
899 885 1092 952 evidentius
1111 885 1265 974 reliquae
1284 886 1393 953 tribus
1413 877 1493 975 per·

179 995 339 1084 spiciant,
361 993 493 1060 nullam
512 992 577 1058 sibi
597 997 689 1058 trans
705 990 884 1058 Iordanem
906 991 1056 1081 relinqui
1069 991 1288 1081 possessionis
1306 1014 1414 1083 spem,
1434 993 1493 1060 sed

182 1102 340 1168 alacriter
359 1098 600 1167 traiioiendum
621 1119 692 1165 esse
708 1097 848 1165 flumen.
864 1097 978 1164 Obiter
993 1102 1093 1164 Num.
1113 1105 1214 1180 awa
1230 1099 1495 1185 attingebantur

183 1214 366 1297 praecepta
381 1212 474 1273 losue
490 1205 569 1272 data
587 1225 595 1272 ε
614 1205 672 1272 sed
688 1210 764 1285 321
782 1203 906 1271 diserte
920 1210 1016 1271 losue
1037 1204 1211 1287 edocetur,
1229 1206 1386 1273 victorias
1401 1213 1495 1273 trans

182 1317 308 1380 llumeu
326 1318 516 1403 reportatas
531 1312 660 1402 pignus
675 1332 745 1377 esse
761 1311 982 1376 victoriarum
1003 1311 1050 1377 cis
1070 1312 1199 1378 flumen
1212 1311 1492 1381 obtinendarum.

184 1426 346 1488 accurate
366 1418 504 1486 tandem
527 1424 560 1485 et
581 1417 726 1485 facunde
744 1416 960 1498 describitur,
982 1439 1070 1507 quae
1091 1423 1190 1484 Num.
1209 1425 1250 1485 2¹1
1269 1425 1401 1487 tacetur
1422 1426 1455 1485 et
1476 1442 1496 1486 a

185 1527 286 1593 lahre
304 1528 340 1593 h.
362 1527 385 1592 l.
407 1526 608 1610 denegatur,
634 1522 752 1610 Moysis
773 1529 811 1590 ut
832 1522 1094 1590 cisiordanicam
1113 1524 1250 1611 ingredi
1275 1525 1496 1614 permittatur

184 1632 406 1721 supplicatim
430 1653 498 1720 quo
519 1630 752 1696 inflammetur
775 1652 824 1697 sc.
855 1630 1086 1698 Israelitarum
1109 1630 1317 1699 desiderium
1341 1631 1493 1698 eiusdem

182 1738 441 1824 ingrediendae,
459 1737 629 1824 insignem
642 1737 796 1803 favorem
813 1735 941 1803 ducant
955 1737 1022 1804 sibi
1036 1758 1113 1804 eum
1130 1739 1323 1824 ingressum
1339 1739 1493 1819 concedi,

183 1864 320 1911 omnem
347 1843 509 1912 abdicent
535 1842 865 1932 pusillanimitatem.
894 1843 1054 1932 Explicite
1076 1850 1155 1924 338
1180 1844 1373 1913 affirmatur
1402 1850 1496 1911 losue

183 1952 352 2017 Hebraeos
366 1950 403 2017 in
423 1949 686 2017 cisiordanicam
707 1971 777 2016 esse
797 1949 1018 2016 traducturus
1035 1972 1179 2039 eamque
1204 1950 1273 2016 illis
1293 1973 1362 2016 esse
1383 1951 1497 2017 distri-

182 2057 339 2124 buturus.
368 2095 412 2106 -
435 2054 531 2123 Absit
553 2061 687 2136 tamen,
711 2061 749 2123 ut
771 2055 987 2123 insinuemus
1007 2060 1178 2123 oratorem
1201 2056 1292 2122 tacta
1316 2056 1497 2123 artificiose

182 2163 381 2242 distrahere,
398 2159 614 2251 supprimere
629 2183 717 2251 quae
730 2161 817 2229 thesi
830 2163 944 2229 minus
959 2162 1106 2244 faveant,
1124 2161 1194 2229 alia
1207 2161 1358 2229 indebite
1373 2161 1498 2252 ampli-

181 2272 295 2337 ficare.
314 2269 392 2351 Sed,
407 2291 486 2335 cram
501 2272 553 2334 tot
567 2269 666 2334 annis
681 2289 719 2335 ea
734 2268 822 2334 saeta
834 2273 948 2334 mente
963 2289 1078 2334 secum
1094 2268 1262 2345 volvisset,
1279 2268 1315 2334 in
1332 2268 1379 2335 eis
1393 2269 1496 2335 lahve

184 2376 387 2465 potentiam,
410 2375 591 2456 iustitiam,
625 2372 894 2441 misericordiam
928 2373 1117 2441 admiratus
1147 2381 1243 2458 esset,
1274 2374 1401 2442 sensim
1425 2375 1497 2441 sine

183 2504 283 2548 sensu
302 2504 342 2549 oo
356 2481 514 2548 devectus
529 2488 590 2561 est,
611 2487 649 2547 ut
664 2481 706 2548 iis
720 2482 889 2548 tactorum
904 2480 1170 2547 circumstantiis
1182 2481 1380 2549 inhaereret
1392 2482 1498 2557 medi-

184 2588 324 2669 tatione,
352 2610 440 2677 quae
461 2588 538 2654 illas
561 2586 695 2654 divinas
721 2587 947 2676 perfectiones
972 2588 1184 2654 illustrarent
1203 2589 1328 2674 magis,
1351 2593 1388 2654 ut
1408 2589 1498 2652 faeta

184 2697 423 2783 factorumque
443 2694 714 2762 circumstantias
733 2695 898 2760 memoria
919 2697 1093 2760 contextas
1115 2701 1267 2760 servaret
1287 2717 1357 2759 non
1378 2715 1497 2759 seeun-

184 2801 267 2866 dum
287 2800 415 2867 nudam
431 2805 626 2891 temporum
644 2821 828 2889 rerumque
846 2799 1030 2880 rationem,
1045 2800 1105 2866 sed
1119 2799 1170 2868 uti
1185 2804 1386 2886 argumenta
1402 2805 1499 2865 erant

185 2929 303 2974 earum
322 2905 569 2996 perfectionum
589 2906 946 2975 demonstrandarum.
970 2909 1091 2974 Orator
1109 2929 1179 2972 non
1203 2906 1345 2974 annales
1366 2906 1495 2986 recitat,

184 3013 243 3080 sed
258 3019 480 3100 argumenta.

229 3143 259 3187 c.
281 3119 506 3188 Historiarum
524 3121 711 3186 narratoris
730 3124 779 3186 est
798 3125 955 3208 tempora
972 3127 1005 3186 et
1020 3120 1095 3186 loca
1112 3125 1269 3186 accurate
1286 3119 1495 3202 describere,

184 3228 265 3294 dum
281 3232 398 3294 orator
414 3220 577 3317 persaepe
593 3227 677 3293 baec
691 3227 865 3315 sapienter
880 3226 1041 3313 negligit.
1057 3230 1177 3293 Orator
1192 3234 1305 3294 noster
1320 3250 1390 3293 non
1401 3249 1500 3293 aecu-

188 3334 291 3401 ratius
306 3333 427 3400 definit
443 3355 591 3413 annum,
608 3354 776 3414 mensem,
794 3332 886 3399 diem
901 3333 1064 3421 cuiusque
1078 3339 1229 3415 eventus,
1246 3333 1303 3399 sed
1325 3356 1412 3419 vaga
1431 3332 1499 3398 uti-

186 3449 241 3507 tur
259 3441 408 3507 sormula
433 3439 547 3506 inille
570 3452 718 3529 tempore
740 3446 838 3521 :1,9.
868 3445 922 3505 16.
945 3446 1002 3518 18;
1029 3445 1125 3520 2,3l;
1144 3444 1212 3520 3,t.
1236 3445 1342 3505 8.12.
1370 3446 1423 3504 18.
1441 3445 1494 3503 b21.

188 3554 245 3624 233
262 3552 356 3629 ’1,11ς
378 3548 421 3613 el.
441 3552 537 3629 9203
556 3553 643 3631 10,1.
659 3551 691 3613 8.
709 3551 799 3623 Ouae
814 3545 963 3611 formula
978 3552 1111 3634 tempus
1126 3544 1284 3634 exprimit
1298 3544 1499 3635 indetermi-

187 3658 279 3733 nate,
296 3653 439 3719 sednon
453 3653 643 3720 necessario
655 3660 978 3743 tempusremotam,
997 3673 1103 3740 quare
1118 3656 1214 3732 2,3t;
1232 3657 1301 3734 3,l.
1319 3657 1351 3718 8.
1371 3657 1423 3718 12.
1444 3656 1497 3718 18.

188 3767 241 3825 21.
264 3764 305 3824 23
321 3758 481 3824 scribitur
501 3759 605 3826 etiem
624 3758 666 3826 de
687 3759 739 3843 iis,
766 3782 853 3849 quae
875 3759 971 3825 brevi
993 3762 1166 3825 anteacta
1186 3759 1333 3825 fuerant.
1358 3763 1499 3824 Senten-

187 3866 283 3946 tiam,
301 3887 369 3956 qua
384 3864 457 3954 ipse
473 3864 650 3955 aliquanto
663 3866 769 3932 serius
787 3865 946 3949 ingressu
964 3872 1075 3931 terrae
1089 3870 1225 3931 sanctae
1242 3864 1497 3944 excludebatur,

187 3973 221 4038 in
236 3993 342 4039 unum
357 3978 600 4057 argumentum
615 3971 794 4039 confundit
810 3993 885 4037 cum
907 3970 979 4053 illa,
998 3993 1066 4061 qua
1079 3975 1166 4037 totus
1181 3971 1326 4061 populus
1341 3970 1500 4036 exclude-

186 4080 298 4160 batur,
318 4085 351 4145 ct
369 4078 489 4146 mediis
507 4078 631 4146 deserti
651 4079 785 4145 Pharan
803 4077 886 4144 actis
904 4076 1023 4144 inserit
1044 4101 1051 4146 :
1072 4084 1149 4167 post
1166 4077 1298 4166 elapsos
1312 4100 1359 4144 sc.
1382 4082 1424 4145 38
1441 4099 1500 4144 an-

187 4210 249 4255 nos
261 4210 281 4254 a
295 4195 463 4278 tempore,
481 4210 550 4277 quo
564 4209 624 4255 eae
636 4185 823 4253 sententiae
837 4184 1049 4266 terebantur,
1067 4186 1117 4251 tas
1130 4186 1270 4251 omnino
1286 4190 1360 4251 erat
1375 4184 1501 4250 oratori

187 4294 366 4381 ignorare,
387 4294 479 4384 quod
501 4294 593 4361 inter
615 4293 693 4359 illas
716 4292 968 4372 intercesserat,
993 4314 1182 4381 paucarum
1204 4291 1499 4358 hebdomadarum

189 4401 420 4468 intervallum.
434 4408 504 4480 Quo
519 4403 655 4490 egregie
666 4400 890 4466 confirmatur
901 4405 1016 4465 nostra
1030 4398 1148 4489 opinio
1163 4403 1213 4465 CN
1229 4422 1262 4487 p.
1282 4405 1357 4479 156,
1371 4419 1501 4465 annum

190 4512 289 4573 Num.
302 4515 379 4589 20‚1
396 4508 657 4596 intelligendum
674 4529 744 4574 esse
756 4528 887 4574 annum
900 4506 944 4573 ab
959 4506 1066 4593 exodo
1083 4505 1222 4572 corticem
1241 4511 1321 4572 :On
1339 4530 1372 4593 p.
1391 4507 1500 4569 XXXV

190 4636 242 4702 sq.
265 4620 307 4679 ς16
327 4637 392 4704 sq„
410 4636 540 4682 annum
558 4615 801 4704 interpretatus
815 4619 902 4695 39¹¹'”,
920 4598 1069 4680 affirmat
1084 4634 1225 4700 gravem
1236 4612 1356 4677 haberi
1372 4609 1500 4673 discor-

191 4721 284 4787 diam
304 4720 393 4787 inter
411 4724 510 4789 Num.
533 4728 575 4788 10
595 4727 628 4789 et
647 4727 741 4788 lteut.
766 4726 842 4787 1.37
864 4742 914 4809 sq.
936 4721 1084 4786 Tandem
1108 4726 1224 4786 orator
1243 4724 1358 4783 noster
1378 4712 1502 4780 deserti

573 4849 748 4888 uuuuetaueu.
767 4863 796 4872 -
814 4850 890 4886 collat.
909 4849 935 4885 ΙΝ
953 4849 1023 4884 OEt'T.
1041 4861 1072 4872 -·
1091 4841 1119 4884 12
