3366 5346
181 296 239 354 508
557 309 629 353 acm
654 275 785 354 curruca
807 307 868 351 urm
890 307 980 350 virne
1000 307 1115 351 norsrs.

226 452 257 509 2.
288 443 422 510 Cantici
449 442 591 509 indoles.
617 443 674 507 l'el
704 441 814 508 obiter
842 441 1037 531 inspicienti
1064 441 1232 507 canticum
1260 439 1403 506 evidens
1436 443 1507 518 est,

179 550 266 616 lalso
282 549 386 617 asseri
402 572 422 615 a
439 549 557 615 Ditlnt.
581 572 612 638 p.
634 554 709 628 39⁴2,
728 554 838 614 vatem
856 547 1029 614 historiam
1044 546 1177 613 lsraelis
1193 569 1298 636 usquc
1317 544 1365 611 ad
1384 543 1508 611 detec-

140 725 143 729 ,
177 657 349 723 retinetene
370 655 516 744 aliquod
530 668 696 745 pitnetntn
718 677 799 744 prae
819 654 924 720 oeulis
951 654 1090 720 habere.
1111 654 1201 720 Unde
1221 653 1308 719 lalso
1323 652 1400 742 ipse
1422 655 1509 740 post

179 767 241 829 Kn.
258 767 370 829 censet
381 763 551 829 canticum
567 760 747 850 specialius
761 784 830 827 esse
844 760 1059 826 referendum
1077 760 1121 827 ad
1136 765 1291 849 tempora
1306 756 1507 825 Benhadad

178 875 211 936 et
235 869 385 935 Hazaelis
412 890 533 955 regum
558 869 686 955 Syriae,
712 867 770 933 alii
795 867 839 933 ad
867 872 1017 934 extrema
1047 875 1202 956 tempora
1231 866 1425 945 Samariae,
1457 862 1505 930 ad

179 983 336 1065 tempora
356 974 617 1041 Salmanassaris
632 975 683 1040 vel
703 974 1016 1041 Nabuchodonosor
1036 981 1099 1040 ete.
1118 974 1229 1040 Otiose
1249 972 1358 1062 aliqui
1381 971 1506 1060 inqui-

180 1089 271 1164 runt,
292 1104 463 1171 quaenam
489 1083 645 1168 gentium
673 1081 833 1147 Hebraeis
860 1081 1077 1147 inimicarum
1105 1080 1209 1148 luerit
1240 1102 1322 1170 prae
1349 1076 1505 1166 reliquis

179 1187 298 1271 stultu,
318 1211 394 1254 eum
420 1210 487 1254 non
507 1188 548 1254 de
568 1187 716 1254 inimicis
735 1187 952 1266 stultissimis
975 1187 1034 1254 sed
1056 1186 1099 1254 de
1119 1187 1267 1253 inimicis
1287 1185 1400 1251 stultis
1414 1189 1504 1270 agat

180 1299 300 1361 textus
318 1300 369 1362 Se.
394 1295 563 1361 cauticum
589 1294 796 1361 adamussim
821 1300 971 1384 praestat
990 1293 1087 1375 illud,
1108 1293 1200 1383 quod
1224 1298 1326 1374 31,1a
1349 1312 1431 1379 sqq.
1457 1296 1502 1356 26

179 1423 255 1491 sqq.
280 1402 545 1490 promittebatur
572 1423 579 1469 :
608 1403 682 1490 epit
706 1399 747 1467 de
768 1400 940 1467 aestatibus
965 1400 1107 1487 suteris
1135 1401 1270 1478 Quoties
1300 1397 1450 1464 Hebraei
1480 1420 1501 1462 a

180 1507 272 1573 cultu
293 1508 394 1573 [alive
417 1508 460 1574 ad
480 1507 709 1574 idololatriam
734 1508 929 1573 deficientes
952 1507 988 1573 in
1010 1513 1212 1596 potestatem
1235 1503 1372 1572 venturi
1396 1513 1502 1585 erant

179 1613 467 1698 alienigenarum,
487 1614 551 1679 hoc
577 1615 709 1680 cantico
732 1613 887 1700 erigendi
915 1621 1014 1679 erant
1035 1614 1079 1680 ad
1104 1612 1278 1680 fiduciam.
1306 1611 1354 1677 nd
1382 1610 1500 1700 ripam

179 1718 331 1784 iordanis
346 1741 424 1785 oum
444 1719 594 1786 exercitu
616 1720 848 1786 llebraeorum
871 1719 1075 1786 constitutus
1091 1726 1183 1786 vates
1208 1739 1410 1808 persuasum
1436 1717 1502 1782 ha-

177 1825 236 1891 bet
260 1826 363 1892 breve
391 1830 466 1915 post
492 1831 629 1914 tempus
653 1826 822 1892 Hebraeos
846 1827 986 1892 traiecto
1011 1826 1153 1891 llumine
1183 1825 1220 1890 in
1244 1822 1501 1891 chanaanitidis

178 1953 248 1998 esse
269 1953 496 1998 consessurus.
520 1936 562 1997 Eo
583 1955 617 1998 se
643 1939 755 1998 mente
779 1933 938 1998 transfert
963 1932 1081 2021 ibique
1106 1930 1360 1998 decantandum
1392 1929 1500 2014 fingit

178 2059 318 2104 carmen
336 2059 343 2105 :
359 2038 451 2127 quod
471 2037 616 2105 fictionis
635 2060 745 2124 genus
760 2038 876 2127 eequis
898 2044 1020 2128 poetae
1044 2037 1126 2104 vitio
1150 2036 1311 2104 verterit?
1326 2035 1501 2102 Hebraeo-

179 2159 254 2210 rum
281 2145 317 2211 in
344 2144 404 2211 illa
435 2146 575 2230 regione
604 2146 879 2234 prosperitatem,
914 2135 1133 2226 delectiones,
1164 2142 1405 2210 tribulationes
1436 2142 1501 2208 de-

178 2250 296 2316 scribit
311 2250 502 2337 policratici
516 2249 633 2338 plnne,
651 2251 698 2316 ita
712 2256 749 2315 ut
762 2252 865 2316 verba
879 2250 1085 2339 adaptentur
1096 2250 1274 2339 quibusvis
1290 2247 1418 2315 futuris
1435 2252 1500 2315 lle·

179 2355 363 2421 braeorum
383 2354 670 2421 vicissitudinibus
691 2379 708 2421 a
733 2357 956 2435 ChananaeiS,
979 2356 1185 2438 amalecitis
1204 2354 1369 2434 lloabitiS,
1386 2355 1498 2442 Syria,

179 2463 309 2549 Assyria
324 2469 387 2528 etc.
408 2468 471 2527 ete.
495 2460 688 2549 protectis.-

222 2572 260 2635 Et
275 2590 337 2634 nos
351 2567 490 2657 quidem
511 2567 650 2634 omnino
671 2567 886 2635 defendimus
901 2574 1010 2635 vatem
1028 2592 1090 2659 per
1106 2569 1323 2658 prophetiam
1342 2587 1500 2654 gnarum

177 2673 278 2741 fuisse
298 2674 434 2741 futurae
456 2674 688 2741 Hebraeorum
711 2675 883 2755 historiae,
902 2682 1071 2764 qrr'atenus
1084 2698 1124 2742 ea
1140 2676 1330 2765 petrei-etim
1352 2673 1500 2739 oirtnino

168 2781 218 2846 'in
244 2781 378 2848 erratico
403 2781 576 2869 panditur.
604 2787 740 2863 Verum,
770 2782 832 2848 etsi
858 2782 934 2870 quis
960 2782 1175 2850 rationalista
1196 2779 1414 2872 prophetiam
1443 2802 1500 2847 re·

177 2895 289 2976 spuat,
307 2894 443 2954 nonest
460 2887 512 2952 illi
527 2887 607 2953 ideo
628 2888 681 2953 ius
699 2887 878 2974 negandae
891 2889 1012 2955 cantici
1028 2889 1251 2978 antiquitatis.
1268 2887 1400 2955 Etenim
1418 2894 1501 2976 post

182 2993 328 3058 lelioiter
348 3017 386 3059 ex
408 2998 565 3081 Aegypto
583 2993 627 3060 ad
648 2994 827 3060 Iordanem
843 2995 1048 3083 perductum
1068 2996 1247 3085 populum,
1272 3000 1344 3085 post
1362 2993 1501 3081 glorio·

177 3120 249 3164 sam
271 3120 391 3184 regum
415 3100 528 3164 Sehon
549 3105 582 3166 et
598 3103 648 3185 Og
665 3106 828 3186 stragem,
851 3101 1068 3189 exspectabat
1085 3124 1166 3168 sane
1187 3108 1292 3184 vates,
1315 3106 1501 3190 exspecta-

179 3205 262 3269 bant
285 3204 428 3271 llebra'ei
449 3204 734 3271 confidentissime
752 3213 785 3272 et
806 3212 981 3295 procerte
1002 3209 1119 3275 lutura
1141 3208 1316 3275 habebant
1337 3207 1501 3273 Chanaa-

179 3309 296 3376 nitidis
324 3311 570 3393 subactionem,
602 3317 701 3378 norat
732 3318 824 3379 vates
855 3319 973 3399 gentes
997 3315 1151 3381 ethnicas
1176 3314 1395 3382 idololatriae
1422 3336 1499 3381 esso

90 3470 93 3479 .
180 3416 313 3484 deditas
336 3440 450 3507 neque
471 3418 515 3484 ab
529 3440 569 3485 ea
591 3441 789 3500 recessurus,
807 3426 967 3509 expertus
985 3428 1058 3487 erat
1080 3428 1180 3503 aista
1198 3421 1350 3488 indolem
1371 3420 1500 3510 populi

180 3524 324 3590 hebraei
343 3523 387 3589 ad
406 3524 642 3605 idololatriam
662 3528 784 3592 misere
804 3525 906 3615 proni
928 3549 935 3594 :
961 3527 1073 3616 potuit
1096 3550 1192 3615 ergo,
1217 3528 1348 3594 etiamsi
1368 3549 1388 3592 a
1411 3549 1500 3615 pro·

179 3630 295 3717 phetia
318 3630 568 3709 abstrahamus,
585 3632 716 3698 futuras
738 3632 967 3700 Hebraeorum
984 3634 1191 3700 delectiones
1203 3640 1236 3700 et
1250 3631 1500 3700 tribulationes

178 3741 270 3801 certo
295 3738 493 3825 praesagire
523 3743 557 3803 et
580 3761 642 3827 pro
669 3737 737 3804 illis
758 3740 940 3820 canticum,
963 3740 1062 3829 quale
1088 3739 1125 3807 in
1140 3746 1235 3807 [tent.
1255 3741 1394 3827 legitur,
1413 3746 1501 3808 ante

178 3842 397 3909 concinnare.
425 3847 514 3929 Ergo
531 3843 663 3925 exinde,
682 3845 776 3934 qnod
796 3845 967 3911 canticum
991 3847 1123 3913 tuturos
1148 3855 1289 3914 eventus
1312 3847 1498 3935 respiciat,

177 3971 220 4015 ne
238 3949 457 4015 rationalistis
476 3950 615 4038 quidem
635 3951 753 4017 efficax
774 3951 1014 4040 suppeditatur
1032 3954 1118 4018 ratio
1134 3952 1346 4042 antiquitatis
1370 3954 1498 4021 earmi-

178 4055 229 4120 nis
242 4055 435 4141 negandae.

222 4165 336 4247 Neque
366 4184 474 4227 seram
502 4163 625 4230 cantici
651 4163 821 4249 originem
850 4164 929 4230 inde
956 4165 1006 4232 las
1039 4171 1088 4231 est
1115 4166 1255 4246 inferre,
1281 4164 1374 4255 quod
1396 4172 1497 4233 vates

178 4286 209 4329 v.
228 4271 306 4330 8-1t
324 4275 464 4333 everrtus
489 4269 564 4335 aevi
588 4269 727 4336 mosaici
752 4276 929 4360 tamquam
955 4301 970 4331 «
996 4271 1184 4339 diutissime
1209 4279 1287 4339 ante
1310 4299 1325 4332 »
1355 4271 1445 4361 (ltili
1486 4328 1493 4340 .

178 4393 212 4460 p.
237 4370 313 4459 393)
330 4377 423 4438 actos
437 4375 617 4442 describat.
638 4376 800 4443 Describit
812 4399 882 4443 non
900 4377 1088 4444 diutissimo
1103 4387 1180 4446 ante
1195 4380 1254 4447 sed
1270 4379 1495 4447 solummodo

84 4518 89 4528 ·
177 4484 257 4544 ante
281 4482 387 4557 actea,
414 4501 433 4544 a
453 4481 608 4567 patribus
633 4506 663 4548 v.
690 4491 708 4547 7
730 4482 876 4548 mediate
902 4484 953 4548 vel
975 4484 1172 4552 immediate
1192 4485 1381 4552 discendos
1405 4489 1497 4553 Cum

177 4592 291 4652 alitem
319 4607 376 4652 eos
396 4591 512 4675 patres
530 4609 593 4677 per
614 4589 729 4652 omnia
754 4592 869 4654 lutura
888 4595 1041 4679 tempora
1065 4591 1205 4659 inducat
1227 4592 1305 4658 tiliis
1325 4590 1395 4657 suis
1413 4597 1499 4659 aeta

177 4693 252 4756 aeri
279 4691 418 4759 mosaici
439 4699 649 4776 enarrantes,
669 4693 801 4760 inducit
824 4717 878 4761 eos
900 4696 984 4764 haee
1003 4705 1201 4765 enarrantes
1221 4721 1290 4765 non
1310 4703 1497 4788 tanlquam
