3366 5346
685 265 774 309 riusa
796 267 987 312 alrammus.
1456 257 1495 314 63

181 401 274 489 leges
288 400 393 467 tradit
410 399 514 466 veluti
530 400 668 465 vestitas
680 399 876 466 narratione
892 405 1093 482 eventuum,
1108 401 1200 466 inter
1211 423 1297 489 quos
1308 401 1388 468 illae
1404 402 1497 489 leges

180 515 273 575 ortae
288 513 379 574 sunt.
399 510 449 572 Sc.
466 505 583 591 legum
599 506 830 605 mosaicarum
844 506 1026 594 obligandi
1042 506 1092 574 vis
1107 513 1178 574 tota
1194 506 1360 574 fundatur
1376 530 1494 575 earum

179 613 338 694 historio,
363 636 431 702 qua
451 619 485 678 et
505 610 712 698 legislatoris
738 612 923 680 auctoritas
944 619 978 679 et
1001 613 1052 679 illi
1076 613 1268 700 gravissimi
1285 619 1425 681 eventus
1440 614 1496 682 de-

181 725 425 799 monstrantur,
453 717 514 807 qui
533 719 649 804 legum
673 718 1006 807 promulgandarum
1026 719 1182 787 exstitere
1208 720 1412 788 occasiones.
1445 721 1494 786 uf.

182 832 273 894 [tent.
290 833 358 906 1-3,
372 825 431 892 ubi
448 824 535 891 illud
547 823 840 891 observandarum
856 824 975 910 legum
988 831 1245 912 argumentum,
1261 826 1353 917 quod
1370 831 1497 915 Moyses

112 1023 114 1026 Ι
181 934 293 1022 primo
306 934 382 998 loeo
397 930 586 1020 ceterisque
600 931 771 1020 copiosius
786 930 948 1020 explieat,
969 933 1097 1021 petitur
1114 955 1153 999 ex
1167 932 1321 999 historia.

224 1038 306 1106 lude
330 1038 375 1105 ab
400 1041 440 1104 Ε.
455 1037 627 1105 Schrader
646 1038 750 1104 evasit
772 1037 843 1103 fere
871 1037 1063 1104 communis
1088 1038 1180 1105 inter
1203 1039 1337 1106 criticos
1361 1039 1496 1130 opinio,

182 1145 309 1213 librum
330 1149 426 1211 losue
442 1166 520 1211 cum
540 1143 770 1233 pentateucho
789 1142 976 1232 aliquando
995 1144 1097 1212 luisse
1116 1166 1223 1212 unum
1239 1145 1496 1230 documentum,

181 1251 430 1319 besuteuehum
453 1272 461 1318 :
479 1250 623 1318 habebis
637 1271 720 1335 ergo
732 1249 861 1317 librum
877 1272 949 1317 nen
963 1249 1179 1340 bipartitum,
1198 1252 1258 1318 sed
1272 1253 1496 1341 tripartitum.

182 1358 300 1426 ludaei
319 1357 528 1447 posteriores
544 1356 673 1422 librum
695 1360 790 1422 losue
809 1377 945 1446 semper
963 1357 1174 1424 severissime
1189 1380 1206 1424 a
1221 1359 1322 1424 thora
1338 1358 1500 1425 distinxe-

183 1470 275 1547 runt,
290 1471 325 1531 et
343 1464 431 1530 inter
445 1463 631 1554 prophetas
646 1463 858 1549 relegarunt.
876 1466 972 1530 Certe
991 1486 1061 1530 non
1079 1464 1229 1532 habetur
1243 1469 1395 1531 extremo
1410 1465 1500 1531 libro

184 1575 278 1637 losue
299 1569 504 1659 subscriptio
530 1568 654 1636 similis
676 1568 968 1659 subscriptionum
997 1575 1073 1637 hev.
1106 1576 1225 1652 ae‚e5;
1253 1578 1372 1651 27,3t;
1398 1576 1497 1638 Num.

183 1682 296 1757 sata.
315 1675 409 1754 Quod
425 1676 554 1755 dicunt,
576 1681 760 1743 extremam
782 1677 1018 1743 narrationem
1036 1677 1228 1767 oportuisse
1245 1699 1286 1744 ea
1301 1677 1419 1744 omnia
1435 1677 1501 1743 im·

183 1783 276 1872 pieta
295 1783 442 1861 habere,
464 1803 614 1872 quorum
635 1782 843 1872 praecedens
863 1783 1015 1850 narratio
1036 1783 1195 1870 germina
1222 1776 1330 1850 veluti
1352 1785 1502 1851 contine-

184 1897 251 1969 ret,
277 1906 359 1973 ergo
384 1890 487 1954 etiam
518 1887 680 1977 impletas
712 1888 840 1955 habere
867 1889 1108 1978 promissiones
1136 1888 1362 1978 possidendae
1392 1897 1502 1956 terrae

184 1995 388 2084 promissae,
413 1994 584 2061 infirmius
604 2001 653 2060 est
678 2000 933 2080 argumentum.
959 1999 1136 2061 Ex.-Deut.
1160 1995 1280 2084 utique
1301 2017 1501 2061 contruemo-

183 2113 304 2168 renten·
323 2122 384 2166 eae
404 2099 659 2188 promissiones,
682 2098 742 2165 sed
760 2105 832 2167 tota
851 2107 928 2189 post
945 2099 1197 2187 legislationem
1217 2100 1409 2168 sinaitieam
1424 2124 1503 2168 nar-

184 2207 271 2274 ratio
294 2207 371 2294 (ΟΝ
391 2213 406 2272 1
427 2205 519 2295 sqq.)
543 2206 580 2271 in
597 2228 637 2271 eo
657 2211 720 2285 est,
738 2212 776 2271 ut
794 2205 967 2273 describat
985 2207 1117 2273 Israelis
1132 2212 1165 2273 et
1184 2207 1302 2295 Moysis
1323 2212 1502 2297 peccatum

184 2314 327 2402 eiusque
343 2333 482 2401 poenus,
496 2311 692 2398 ingressum
709 2316 820 2379 terrae
831 2313 1018 2402 promissae
1033 2318 1084 2380 tot
1099 2312 1199 2380 annis
1212 2312 1369 2396 dilatum,
1383 2315 1503 2402 Moysis

184 2421 220 2486 in
236 2419 355 2486 limine
376 2424 488 2484 terrae
507 2417 694 2507 promissae
712 2417 863 2496 obitum,
879 2441 939 2486 seu
956 2425 993 2485 ut
1007 2419 1158 2508 primum
1173 2419 1291 2486 foedus
1307 2419 1501 2486 sinaiticum

187 2528 307 2593 misere
334 2525 517 2605 violatum,
546 2523 654 2590 altero
679 2524 816 2590 loedere
840 2524 1023 2590 moabitico
1052 2523 1198 2591 feliciter
1227 2525 1420 2591 restitutum
1443 2525 1503 2591 de-

187 2637 376 2698 monstret:
392 2630 609 2698 concluditur
622 2652 705 2718 ergo
722 2629 897 2720 aptissime
912 2631 1065 2697 narratio
1084 2637 1191 2696 morte
1206 2630 1334 2717 Moysis.
1357 2632 1504 2696 Promis-

186 2738 297 2804 siones
310 2736 393 2804 illae
410 2749 600 2803 numeretur
612 2737 826 2825 potissimum
843 2735 881 2802 in
895 2736 1027 2816 Genesi,
1045 2757 1150 2825 quam
1165 2737 1270 2802 totius
1284 2735 1505 2825 pentateuchi

186 2866 256 2911 csse
268 2843 560 2911 introductionem
575 2842 762 2933 quamdam
775 2843 812 2908 in
827 2848 1004 2931 comperto
1021 2847 1088 2923 est;
1103 2848 1299 2923 narrantur,
1317 2863 1395 2908 eum
1411 2842 1505 2931 quod

186 2949 231 3015 ad
252 2949 482 3040 praeambula
507 2949 672 3016 historiae
700 2948 832 3015 lsraelis
856 2949 998 3014 omnino
1019 2953 1187 3038 spectent,
1219 2955 1291 3015 tum
1320 2947 1415 3037 quod
1437 2947 1506 3014 illis

187 3058 376 3146 suppressis
390 3055 533 3123 historia
548 3055 681 3122 israelis
693 3061 727 3121 et
741 3055 859 3143 Moysis
873 3055 1021 3141 intelligi
1035 3060 1194 3142 nequeat.
1212 3058 1368 3122 Ceterum
1382 3076 1504 3144 quaes-

188 3162 331 3236 tionem,
358 3161 604 3229 statuendusne
625 3161 669 3228 sit
690 3183 753 3251 pro
774 3162 1003 3251 pentateucho
1025 3162 1273 3244 herateuchus,
1300 3161 1505 3228 remittimus

188 3268 231 3334 ad
247 3268 530 3336 commentarium
546 3270 583 3334 in
595 3267 722 3334 librum
739 3273 847 3334 losue.

231 3376 320 3442 Licet
334 3397 416 3442 vero
431 3374 558 3441 librum
572 3378 667 3442 losue
681 3395 750 3441 nou
765 3395 962 3440 censeamus
976 3374 1079 3440 fuisse
1093 3374 1176 3440 libri
1187 3373 1342 3463 bipartiti
1357 3379 1503 3463 partem,

189 3480 433 3571 producentem
450 3481 685 3548 narrationem
702 3480 749 3546 ad
769 3486 912 3546 mortem
932 3485 1027 3546 losue
1046 3502 1170 3568 nsque,
1192 3500 1370 3546 censemus
1390 3485 1506 3546 tamen

189 3586 271 3652 libri
290 3587 447 3675 bipartiti
471 3592 605 3677 partem
630 3609 670 3654 ac
693 3586 800 3653 veluti
824 3586 999 3676 epilogum
1021 3585 1124 3654 tuisse
1144 3591 1218 3653 acta
1238 3608 1418 3676 supremae
1438 3585 1507 3652 diei

191 3690 280 3758 vitae
304 3692 437 3778 Moysis.
458 3696 563 3769 Quem
583 3693 760 3784 epilogum
779 3691 964 3759 solemnius
987 3692 1130 3760 inchoat
1149 3697 1244 3760 [tent.
1273 3699 1381 3775 1‚1-3‚
1399 3698 1507 3760 textus

190 3820 282 3866 nunc
306 3797 448 3886 quidem
467 3820 624 3881 mancus,
646 3801 706 3890 qui
725 3799 832 3866 tradit
851 3799 1037 3866 stationum
1056 3799 1138 3866 inde
1157 3823 1178 3866 a
1201 3806 1317 3866 monte
1340 3799 1433 3866 Sinai
1452 3821 1507 3866 re·

189 3909 343 3993 spectum
363 3907 601 3989 summarium,
617 3905 844 3995 tradebatque
862 3906 966 3973 totius
983 3905 1064 3972 inde
1085 3906 1130 3972 ad
1150 3904 1332 3973 Iordanem
1350 3905 1506 3995 peregri-

190 4011 339 4078 nationis
351 4018 544 4102 temporum
558 4013 738 4081 rationem.
762 4021 812 4078 1²⁰¹
827 4012 919 4079 diem
935 4013 1062 4080 mensis
1077 4014 1126 4080 11¹
1138 4011 1221 4079 anni
1238 4013 1287 4079 to*
1302 4034 1421 4080 censeo
1437 4034 1507 4080 esse

191 4118 303 4207 ipsum
320 4139 521 4208 supremum
542 4119 634 4186 diem
654 4120 744 4186 vitae
763 4119 883 4208 Moysis
903 4120 948 4208 (v.
969 4120 1022 4203 i.)‚
1044 4131 1147 4209 atque
1163 4124 1259 4186 Dent.
1279 4125 1333 4201 l,3
1347 4121 1508 4210 primitus

191 4223 369 4291 inchoasse
383 4226 618 4292 narrationem
630 4230 786 4293 actorum
801 4229 874 4293 eius
886 4226 956 4293 diei
972 4234 1044 4308 31,1
1054 4232 1190 4308 tibiali
1208 4248 1216 4292 ε
1233 4254 1248 4286 «
1267 4232 1322 4294 t0⁰
1337 4249 1428 4294 anno
1441 4234 1504 4294 etc.

192 4328 276 4397 dixit
292 4331 397 4398 lahve
412 4332 456 4399 ad
475 4336 608 4420 Moysen
628 4336 692 4399 etc.
712 4360 742 4398 ».
760 4332 823 4409 Qui
838 4332 910 4399 dies
925 4332 1047 4399 habuit
1061 4333 1233 4400 canticum
1249 4339 1283 4400 et
1300 4333 1507 4400 benedictio·

191 4457 263 4504 nes.
286 4437 324 4505 ld
342 4441 380 4503 ut
399 4439 633 4520 adstruamus,
656 4439 790 4525 exigere
815 4440 917 4505 etiam
941 4438 1078 4506 videtur
1100 4441 1305 4507 narrationis
1327 4444 1504 4509 Ex.-Num.

192 4540 336 4625 indoles,
354 4566 442 4634 quae
457 4545 502 4612 ad
519 4546 636 4635 Moysis
650 4551 796 4611 mortem
808 4551 986 4633 tamquam
1007 4545 1049 4612 ad
1062 4568 1163 4614 suum
1182 4545 1375 4613 naturalem
1390 4544 1507 4609 termi-

193 4669 278 4715 num
293 4650 413 4731 tendit,
430 4652 586 4741 aliaeque
603 4674 687 4742 quas
700 4673 802 4741 supra
816 4649 1056 4720 iudicabamus
1074 4653 1235 4719 rationes.

590 4771 764 4807 transsatam.
782 4783 814 4792 ··
831 4769 907 4805 conti.
925 4770 952 4807 ln
969 4771 1040 4809 DEUT·
1059 4784 1088 4794 -
1105 4763 1119 4807 5
