3366 5346
218 328 276 386 las
591 343 734 386 nrsromx
755 341 985 387 assrrrurrorus
1007 308 1161 387 ronnnnr's.

212 478 299 544 sima
327 498 406 566 pars
432 475 639 566 pentalogus
665 498 785 566 reapse
814 477 930 543 omnia
956 475 1015 542 illa
1037 476 1144 542 verba
1166 475 1328 543 habebat.
1350 477 1532 545 Redactor

213 605 355 670 gravem
371 583 608 660 difficultatem
625 591 783 672 expertus
798 585 834 649 in
847 581 948 650 tertia
965 581 1119 650 oratione
1133 583 1355 659 restituenda,
1372 584 1548 665 solamen,

211 690 330 756 sibiet
351 690 419 756 suis
443 689 577 778 quaerit
599 711 616 756 e
636 691 741 767 facto,
768 712 804 757 se
825 691 961 756 thoram
985 688 1132 756 feliciter
1157 689 1368 772 restituisse,
1396 690 1542 780 reliqua

215 819 295 863 vero
310 796 430 864 saltem
445 799 505 879 ita,
523 802 560 863 ut
573 795 810 863 observandae
827 795 889 862 toti
901 796 1020 863 thorae
1032 795 1169 862 abunde
1182 802 1292 863 essent
1304 797 1395 863 satis.

255 900 552 993 Supponebamus,
570 903 677 970 verba
694 926 726 968 v.
744 908 787 969 29
810 902 880 991 (28)
894 903 1047 992 prolecta
1063 923 1133 969 esse
1145 901 1191 969 ab
1206 902 1322 992 aliquo
1336 903 1534 985 redactore,

209 1009 270 1099 qni
290 1010 326 1076 in
344 1008 450 1076 triunr
468 1008 663 1077 orationum
682 1011 912 1075 mosaicarum
927 1015 1020 1075 textu
1039 1009 1251 1076 restituendo
1269 1009 1425 1099 posuerit
1445 1033 1536 1101 ope-

208 1138 295 1183 ram.
317 1116 474 1183 adscribi
497 1116 602 1183 etiarn
631 1121 773 1204 potuere
803 1115 847 1181 ab
874 1115 999 1205 aliquo,
1028 1115 1089 1205 qui
1114 1115 1177 1182 soli
1208 1117 1329 1183 tertiae
1361 1117 1536 1184 orationis

207 1223 314 1290 textui
347 1223 557 1289 restituendo
586 1222 773 1289 insudaret.
802 1223 863 1300 Qui
895 1228 1004 1289 textus
1038 1221 1181 1312 reliquis
1213 1223 1361 1289 textibus
1390 1224 1536 1292 videtur

208 1329 309 1396 fuisse
332 1328 443 1417 magis
462 1328 685 1416 defiguratus
703 1334 744 1396 Et
766 1351 828 1396 nos
850 1329 989 1418 quidem
1014 1350 1085 1395 non
1107 1351 1287 1418 possumus
1306 1352 1374 1396 non
1399 1333 1536 1398 sentire

211 1435 371 1504 lacunam
404 1441 480 1525 post
506 1442 603 1516 29,21
620 1437 704 1524 (20),
734 1442 769 1503 at
795 1434 908 1502 minus
934 1434 1099 1503 sentimus
1132 1436 1291 1503 lacunam
1318 1443 1394 1525 post
1428 1459 1461 1505 v.
1487 1444 1537 1505 28

215 1543 288 1629 (27)
309 1547 494 1621 ε29,22-28
514 1548 548 1608 et
561 1548 702 1622 aon-10
722 1548 831 1628 agunt
847 1542 889 1608 de
907 1542 1009 1610 rebus
1026 1541 1168 1631 quidem
1189 1542 1344 1624 diversis
1360 1543 1420 1611 sed
1442 1566 1537 1634 qua-

207 1670 285 1716 rum
310 1648 419 1715 altera
443 1648 551 1739 priori
575 1670 644 1714 non
669 1649 885 1716 incommode
910 1648 1192 1715 subnectebatur.
1211 1652 1334 1716 Verum
1357 1650 1537 1717 sentiebat

207 1760 240 1821 et
256 1754 409 1842 graviter
423 1753 556 1822 ferebat
570 1755 729 1822 lacunam
745 1754 903 1822 redactor
922 1754 995 1835 ille,
1010 1756 1080 1822 sive
1098 1755 1193 1846 quod
1208 1756 1359 1845 aliquam
1374 1756 1427 1823 sui
1442 1779 1537 1846 apo·

205 1861 331 1950 graphi
355 1866 489 1950 partem
514 1860 693 1929 evidenter
716 1861 908 1952 praecisam
932 1884 1004 1928 esse
1028 1860 1315 1952 deprehenderet,
1333 1861 1403 1929 sive
1429 1864 1532 1952 quod

203 1974 331 2036 textum
352 1967 496 2035 haberet
514 1968 564 2035 ita
582 1968 828 2056 defiguratum,
845 1975 884 2035 ut
902 1970 944 2035 de
960 1991 1000 2035 eo
1017 1969 1225 2037 restituendo
1245 1969 1382 2059 penitus
1403 1968 1534 2059 despe-

205 2076 342 2142 raverit.
365 2079 473 2152 Quare
504 2080 633 2143 textum
660 2074 787 2142 invitus
816 2076 946 2158 omisit,
973 2075 1112 2143 suffecta
1139 2075 1177 2142 in
1203 2076 1274 2142 eius
1301 2076 1416 2142 locum
1444 2083 1534 2145 nota

205 2204 238 2248 v.
257 2188 299 2247 29
317 2182 401 2269 (28).

248 2287 343 2353 Haud
365 2292 461 2376 puto,
481 2287 643 2353 excidisse
671 2293 803 2354 tantum
831 2309 935 2354 unam
964 2289 1151 2354 alteramve
1182 2290 1397 2372 sententiam,
1422 2312 1531 2379 quam

204 2392 339 2460 facilius
352 2393 510 2460 redactor
519 2393 690 2461 celaturus
700 2399 759 2461 aut
772 2393 969 2482 expleturus
982 2399 1067 2475 erat,
1080 2397 1252 2462 autetiam
1264 2395 1407 2463 omnino
1422 2399 1533 2464 omis·

202 2522 317 2580 surus,
337 2500 421 2588 quin
447 2499 587 2586 gravius
614 2499 694 2566 inde
720 2499 978 2567 incommodum
1001 2507 1199 2569 nasceretur
1228 2510 1249 2563 (ι’
1270 2502 1370 2569 nobis
1393 2508 1429 2569 et
1448 2504 1532 2571 liliis

202 2606 326 2673 nostris
347 2627 382 2688 »ς
399 2605 459 2672 sed
479 2605 669 2692 longiorem
689 2606 872 2696 pericopen
896 2606 1086 2674 desiderari
1102 2608 1258 2675 coniicio.
1274 2608 1421 2677 Adverle
1442 2632 1524 2700 cap.

204 2720 246 2781 29
257 2735 467 2803 praeparare
479 2713 625 2779 restituti
635 2713 782 2780 foederis
790 2715 1057 2795 solemnitatem,
1068 2714 1165 2781 ouius
1177 2714 1403 2782 celebrandae
1418 2738 1527 2784 causa

202 2843 235 2887 r.
262 2828 301 2886 10
323 2841 398 2908 sqq.
418 2819 530 2886 adstat
553 2821 712 2910 populus,
732 2827 766 2886 et
789 2843 821 2886 v.
850 2826 890 2886 16
915 2843 989 2908 sqq.
1016 2820 1058 2886 de
1084 2842 1218 2887 summo
1243 2822 1366 2893 thorae
1391 2823 1526 2899 officio,

202 2929 225 2991 i.
248 2949 277 2992 e.
297 2925 502 2992 monolatria
521 2926 637 3008 lahve,
659 2933 692 2993 et
714 2926 912 2993 summatim
935 2926 976 2993 de
997 2926 1117 3016 poenis
1136 2927 1327 3017 apostasiae
1345 2936 1522 2997 monetur.

203 3038 225 3098 l}
245 3038 364 3098 contra
380 3039 490 3098 textus
505 3039 643 3113 30‚1-10
662 3033 776 3099 ideam
796 3032 920 3099 cantici
941 3034 1096 3116 resumit,
1116 3034 1248 3101 lalrven
1263 3037 1435 3103 Hebraeos
1449 3045 1529 3124 post

201 3138 448 3228 poenitentiam
463 3138 501 3204 in
517 3139 665 3224 gratiam
686 3161 821 3228 semper
836 3162 907 3206 esse
927 3146 1159 3228 recepturum.
1177 3146 1282 3218 Quam
1306 3142 1424 3209 veniae
1441 3164 1530 3232 pro-

202 3243 397 3311 missionem
417 3244 615 3312 dicebamus
628 3230 670 3312 in
688 3245 836 3311 foederis
851 3245 1054 3313 restituendi
1071 3247 1316 3330 instrumento,
1336 3250 1437 3316 thora
1451 3270 1527 3316 non

199 3352 304 3419 fuisso
325 3351 596 3441 exprimendam,
614 3351 708 3441 quod
728 3352 898 3419 eiusmodi
912 3351 1179 3419 instrumentum
1194 3353 1286 3442 pacti
1305 3354 1524 3423 conditiones

199 3465 381 3548 proponat,
396 3481 466 3525 non
481 3480 563 3525 vero
579 3459 672 3548 pacti
687 3458 876 3548 aliquando
891 3459 980 3525 forte
995 3459 1088 3549 rupti
1106 3458 1241 3526 veniam
1255 3461 1448 3549 promittat.
1469 3463 1521 3529 Ob

198 3564 341 3631 eandem
360 3567 525 3632 rationem
547 3587 713 3651 negamus
734 3565 833 3637 item.
858 3565 894 3632 in
917 3567 994 3654 ipsa
1018 3565 1166 3633 foederis
1191 3565 1333 3633 solemni
1363 3589 1443 3634 cum
1465 3590 1523 3635 sa-

198 3671 334 3738 crificiis
356 3672 573 3738 restitutione
598 3694 673 3738 eam
692 3671 827 3739 veniam
847 3672 1005 3760 promitti
1025 3674 1186 3762 potuisse.
1204 3673 1316 3740 Potuit
1337 3696 1379 3740 ea
1399 3680 1518 3741 autem

199 3777 408 3860 annuntiari,
431 3785 465 3844 et
486 3784 563 3867 apte
586 3778 867 3860 annuntiabatur,
887 3779 973 3845 sicut
993 3783 1070 3868 post
1084 3779 1218 3846 theram
1241 3779 1278 3847 in
1296 3782 1442 3862 cantico,
1465 3781 1517 3848 ita

199 3885 400 3952 immediate
425 3892 500 3974 post
528 3885 720 3952 restitutum
751 3884 869 3951 foedus
895 3885 1046 3975 alloquio
1072 3885 1190 3972 lloysis
1218 3892 1372 3966 30,1-10.
1390 3891 1518 3955 Cense-

199 4014 272 4058 mus
291 3992 411 4078 igitur,
428 3997 503 4080 post
525 3997 625 4071 29,28
651 3992 719 4077 (27)
745 3992 907 4058 excidisse
931 3992 967 4057 in
992 3997 1107 4058 nostro
1132 3997 1224 4059 textu
1245 4014 1341 4059 sacro
1364 3993 1518 4084 descrip-

198 4098 326 4163 tionem
351 4097 592 4178 solemnitatiS‚
618 4120 688 4186 qua
709 4097 830 4164 loedus
865 4098 1118 4166 restituebatur.
1143 4101 1236 4175 Quae
1265 4105 1355 4166 certe
1388 4099 1518 4169 habuit

196 4203 362 4268 sacrificia
378 4209 411 4269 ot
431 4204 570 4293 epulum
587 4226 735 4285 sacrum,
754 4210 787 4270 et
805 4206 949 4273 fortasse
966 4204 1196 4294 peragebatur
1214 4205 1283 4272 ritu
1305 4205 1398 4272 affini
1423 4205 1516 4276 ritus

196 4314 361 4387 27,11-26
378 4329 385 4375 :
402 4310 542 4377 sortasse
562 4311 711 4401 populus
728 4312 874 4400 repetito
886 4315 994 4378 nmen
1014 4312 1249 4400 profitebatur,
1268 4334 1315 4393 se,
1332 4313 1359 4379 si
1374 4334 1393 4379 a
1409 4313 1520 4381 labve

198 4414 405 4496 descivisset,
421 4416 616 4483 divinarum
638 4418 918 4486 maledictionum
938 4419 1089 4487 futurum
1111 4440 1221 4499 reum,
1239 4419 1309 4486 imo
1329 4440 1408 4487 eum
1429 4441 1519 4509 rege

197 4546 257 4593 suo
275 4523 309 4590 in
327 4522 480 4591 exsilium
498 4523 752 4592 abducendum.
