3366 5346
693 306 844 349 ciiuucou
865 307 980 351 uovsis.
1437 293 1495 354 509

182 447 283 508 testes
298 441 459 519 oculatos,
484 440 544 506 sed
568 445 743 528 tamquam
765 445 865 506 testes
884 440 954 507 sive
977 440 1144 510 mediatos
1168 443 1237 508 sive
1257 442 1490 525 immediatos,

183 571 266 635 ergo
279 546 534 638 peueralt'ssimc
550 557 697 612 tontom.

225 659 411 722 antumant
430 653 570 719 tandem
584 655 663 732 Ka,
680 651 785 719 Klost.
803 675 836 740 p.
856 660 919 721 2⁵25
936 653 1108 742 paucique
1124 653 1197 735 alii,
1210 656 1380 722 canticum
1397 660 1491 723 ueut.

182 767 224 826 32
238 774 356 826 notum
368 782 445 826 'esse
463 782 504 826 ec
523 759 593 825 alio
611 758 729 847 aliquo
746 759 943 847 antiquiore
965 761 1115 826 carmine
1136 760 1247 828 clearco
1268 774 1491 851 pertractato.

182 867 338 946 adverte,
365 867 534 933 canticum
560 871 654 932 [teut.
677 872 719 931 32
744 866 873 931 habere
895 873 1092 934 accuratam
1113 866 1323 957 strophicam
1348 873 1492 935 structu-

182 995 256 1039 ram
273 979 317 1052 et,
345 972 438 1062 quod
465 995 541 1038 mox
565 972 892 1053 demonstrabimus,
917 973 1030 1039 ideam
1060 973 1244 1040 artificiose
1270 973 1491 1041 illustratam.

184 1085 222 1146 [t
239 1080 324 1146 illud
350 1103 389 1145 ex
414 1079 608 1168 antiquiore
633 1078 783 1146 carmine
809 1087 929 1146 natum
951 1102 1021 1146 esse
1049 1080 1249 1161 affirmetur,
1274 1103 1344 1146 non
1368 1080 1496 1148 suflicit

182 1208 275 1252 mera
291 1186 500 1267 coniectura,
521 1185 581 1252 sed
599 1185 867 1252 demonstranda
882 1209 971 1274 quae
990 1186 1095 1252 fuerit
1113 1187 1320 1275 antiquioris
1335 1186 1497 1254 carminis

115 1294 119 1302 '
182 1290 259 1358 idea
274 1298 306 1358 et
320 1297 502 1374 structura,
523 1297 556 1358 et
571 1290 742 1380 quomodo
757 1292 841 1357 haec
862 1313 896 1357 sc
913 1292 1039 1377 habeat
1055 1292 1100 1358 ad
1115 1292 1222 1358 nostri
1241 1292 1365 1358 cantici
1379 1293 1494 1359 ideam

182 1403 216 1463 et
230 1403 450 1464 structuram.
468 1403 511 1464 lte
525 1420 591 1487 qua
608 1419 645 1463 re
661 1397 713 1463 illi
726 1406 882 1465 auctores
895 1399 1001 1464 altum
1018 1405 1157 1464 servant
1171 1399 1358 1466 silentium.

226 1504 406 1580 Quaeritur
429 1526 545 1594 porro,
573 1504 733 1591 qrcc'saom
757 1527 779 1571 o
801 1526 900 1571 sacro
928 1516 1003 1571 erote
1025 1503 1087 1570 doc
1113 1505 1286 1572 coelicam
1308 1506 1495 1594 pronunti-

181 1634 239 1676 orc
261 1610 458 1699 cffiaqotur.
486 1610 719 1677 introducitur
739 1610 879 1699 quidem
902 1611 1045 1699 loquens
1064 1610 1166 1677 lotoe
1185 1634 1218 1678 v.
1240 1617 1353 1681 '20-31.
1375 1617 1491 1691 37-t·2;

181 1723 216 1784 at
239 1717 277 1783 in
297 1717 437 1806 reliquis
462 1739 531 1783 non
551 1723 600 1783 est
620 1717 721 1783 lahve
745 1717 938 1783 subiectum
958 1718 1169 1806 loquenssls
1188 1740 1218 1783 v.
1239 1725 1258 1784 3
1276 1739 1346 1784 non
1370 1717 1494 1784 dixerit

184 1853 198 1883 u
218 1827 283 1889 [teo
299 1831 416 1890 nostro
439 1851 473 1903 v,
501 1845 571 1890 non
597 1824 731 1890 locutus
750 1823 792 1888 sit
811 1824 912 1889 tertia
935 1845 1081 1912 persona
1106 1823 1148 1888 de
1172 1846 1206 1890 sc
1226 1823 1316 1914 ipso;
1335 1846 1367 1890 v.
1393 1831 1434 1890 aa
1461 1831 1494 1890 et

182 1935 237 1996 35⁸
259 1952 328 1996 non
349 1952 418 1997 csse
445 1930 567 1996 lahvae
593 1928 779 2019 loquentis,
812 1930 902 1994 infra
924 1928 1182 2018 explicabimus.
1211 1929 1301 1996 Licet
1325 1932 1494 2017 lloysesa

181 2041 247 2103 [teo
263 2042 364 2116 31,19
379 2038 487 2103 iussus
499 2035 668 2102 canticum
686 2035 918 2124 descripserit,
936 2041 970 2101 et
982 2036 1123 2101 fortasse
1139 2041 1205 2102 [teo
1229 2034 1401 2124 aspirante
1420 2037 1492 2125 ipse

181 2143 269 2209 illud
290 2142 560 2222 concinnaverit,
585 2148 686 2231 atque
706 2141 754 2208 ita
774 2141 878 2208 verba
899 2143 1022 2208 cantici
1049 2141 1117 2207 sint
1139 2141 1245 2207 verba
1267 2144 1386 2228 lloysis
1405 2147 1493 2208 tam-

181 2271 286 2339 quam
307 2248 469 2330 decoloris,
492 2249 572 2314 hinc
589 2247 744 2314 nondum
760 2249 913 2337 sequitur
930 2253 1060 2335 Moysen
1080 2247 1300 2313 introducere
1322 2270 1357 2313 se
1381 2249 1491 2337 ipsum

181 2364 356 2444 tamquam
389 2377 570 2444 personam
604 2354 727 2421 cantici
761 2355 865 2421 verba
894 2354 1157 2443 proloquentem
1186 2374 1192 2420 :
1222 2358 1334 2443 potest
1361 2354 1493 2444 quippe

183 2467 300 2527 auctor
310 2462 475 2547 effingere
491 2461 661 2528 canticum
676 2461 780 2527 veluti
795 2461 839 2527 ab
854 2461 930 2526 eliis
945 2460 1216 2548 pronuntiatum.
1235 2460 1375 2526 labetur
1389 2483 1492 2550 porro

183 2573 284 2649 31,1o
317 2589 391 2655 sqq.
429 2574 470 2632 27
504 2589 578 2654 sqq.
613 2573 737 2653 lloyses
763 2566 849 2631 illud
875 2566 1047 2633 canticum
1072 2565 1283 2647 describere,
1314 2589 1382 2632 nou
1421 2573 1492 2633 tam

183 2694 245 2761 pro
276 2672 478 2760 aequalibus
505 2672 584 2754 suis,
614 2693 718 2760 quam
743 2672 957 2762 potissimum
983 2694 1046 2761 pro
1073 2672 1492 2762 posteris,intuitucve11·

182 2785 278 2846 tuum
322 2778 550 2866 quorumdam
592 2768 805 2856 futurorum,
834 2799 982 2866 quorum
1028 2778 1125 2844 nulla
1149 2779 1288 2845 omnino
1316 2801 1397 2867 pars
1420 2778 1492 2868 ipse

181 2890 308 2974 lloyses
324 2892 408 2952 esset
427 2886 563 2951 futurus
579 2907 586 2953 :
605 2885 699 2974 atqui
719 2885 756 2950 in
772 2884 937 2951 eiusmodi
954 2885 1085 2951 cantico
1105 2891 1245 2951 nonest
1266 2884 1492 2952 adstruendus

182 2997 306 3080 lloyses
335 2991 439 3058 veluti
466 3012 628 3081 praesens
656 2991 762 3080 loqui,
785 2991 849 3057 nisi
875 2990 912 3055 id
934 3014 973 3057 ea
992 2991 1065 3080 ipso
1090 2997 1182 3057 textu
1206 2991 1402 3078 colligatur.
1419 2995 1491 3058 Non

181 3099 274 3164 enim
294 3120 497 3165 consuevere
514 3098 669 3164 homines
687 3097 731 3163 ad
751 3120 808 3164 eos
827 3097 933 3163 verba
949 3119 1064 3164 coram
1082 3100 1204 3180 lacere,
1223 3098 1283 3187 qui
1298 3098 1403 3184 longo
1417 3103 1493 3186 post

181 3227 215 3271 se
233 3211 387 3294 tempore
400 3205 522 3271 victuri
535 3204 613 3271 sint.
632 3205 735 3286 Dices,
756 3210 887 3292 llopsen
901 3211 1001 3286 31,30
1019 3205 1074 3293 (cf.
1091 3205 1204 3292 aaut)
1221 3233 1236 3265 «
1254 3205 1405 3272 locutum
1420 3227 1491 3270 esse

182 3312 286 3378 verba
306 3312 467 3377 carminis
486 3311 648 3377 audiente
667 3311 826 3377 universo
848 3317 948 3377 coetu
973 3313 1075 3377 lsrael
1097 3340 1132 3384 »,
1158 3333 1241 3395 ergo
1264 3311 1414 3399 primum
1431 3310 1492 3376 illa

182 3419 300 3504 utiquc
316 3415 480 3504 prodiisse
496 3439 535 3482 ex
554 3437 613 3482 ore
633 3416 749 3500 Moysis
763 3417 899 3481 nonime
919 3439 979 3481 suo
993 3417 1176 3503 loquentis.
1196 3421 1317 3480 l'erum
1338 3415 1398 3479 illa
1419 3420 1491 3481 tum

183 3526 309 3607 lloyses
323 3521 571 3608 pronuntiabat
585 3543 653 3586 non
666 3526 703 3585 ut
715 3543 776 3586 sua
789 3520 832 3586 ad
847 3521 1013 3610 populum
1025 3520 1077 3587 vel
1091 3542 1207 3586 coram
1228 3519 1357 3609 populo
1371 3520 1488 3597 verba,

181 3626 239 3694 sed
256 3626 477 3716 praelabatur
497 3626 731 3716 popularibus,
752 3631 790 3693 ut
810 3627 981 3693 discerent
1005 3633 1039 3693 et
1059 3627 1226 3693 memoria
1244 3632 1401 3693 tenerent
1421 3625 1489 3713 (31,

185 3737 236 3820 19)
254 3755 293 3800 ac
316 3737 435 3822 postea
456 3739 494 3798 ut
514 3756 575 3799 sua
593 3734 747 3821 ipsorum
766 3733 872 3799 verba
891 3734 1127 3800 decantarent.
1144 3738 1233 3820 Ergo
1252 3733 1288 3814 ii,
1307 3732 1366 3821 qui
1388 3734 1493 3799 canti·

183 3862 259 3906 cum
285 3840 469 3906 universim
496 3840 689 3928 profantur,
713 3845 792 3905 sunt
814 3839 990 3906 Israelitoe
1006 3862 1082 3917 seu,
1100 3861 1177 3905 enm
1191 3838 1279 3906 illud
1293 3838 1367 3904 sine
1386 3838 1492 3905 dubio

183 3946 394 4013 solemnibus
413 3945 650 4012 occasionibus
671 3946 808 4036 publice
831 3946 1083 4028 decantaretur,
1102 3954 1180 4012 sunt
1205 3956 1383 4012 caletorum
1399 3943 1495 4010 altori

183 4053 323 4121 nomine
337 4053 391 4118 vel
406 4075 465 4119 suo
481 4052 535 4119 vel
551 4053 654 4120 totius
672 4053 793 4143 populi
812 4053 1002 4142 loquentes.

229 4161 337 4248 lgitur
354 4158 532 4247 stropham
555 4166 588 4226 et
606 4159 854 4249 antistropham
875 4159 1022 4249 primam
1042 4160 1232 4247 loquuntur
1246 4157 1343 4223 chori
1356 4156 1492 4225 nomine
1580 4171 1584 4179 “

127 4251 130 4256 ’
183 4290 254 4334 suo.
273 4266 324 4333 ud
345 4267 490 4332 chorum
506 4265 700 4331 referantur
713 4264 834 4331 suffixa
849 4272 913 4332 v.l
936 4272 969 4330 et
985 4266 1114 4330 lormae
1137 4291 1153 4325 u
1176 4263 1301 4352 loquor
1319 4291 1348 4344 »,
1372 4292 1388 4324 u
1411 4285 1491 4352 pro-

184 4373 303 4440 nuntio
323 4395 357 4453 »;
375 4396 407 4438 v.
424 4378 506 4460 6sq.
525 4373 649 4438 chorus
663 4394 698 4438 se
719 4393 739 4438 a
760 4371 887 4460 populo
902 4371 1063 4438 discernit
1081 4370 1318 4460 populumque
1343 4369 1491 4457 alloqui·

186 4485 256 4558 tur,
271 4501 302 4544 v.
320 4479 542 4544 limitantur
557 4476 713 4558 llebraei,
730 4483 767 4544 ut
785 4500 806 4543 a
825 4476 1062 4566 patribussuis
1081 4498 1140 4543 seu
1158 4476 1298 4543 senibus
1315 4475 1492 4564 inquirant

185 4582 226 4648 de
244 4583 392 4673 antiquis
408 4585 510 4651 lahve
531 4605 614 4670 erga
632 4583 798 4673 populum
821 4582 1007 4651 benefieiis.
1035 4587 1117 4652 Clim
1142 4582 1358 4669 antistropha
1379 4580 1491 4669 prima

185 4712 216 4755 v.
247 4696 325 4757 8·1t
357 4713 554 4780 responsum
589 4689 632 4756 ad
663 4691 751 4757 hanc
781 4691 1012 4779 quaestionem
1045 4689 1184 4770 habeat,
1207 4694 1285 4777 apte
1313 4686 1492 4753 inferimus
