3366 5346
167 309 243 368 *⁹260
516 317 625 363 onina
647 316 752 360 uorsrs
773 315 908 360 securos
931 317 937 358 :
962 315 1157 360 resarsussrs.

184 460 272 526 citus
296 469 346 522 est
361 453 519 545 patribus
539 451 606 517 tuis
621 449 810 530 Abrabam,
826 452 922 515 Isaac
936 461 968 514 ct
984 451 1082 515 Iacob
1105 477 1134 514 n.
1160 449 1306 516 Primam
1328 449 1515 515 rationem

88 555 94 563 ’
183 587 216 632 v.
247 568 394 648 tnegat
422 566 523 640 Deus,
551 558 694 624 alteram
719 556 891 639 concedit,
916 555 1053 623 tertiam
1077 563 1110 622 et
1136 555 1362 645 principalem
1388 554 1513 635 addit,

184 692 272 761 quae
291 668 502 736 demonstrat
520 687 581 731 cur
604 664 757 753 praecise
782 662 952 731 Hebraeos
969 668 1055 730 Deus
1076 662 1243 729 inlocum
1266 663 1406 729 illarum
1444 684 1516 728 na-

183 779 316 845 tionum
341 772 523 842 suffecerit.
554 776 676 837 Verum
702 770 832 837 nonin
854 768 1016 856 neganda
1040 768 1101 835 illa
1132 769 1260 835 iustitia
1297 767 1383 834 sistit
1398 773 1511 848 Deus,

183 883 240 950 sed
260 906 292 949 v.
315 889 334 948 6
357 879 517 947 Hebraeis
540 877 744 944 iniustitiam
772 877 807 942 in
827 877 1031 943 memoriam
1055 882 1193 942 revocat
1216 898 1223 944 :
1254 906 1269 936 «
1287 875 1381 944 Scito
1397 897 1510 964 erpo,

182 987 276 1078 quod
294 1011 364 1054 non
381 997 523 1077 propter
549 984 700 1051 iustitias
727 996 803 1050 teras
817 983 985 1049 Dominus
1003 985 1093 1049 Deus
1106 996 1184 1048 tures
1200 981 1331 1050 dederit
1350 981 1417 1047 tibi
1433 994 1512 1049 ter·

181 1118 256 1161 ram
282 1094 368 1161 taric
393 1093 560 1183 optimam
580 1092 617 1157 in
634 1090 877 1181 possessionem
884 1142 894 1174 ‚
912 1112 989 1156 cum
1003 1087 1214 1160 durissimae.
1225 1087 1363 1155 cervicis
1376 1088 1425 1155 sis
1433 1112 1509 1179 po-

179 1202 284 1292 pulus
305 1230 335 1266 ».
361 1200 487 1267 Eadem
505 1197 676 1289 expressio
697 1197 844 1264 habetur
865 1202 921 1263 Ex.
947 1202 1044 1279 3293
1067 1203 1158 1280 33,3.
1185 1204 1222 1276 53
1247 1201 1339 1277 aaa,
1368 1195 1411 1262 de
1429 1218 1509 1285 qua

181 1308 379 1376 narratione
401 1307 517 1393 agitur
535 1305 572 1371 in
596 1304 831 1393 sequentibus.
855 1305 903 1370 Gt.
924 1304 1005 1370 item
1028 1309 1123 1370 lteut.
1150 1309 1270 1385 10,16;
1289 1308 1409 1382 3t‚27;
1430 1308 1502 1371 ler.

182 1421 261 1498 wit
277 1421 340 1481 ete.
358 1417 505 1502 Tropum
521 1411 668 1501 explieat
688 1416 728 1478 ls.
748 1414 826 1491 t8,t
844 1432 852 1478 ε
870 1409 977 1477 fibula
993 1409 1104 1477 ferrea
1118 1409 1230 1476 cervix
1245 1417 1314 1475 tua.

227 1622 346 1686 Orator
372 1637 579 1684 enumerans
608 1614 758 1704 potiores
790 1614 922 1681 Israelis
951 1616 988 1680 in
1008 1613 1136 1680 lahven
1162 1613 1364 1698 iru‘ustitias,
1391 1636 1503 1682 unam

182 1730 315 1792 tantum
335 1724 381 1790 ad
400 1726 552 1789 montem
568 1721 679 1787 Horeb
704 1720 923 1787 commissam
947 1720 1054 1786 fusius
1072 1721 1305 1810 prosequitur,
1330 1720 1503 1789 ostendit-

181 1854 247 1921 que
268 1831 404 1896 oeniam
422 1829 562 1896 tandem
586 1827 744 1895 lsraelem
764 1827 951 1895 obtinuisse
982 1848 1022 1894 ex
1039 1827 1112 1894 sola
1138 1827 1239 1894 lahve
1266 1826 1501 1896 misericordia

176 1934 241 2028 'per
256 1958 352 2004 suam
368 1934 662 2015 intercessionem;
680 1933 769 2000 nihil
784 1956 868 2021 ergo
884 1933 922 2000 in
937 1932 990 1999 bis
1004 1955 1092 2015 esse,
1107 1932 1200 2024 quod
1216 1934 1318 2000 lsrael
1333 1935 1502 2024 propriae

181 2045 310 2112 tribuat
326 2043 479 2109 iustitiae
493 2048 625 2122 {tl-Mb

225 2152 333 2237 Igitur
352 2149 568 2214 assertionem
596 2147 637 2212 de
663 2146 750 2212 dura
775 2146 1007 2213 Hebraeorum
1031 2147 1162 2213 cervice
1187 2146 1286 2214 lactis
1315 2148 1502 2217 confirmat

181 2261 319 2340 Moyses,
337 2259 370 2319 et
382 2253 532 2341 primum
546 2251 687 2340 quidem
701 2251 853 2340 appellat
867 2253 994 2319 factum
1007 2253 1167 2342 perierale
1182 2275 1214 2319 v.
1232 2261 1251 2319 7
1271 2274 1278 2320 :
1296 2282 1312 2318 a
1325 2257 1499 2322 Memento

181 2373 212 2427 ct
235 2382 277 2425 ne
297 2358 524 2442 obliviscerere,
550 2355 719 2446 quomodo
744 2356 792 2422 ad
814 2356 1031 2424 iracundiam
1052 2361 1289 2448 provocaveris
1308 2361 1499 2429 Doneinum

180 2469 288 2533 Deum
313 2478 409 2531 terrem
430 2463 467 2530 ia
485 2461 670 2530 solitudine
693 2485 705 2528 .·
725 2487 766 2529 ev
786 2486 824 2530 co
842 2463 914 2547 die,
933 2488 999 2554 quo
1022 2488 1172 2554 epressus
1197 2491 1230 2533 es
1256 2490 1298 2533 ev
1322 2471 1497 2557 Aepppto,

181 2596 288 2662 usque
311 2571 360 2639 ad
380 2572 494 2638 locum
511 2571 632 2655 istum,
652 2572 807 2660 [semper]
833 2571 1014 2638 czdaersum
1038 2572 1223 2640 Dominum
1239 2573 1446 2641 coreteudisti
1463 2604 1497 2661 s,

180 2687 361 2748 contumax
384 2678 489 2744 fuisti.
513 2677 577 2745 Sed
597 2676 690 2744 illico
714 2677 758 2744 ad
780 2678 908 2744 factum
926 2678 1145 2768 particulare
1168 2681 1344 2747 descendit
1363 2688 1497 2760 orator,

75 2793 79 2801 '
179 2793 255 2853 acta
284 2785 321 2852 in
345 2791 460 2852 monte
479 2784 605 2866 Horeb,
628 2806 716 2873 quac
742 2783 845 2850 etiam
868 2807 943 2874 cap.
973 2786 1137 2853 teodem
1166 2788 1237 2853 fere
1266 2787 1344 2854 stilo
1373 2794 1500 2856 tracta·

179 2899 283 2959 verat.
304 2892 457 2958 Narratio
479 2890 636 2980 sequitur
650 2896 705 2956 Ex.
728 2895 842 2973 :ta-3³4,
866 2892 1074 2981 quandoque
1091 2893 1135 2959 de
1150 2894 1255 2960 verbo
1277 2895 1320 2960 ad
1336 2895 1495 2964 verbum.

179 3020 210 3076 v,¹
227 3004 247 3064 8
266 3026 280 3057 «
298 3000 387 3062 Nam
405 2997 460 3083 [etl
476 2997 513 3061 in
533 2999 642 3062 Horeb
651 2996 850 3083 provocasti
868 3019 964 3077 earet,
980 3009 1012 3062 et
1033 2998 1141 3065 iratus
1162 2999 1273 3067 delere
1292 3013 1322 3067 te
1337 3002 1447 3068 valuit
1462 3032 1494 3072 s.

179 3107 224 3169 Ne
240 3124 319 3168 vero
345 3102 527 3188 ambigant
546 3102 707 3183 Hebraei,
730 3125 797 3192 quo
820 3101 863 3167 de
885 3104 974 3169 lacto
991 3113 1127 3190 agatur,
1153 3107 1424 3175 circumstantias
1440 3133 1497 3176 ex-

179 3208 284 3298 plicat
300 3215 416 3275 orator
432 3230 462 3275 v.
488 3215 507 3274 9
530 3227 537 3273 :
563 3235 578 3268 ι(
605 3206 744 3297 quando
771 3208 912 3274 ascendi
937 3208 973 3274 in
996 3224 1161 3295 creontem,
1181 3225 1218 3278 ut
1234 3214 1424 3302 acciperem
1446 3228 1497 3282 ta-

180 3315 278 3382 bulas
304 3313 474 3404 lapideas,
495 3314 628 3380 tabulas
644 3314 757 3405 pacti,
784 3314 879 3404 quod
890 3316 1028 3406 pepipit
1049 3319 1221 3385 uobiscum
1251 3321 1438 3406 Donziaus;
1462 3338 1498 3389 et

176 3422 391 3513 perseveravi
407 3422 444 3488 in
458 3434 572 3488 monte
588 3419 824 3511 quadrapinta
840 3420 959 3490 diebus
973 3446 1014 3489 ae
1033 3426 1186 3492 noctibus
1204 3453 1238 3510 a,
1260 3464 1304 3477 -
1321 3428 1405 3494 baec
1419 3429 1495 3496 fere

178 3529 248 3595 iam
267 3529 499 3595 narrabantur
522 3534 579 3596 Es.
602 3535 715 3610 uam.
744 3535 800 3607 18;
827 3528 887 3595 sed
907 3530 1113 3598 adscribitur
1132 3533 1184 3614 id,
1203 3536 1296 3622 quod
1309 3557 1371 3622 pro
1384 3534 1496 3603 altera

179 3635 296 3721 Moysis
317 3635 353 3698 in
376 3641 491 3701 monte
515 3635 782 3702 commoratione
806 3643 1053 3703 commemorat
1081 3643 1138 3706 Ex.
1168 3646 1269 3720 3t,28
1292 3662 1298 3708 :
1323 3671 1338 3702 «
1363 3664 1494 3731 panem

179 3762 248 3806 non
263 3737 439 3805 comedens
452 3752 484 3805 et
498 3763 626 3828 aquam
646 3764 715 3807 non
731 3742 845 3808 bibens
867 3772 897 3808 ».
917 3742 1063 3810 Adverte
1079 3747 1243 3813 sermonis
1263 3749 1467 3834 gravitatem
1483 3770 1490 3817 :

178 3846 214 3914 in
242 3846 353 3913 Horeb
380 3851 437 3928 5,2
465 3847 635 3912 sancitum
665 3854 715 3914 est
742 3847 878 3928 foedum
907 3858 940 3915 et
963 3849 1000 3915 in
1025 3851 1152 3932 Horeb,
1176 3855 1213 3919 in
1240 3853 1315 3942 ipsa
1344 3855 1494 3921 foederis

178 3953 350 4019 sanctione
364 3952 564 4052 provocavit
577 3955 677 4020 lsrael
693 3955 829 4021 lahven.
848 3959 981 4044 quuae
995 3957 1142 4024 atrocior
1156 3960 1242 4046 tingi
1257 3966 1368 4049 potest
1385 3961 1492 4027 inius-

179 4058 269 4124 titia!
293 4059 448 4126 Mandata
471 4058 630 4145 decalogi
650 4041 763 4141 ’5,6-ἳ1
785 4066 910 4148 Moyses
934 4068 1007 4129 turn
1028 4064 1187 4131 manibus
1201 4068 1362 4154 portabat
1381 4065 1492 4153 digito

178 4165 280 4231 lahve
295 4164 470 4253 inscripta,
484 4164 586 4230 labec
602 4187 623 4231 a
637 4170 734 4254 parte
749 4188 810 4233 sua
823 4169 940 4234 omnia
957 4171 1186 4258 praestiterat,
1204 4174 1345 4261 nequid
1360 4171 1491 4239 foederi

116 4259 117 4263 ¹
178 4269 318 4350 deesset,
335 4275 459 4357 Moyses
469 4271 541 4360 ipse
556 4294 669 4360 neque
684 4272 831 4362 tempori
844 4281 1046 4364 pepercerat
1058 4300 1172 4367 neque
1188 4280 1239 4344 sui
1259 4278 1487 4366 castigationi,

177 4397 254 4444 oum
273 4375 388 4442 omnia
403 4377 523 4466 populi
537 4378 767 4446 inconstantia
782 4379 943 4448 irritavit.
960 4384 1143 4472 ttptissime
1160 4406 1238 4451 sane
1252 4386 1315 4454 hoo
1328 4387 1365 4453 in
1378 4385 1490 4452 Horeb

176 4483 304 4550 factum
322 4482 474 4569 eligitur,
502 4507 569 4574 quo
593 4485 701 4552 {usius
728 4493 866 4554 narrato
897 4488 1149 4558 demonstretur
1175 4492 1293 4581 populi
1308 4492 1487 4561 iniustitia.

176 4613 208 4658 r.
236 4598 276 4658 10
303 4620 319 4652 «
345 4589 515 4680 Ilcditque
536 4590 624 4657 rrvilu'
642 4592 807 4660 Douviaus
827 4593 913 4663 decas
938 4595 1071 4664 tabulas
1092 4596 1244 4686 lapideas
1265 4601 1411 4690 scriptas
1438 4599 1492 4666 di-

176 4696 248 4787 pito
277 4698 341 4765 Dei
368 4709 400 4766 ct
434 4696 643 4766 continentes
681 4701 795 4768 omnia
822 4701 939 4787 verba,
966 4725 1055 4792 quae
1092 4705 1184 4770 vobis
1212 4705 1343 4774 locatus
1372 4720 1421 4774 est
1454 4707 1490 4773 in
