3366 5346
178 290 216 346 it
728 297 939 342 rurnooucrro.

179 437 307 502 riarum
335 441 542 517 narratores,
570 456 682 522 neque
709 432 746 498 id
769 431 840 497 sine
867 429 1078 516 gravissimis
1102 430 1293 496 rationibus
1320 432 1498 499 affirman-

179 542 263 608 dum
278 548 328 608 est
346 542 390 608 ab
410 548 547 609 auctore
568 541 734 630 inspirato
754 560 826 605 esse
850 538 989 604 factum.
1014 537 1063 603 oh
1083 559 1187 626 quarn
1206 536 1375 605 rationem
1392 539 1498 607 etiam

179 648 369 714 concedunt
398 671 517 715 omnes
548 654 683 735 Moysen
711 668 782 711 non
813 644 986 733 scripsisse
1010 649 1160 709 extrema
1180 644 1301 734 capitis
1323 651 1377 727 3l,
1403 645 1500 735 quod

178 778 223 821 sc.
246 777 314 820 non
337 756 379 822 sit
399 753 648 845 supponendus
667 774 763 819 suam
787 756 933 817 mortem
953 754 986 817 et
1006 748 1219 838 sepulturam
1238 773 1396 818 narrasse
1416 759 1498 820 ante

179 867 351 943 eventum,
371 884 483 951 neque
496 861 646 951 potuerit
663 880 805 926 narrare
821 863 987 923 mortuus.
1005 860 1089 922 Item
1101 879 1172 923 non
1187 862 1237 922 cst
1249 859 1498 947 supponendus

178 972 301 1054 Moyses
327 975 406 1035 ante
430 968 593 1034 traditum
612 966 741 1033 librum
762 964 897 1053 scriptis
918 962 1111 1042 mandasse,
1135 964 1310 1051 quomodo
1327 965 1496 1053 quibusve

178 1075 393 1141 sermonibus
406 1074 535 1140 librum
548 1079 634 1141 esset
648 1072 846 1138 traditurus.

214 1239 334 1298 Tamen,
352 1237 427 1301 quod
451 1238 568 1287 historia
591 1235 704 1286 loederls
724 1235 804 1284 nulla
828 1234 976 1284 interiecta
998 1235 1180 1296 inscriptione
1200 1234 1334 1297 iungatur
1354 1237 1495 1288 secundae

179 1330 315 1387 orationi,
332 1328 462 1376 coniiciat
475 1327 593 1390 aliquis,
611 1325 688 1374 illam
703 1324 832 1373 cumbae
847 1324 876 1372 ln
890 1335 977 1372 unum
989 1323 1128 1373 coaluisse
1144 1323 1256 1382 librum,
1275 1327 1303 1373 ct
1316 1326 1414 1376 thorae
1429 1340 1495 1389 par·

180 1424 236 1467 tem
255 1416 353 1466 haberi
368 1417 495 1480 coeptam
514 1427 577 1465 esse
593 1420 688 1473 anteo,
705 1426 790 1477 quam
810 1413 1010 1474 inscriptiones
1028 1411 1070 1471 1,t
1085 1424 1126 1474 sq.
1147 1418 1174 1461 et
1191 1411 1304 1464 a-i-i-lo
1321 1414 1496 1465 orationibus

178 1504 409 1567 praefigerentur.

216 1593 269 1651 Qui
288 1593 433 1643 nobiscum
454 1593 605 1656 pericopen
628 1590 808 1649 iata-rrae
831 1589 935 1639 tribuat
955 1589 1037 1638 losue
1059 1590 1180 1648 auctori,
1204 1590 1344 1652 oportebit
1363 1594 1446 1641 eiiam
1465 1595 1496 1641 ut

178 1681 312 1732 concedat
327 1681 449 1744 aliquem
462 1681 592 1730 historice
603 1693 661 1728 eum
678 1679 768 1729 Verbis
783 1680 856 1728 lorrre
872 1677 1042 1741 affinitatem.
1061 1676 1192 1737 ‘icitia
1210 1679 1305 1730 losue.
1323 1682 1496 1730 concionisa

178 1784 208 1821 se
222 1774 336 1820 coactae
356 1771 532 1833 propositum
548 1769 706 1833 explicans,
722 1769 825 1817 imitari
844 1767 959 1818 videtur
976 1766 1091 1828 Moysen
1107 1766 1151 1817 ia.
1161 1764 1325 1833 tb-tctb-ti)
1343 1781 1411 1817 stiae
1426 1780 1494 1818 con-

178 1861 266 1911 cionis
280 1861 455 1922 propositum
467 1858 664 1922 explicantem.
679 1855 760 1916 ‘2736
773 1857 867 1917 losuc,
884 1857 925 1905 uti
939 1853 1179 1921 calaatha-20)
1196 1855 1316 1918 Moyses,
1331 1856 1496 1907 dehortatur

178 1949 213 1998 ab
228 1948 385 1997 idololatria
406 1953 524 1998 secreta.
543 1948 622 2007 Quae
641 1946 699 1997 lere
717 1944 844 1996 alliciunt
862 1945 965 1995 losuen
984 1946 1113 1995 novissse
1130 1945 1277 1995 historiam
1289 1945 1426 2001 loederis,
1443 1947 1496 1996 ha·
1573 2012 1576 2017 Ι

178 2037 272 2086 baisse
295 2049 404 2086 sacram
426 2042 455 2086 et
475 2037 637 2087 mosaicam.
660 2035 765 2084 Tamen
788 2047 880 2097 neque
904 2034 969 2083 hinc
993 2037 1070 2083 certo
1092 2031 1220 2089 eflicitur,
1242 2035 1388 2084 historiam
1414 2034 1496 2084 losue

178 2138 247 2175 aevo
260 2125 384 2174 habitam
392 2138 455 2175 esso
465 2126 564 2175 thorae
574 2126 683 2187 partem
695 2136 701 2172 :
713 2134 771 2173 non
783 2124 869 2182 enim,
885 2134 1069 2186 quaecunque
1079 2121 1167 2183 Moysi
1179 2122 1367 2174 tribuerentur
1378 2124 1490 2185 scripta.

179 2214 338 2262 necessario
353 2215 378 2263 ci
394 2215 442 2261 uni
457 2214 529 2261 libro
544 2216 625 2262 erant
640 2212 833 2262 adscribenda.

223 2355 348 2415 Verum
372 2350 525 2438 aliquam
546 2349 648 2415 nobis
669 2372 710 2415 ea
729 2349 879 2429 affinitas
900 2348 1056 2436 suggerit
1079 2350 1326 2440 coniecturam.
1349 2350 1495 2415 Adverte

178 2455 252 2521 illos
267 2456 368 2538 viros,
387 2456 446 2544 qui
459 2456 597 2522 theram
613 2454 851 2522 describebant
869 2456 924 2521 vel
939 2454 1088 2522 describi
1097 2457 1280 2538 curabant,
1298 2455 1400 2521 fuisse
1417 2461 1494 2520 tan-

178 2562 255 2628 dem
283 2564 347 2643 sui,
364 2585 435 2629 non
459 2562 566 2629 nostri
579 2563 654 2628 aevi
672 2562 840 2629 homines.
865 2562 914 2628 Pii
927 2567 1037 2644 erant,
1055 2561 1241 2652 prudentes
1254 2568 1365 2643 erant,
1382 2584 1494 2650 neque

177 2691 297 2735 eorum
324 2669 445 2757 pietati
471 2676 504 2736 et
523 2668 728 2759 prudentiae
751 2668 871 2736 deerat
894 2669 1011 2735 divina
1041 2667 1271 2758 providentia.
1295 2670 1359 2735 Sed
1386 2668 1493 2736 critici

177 2798 246 2842 non
269 2783 377 2853 erant,
399 2775 608 2863 systematici
627 2798 695 2842 non
714 2781 823 2842 crant.
845 2781 998 2843 Acumen
1011 2774 1175 2862 [criticum
1195 2779 1228 2840 et
1240 2777 1492 2862 systematicum

177 2889 336 2950 nouerat
357 2905 436 2969 pars
455 2883 642 2970 sapientiae
658 2883 918 2970 Aegyptiorum,
944 2880 1224 2967 Babyloniorum,
1241 2880 1393 2947 liliorum
1411 2882 1493 2946 The-

176 2994 305 3055 manet
323 2994 437 3073 Agar,
454 3009 566 3075 neque
582 2992 655 3052 erat
671 3010 751 3075 pars
764 2987 952 3076 sapientiae
973 2987 1218 3054 llebraeorum.
1231 2988 1385 3054 Proiecto
1399 2986 1494 3075 leges

177 3094 400 3184 pentateuchi
427 3115 496 3158 non
524 3092 712 3159 recitantur
736 3092 857 3159 ordine
882 3095 1096 3180 systematico
1114 3093 1275 3184 (Coraely
1296 3098 1334 3163 ll.
1358 3102 1393 3162 l.
1421 3095 1490 3183 ct).

178 3201 288 3266 llabes
314 3200 379 3265 lev.
412 3206 452 3264 19
477 3198 674 3285 congeriem
697 3197 884 3265 multarum
903 3200 1021 3286 legum
1046 3200 1142 3266 nullo
1170 3205 1264 3266 certo
1288 3202 1407 3267 ordine
1434 3201 1492 3267 de-

177 3309 395 3396 scriptarum,
413 3298 552 3373 allinem
569 3306 710 3371 omnino
731 3306 796 3372 hac
820 3306 858 3372 in
874 3328 910 3372 re
926 3306 1128 3372 collectanei
1147 3306 1324 3373 Samuelis.
1351 3308 1437 3384 Quid
1456 3309 1491 3373 in

177 3413 262 3480 votis
289 3412 465 3480 habebant
489 3413 649 3478 homines
672 3410 738 3492 illi,
768 3411 908 3500 quando
934 3413 1055 3480 thorae
1079 3415 1316 3502 apographa«
1338 3414 1493 3503 planeet

178 3520 330 3588 lucide»
357 3521 564 3587 exarabant?
583 3541 654 3585 non
679 3517 764 3583 illud
792 3525 935 3584 sanent
961 3519 1200 3608 apographum
1226 3520 1393 3599 criticum,
1421 3519 1492 3584 edi-

177 3628 303 3691 tionem
330 3626 437 3691 velnti
465 3626 618 3691 criticam
646 3630 883 3714 procurarent.
911 3625 1121 3692 Crediderim
1149 3627 1241 3693 viros
1263 3626 1340 3692 illos
1362 3625 1435 3715 pios
1459 3632 1492 3692 et

177 3731 364 3820 prudentes
391 3733 425 3795 in
452 3731 677 3815 generatione
702 3755 764 3799 sua
790 3730 880 3795 illud
904 3733 1150 3820 apographum
1179 3731 1359 3798 habituros
1387 3733 1491 3798 fuisse

177 3839 296 3905 ceteris
316 3835 554 3919 excellentius,
584 3837 676 3924 quod
708 3838 787 3927 plus
811 3837 956 3904 haberet
985 3839 1170 3905 verborum
1202 3837 1345 3903 indubie
1367 3840 1492 3902 mosai-

177 3967 306 4011 corum.
335 3945 427 4010 Licet
451 3942 559 4028 igitur
580 3942 668 4007 illud
691 3945 806 4029 Moysis
832 3945 1103 4033 autographum,
1126 3943 1219 4032 quod
1242 3964 1346 4031 pones
1375 3964 1490 4007 arcam

176 4052 425 4129 asservabatur,
445 4049 553 4115 solam
574 4048 716 4114 haberet
735 4050 919 4115 secundam
943 4052 1135 4117 orationem
1150 4072 1210 4116 scu
1226 4048 1356 4113 librum
1371 4049 1492 4114 thorae

175 4155 290 4221 stricte
306 4156 447 4235 dictum,
469 4161 504 4220 at
519 4153 590 4219 veri
607 4153 821 4220 simillimum
841 4161 901 4235 est,
922 4157 958 4221 in
983 4156 1051 4222 alia
1071 4179 1149 4222 mox
1172 4154 1377 4245 apographa
1392 4178 1493 4243 prae-

176 4269 227 4326 ter
251 4260 348 4325 illam
375 4263 508 4325 theram
539 4258 665 4326 relatas
692 4260 796 4326 etiam
820 4282 891 4326 esse
917 4261 1004 4328 duas
1031 4262 1108 4329 illas
1133 4263 1320 4343 orationes
1345 4284 1491 4350 quarum

177 4389 244 4434 una
258 4368 380 4432 thorae
400 4367 614 4455 paraenesin.
632 4368 740 4431 altera
755 4368 992 4455 promulgatae
1004 4368 1122 4435 thorae
1138 4370 1314 4436 historiam
1327 4368 1489 4435 traderet..

177 4474 413 4540 coniecturam
430 4474 610 4538 confirmat
627 4473 724 4538 stilus
743 4495 829 4538 unus
844 4474 1004 4564 idemque
1023 4475 1155 4564 primae
1173 4483 1207 4542 et
1229 4475 1399 4542 secundae
1417 4496 1493 4540 ora-

177 4581 278 4646 tionis
304 4580 464 4668 idemque
491 4579 651 4645 historiae
677 4578 841 4660 foederis,
860 4604 878 4646 c
897 4604 965 4669 quo
985 4582 1074 4648 facto
1089 4581 1214 4658 infero,
1233 4582 1294 4648 illa
1308 4583 1374 4648 tria
1389 4582 1493 4647 docu-

177 4693 289 4754 menta
322 4694 454 4754 mature
485 4686 695 4752 consuevisse
724 4709 791 4751 una
820 4686 979 4769 describi,
1004 4694 1118 4778 postca
1140 4688 1284 4756 fortasse
1310 4689 1392 4755 item
1426 4710 1493 4754 una
