3366 5346
183 293 242 350 318
643 306 872 350 crunncrxxnux
895 306 1052 350 sannaus.

183 464 262 529 ergo
288 441 376 506 sicut
400 462 494 507 secus
515 440 613 528 panis
637 440 861 506 fermentatus
887 438 1131 506 excludebatur
1149 438 1193 504 ab
1218 438 1298 527 ipsis
1321 437 1501 504 sacrificiis

184 554 274 634 (Lex.
288 554 363 628 2,ss
376 571 383 628 ;
398 554 474 625 6,ss
485 545 576 635 [10]),
590 546 637 612 ita
649 546 705 612 hic
718 546 910 612 excluditur
923 546 966 612 ab
977 546 1079 635 epulo
1090 544 1279 612 sacrificali.
1293 546 1499 611 ldnondum
1571 562 1578 575 ·

182 653 337 742 explicite
360 653 688 729 haheturEx.12,15
707 653 793 741 (an
808 676 843 741 p.
864 653 952 740 121),
970 673 1082 740 neque
1095 675 1126 718 v.
1145 658 1185 717 18
1201 651 1353 737 iniungit
1369 674 1498 740 panem

181 781 340 848 azymum
358 782 427 825 una
441 781 518 825 cnm
542 758 616 848 ipso
631 779 723 844 agno
738 758 893 848 paschali
910 781 980 824 csse
997 758 1291 825 manducandum.
1314 757 1380 825 Sed
1401 758 1497 824 idem

182 890 258 933 cum
275 889 312 932 eo
329 886 405 931 mox
423 865 466 932 ad
482 888 628 954 sequens
644 864 835 953 septiduum
851 864 1055 930 extenditur.
1073 863 1135 942 Qui
1150 885 1280 951 agnum
1296 864 1496 953 paschalem

182 973 296 1061 aliquo
312 973 435 1037 mensis
450 971 552 1037 Nisan
565 971 619 1037 die
634 971 856 1051 immolasset,
878 992 946 1036 non
967 970 1171 1036 immolabat
1190 970 1275 1037 alios
1289 992 1400 1056 agnos
1417 994 1497 1060 pas-

180 1079 295 1145 chales
316 1077 470 1167 sequenti
487 1077 658 1166 septidno.
683 1081 771 1163 Ergo
798 1076 885 1145 illud
909 1065 983 1145 uta.
1008 1099 1084 1142 caera
1108 1098 1145 1143 eo
1169 1075 1326 1162 intellige
1352 1100 1421 1143 non
1451 1077 1497 1144 de

180 1184 446 1251 simultaneitate
471 1185 651 1272 temporis,
678 1183 737 1251 sed
764 1184 806 1250 de
829 1183 1095 1250 concomitantia
1124 1182 1207 1250 rei:
1241 1183 1387 1249 ircnctt'nz
1414 1206 1495 1249 cnm

182 1291 320 1357 victima
342 1290 507 1379 paschali,
525 1291 647 1356 sivein
668 1290 742 1378 ipso
763 1290 817 1355 die
837 1277 1006 1356 Paschatis
1023 1290 1093 1355 sive
1120 1291 1211 1355 intra
1231 1289 1304 1355 eins
1321 1298 1493 1373 octavam,

140 1406 142 1411 ’
181 1420 268 1486 quae
284 1397 405 1486 etipsa
419 1396 463 1462 ad
478 1396 728 1463 solemnitatem
745 1396 939 1485 paschalem
955 1395 1118 1484 pertinet,
1130 1417 1172 1461 ne
1188 1396 1414 1463 manducetur
1428 1397 1495 1464 ler-

183 1510 382 1569 mentatum.
397 1503 459 1580 Qui
473 1525 590 1569 sensus
604 1502 848 1591 praepositioni
864 1501 1004 1568 omnino
1016 1523 1191 1587 congruus
1202 1503 1232 1567 ei
1245 1503 1327 1569 item
1339 1503 1496 1569 tribuen-

182 1610 245 1675 dus
256 1615 304 1675 est
314 1614 370 1674 Ex.
388 1615 442 1689 23,
465 1615 517 1690 18,
535 1607 595 1675 ubi
611 1607 835 1674 desacrificiis
850 1607 1018 1674 universis
1029 1608 1155 1674 dicitur
1171 1630 1178 1675 :
1197 1613 1269 1674 Non
1286 1608 1496 1676 sacrificabis

181 1715 323 1781 iunctim
345 1737 422 1780 cnm
442 1716 610 1780 fermento
631 1706 832 1800 sanguinem
857 1714 1014 1780 victimae
1034 1719 1124 1781 tuae.
1152 1714 1312 1781 victimae
1330 1714 1495 1803 impone-

182 1821 284 1887 batur
298 1843 368 1887 non
384 1821 483 1910 panis
499 1827 558 1886 aut
583 1842 708 1894 massa,
731 1820 790 1887 sod
809 1820 921 1887 simila
947 1845 953 1888 :
977 1827 1175 1887 nouantem
1192 1822 1391 1888 fermentare
1408 1844 1492 1887 con-

181 1927 288 1994 suevit
307 1926 419 1993 simila
443 1949 503 1993 seu
523 1926 651 2009 farina,
675 1927 733 1992 sed
757 1927 865 2016 panis.
888 1932 977 2012 Ergo
997 1932 1053 1992 Ex.
1073 1933 1174 2007 aa‚18
1198 1927 1314 2013 agitur
1330 1926 1372 1994 de
1387 1950 1491 2016 pane,

181 2033 333 2120 quicum
348 2033 508 2099 carnibus
524 2032 680 2099 victimae
700 2041 798 2099 antea
819 2033 985 2099 sacrificio
1005 2031 1140 2099 oblatae
1153 2055 1247 2100 sacro
1262 2033 1365 2121 epulo
1378 2055 1494 2100 come·

181 2137 337 2205 debatur.
356 2140 463 2224 lgitur
485 2139 519 2204 h.
539 2139 563 2203 l.
587 2139 713 2205 dicitur
728 2161 804 2205 cum
828 2138 967 2205 victima
986 2138 1138 2228 paschali
1158 2138 1304 2220 comedi,
1322 2138 1494 2228 quidquid

181 2245 235 2309 vel
253 2245 375 2332 inipso
391 2244 493 2332 epulo
509 2245 673 2333 paschali,
692 2245 745 2309 vel
763 2244 895 2333 reliquo
910 2245 964 2310 die
981 2244 1167 2325 Paschatss,
1185 2244 1240 2312 vel
1257 2267 1320 2334 per
1334 2250 1492 2312 octavam

180 2349 351 2415 Paschatis
375 2349 579 2416 comeditur.
611 2350 723 2416 Solius
751 2350 848 2438 Vulq.
876 2352 1058 2417 auctoritas
1081 2374 1152 2418 uon
1180 2359 1229 2418 est
1256 2351 1426 2418 sufficiens
1449 2351 1495 2419 ad

180 2454 367 2521 delendum
383 2455 529 2523 alterum
553 2445 629 2529 ista,
651 2478 728 2522 cum
751 2455 850 2544 Vzclp.
875 2456 968 2522 haud
989 2478 1067 2522 raro
1083 2479 1198 2524 vocem
1218 2457 1368 2537 omittat,
1388 2480 1493 2546 quam

179 2562 501 2651 epraecedentitus
523 2561 622 2628 facile
651 2562 804 2652 suppleri
828 2562 1006 2630 existimet.
1032 2592 1047 2624 a
1071 2566 1207 2653 Septem
1229 2563 1349 2630 diebus
1374 2592 1390 2625 »
1414 2587 1494 2631 cum

93 2719 96 2724 .
178 2689 216 2733 eo
246 2696 261 2729 «
287 2667 439 2734 comedes
466 2670 592 2758 absque
614 2672 785 2756 fermento
810 2668 1010 2757 afflictionis
1035 2692 1165 2759 ponem
1191 2699 1226 2751 »‚
1253 2670 1319 2736 hoc
1351 2671 1493 2737 nomine

178 2774 389 2863 appellatum
412 2774 456 2840 ob
484 2775 705 2841 afflictionem
730 2779 786 2841 Ex.
809 2782 864 2855 3,7
895 2775 950 2863 (ct.
981 2777 1087 2863 1‚1·2)‚
1113 2805 1128 2835 «
1156 2786 1415 2844 monumentum
1440 2777 1492 2844 al-

179 2880 355 2962 diodonis,
385 2902 487 2968 quam
513 2880 700 2969 pertulistis
728 2880 765 2946 iu
789 2887 943 2970 Aegypto
967 2910 981 2940 a
1010 2882 1130 2968 (Vnt),
1157 2882 1328 2972 imprimis
1350 2883 1386 2949 in
1413 2882 1492 2972 ipsa

179 2986 286 3050 exodo
300 2985 515 3072 aegyptiaca,
535 3014 550 3046 a
570 2986 736 3074 quoniam
749 2986 921 3075 inperare
939 3016 955 3047 »
973 3027 1017 3036 -
1033 2990 1134 3054 Hebr.
1150 2987 1285 3075 festine,
1303 2989 1346 3055 cl.
1364 2992 1417 3055 Ex.
1434 2995 1489 3069 12,

182 3097 218 3154 11
232 3127 276 3138 —
293 3118 308 3148 a
327 3113 477 3177 opressus
490 3114 523 3155 es
539 3091 581 3157 de
595 3095 765 3180 Aeqppto,
784 3104 822 3156 nt
838 3093 1034 3159 irretitionis
1048 3094 1119 3160 diei
1137 3094 1342 3183 opressionis
1355 3108 1434 3161 tone
1450 3093 1492 3161 de

179 3199 334 3284 Aeqppto
358 3195 513 3261 oporibus·
534 3195 652 3263 (liebus
675 3197 765 3262 citae
781 3209 860 3263 trine
879 3228 907 3263 ».
930 3214 1017 3263 trun
1039 3188 1118 3291 plut
1138 3201 1240 3267 etiam
1259 3205 1358 3267 Num.
1376 3209 1490 3281 15‚t0.

179 3323 209 3364 v.
230 3305 248 3366 t
267 3330 282 3361 a
309 3303 386 3368 Non
401 3303 580 3392 apparebit
598 3303 807 3390 fermentum
823 3303 861 3369 ia
879 3305 1035 3370 cineribus
1050 3305 1205 3372 terminis
1226 3306 1296 3373 tacis
1313 3335 1328 3369 η
1347 3307 1417 3394 (Ex.
1436 3315 1489 3389 13,

179 3415 209 3485 73
235 3407 278 3473 cl.
303 3410 416 3496 1215)
441 3437 456 3469 n
479 3422 605 3499 septem
626 3409 759 3495 (lietera,
785 3421 817 3477 et
841 3433 909 3476 non
934 3412 1122 3478 reinouebit
1145 3413 1186 3478 cle
1216 3413 1372 3479 comtibus
1401 3413 1488 3487 eius,

177 3513 270 3602 qaod
289 3515 504 3582 iozrrrolatum
522 3529 569 3582 est
591 3539 722 3605 corpere
744 3517 779 3583 in
794 3515 850 3583 <lie
866 3517 990 3604 primo,
1011 3541 1115 3607 rexque
1135 3541 1234 3584 titane
1251 3550 1280 3586 υ,
1299 3522 1354 3585 Ex.
1373 3524 1487 3598 mnu.

176 3642 207 3684 v.
231 3629 250 3685 5
274 3650 288 3677 «
310 3623 523 3710 rt'onpotetas
540 3623 718 3689 interpolare
731 3622 839 3690 Plrose
855 3623 891 3688 in
906 3624 1058 3712 qualibet
1081 3625 1218 3690 urbium
1235 3639 1385 3703 reorum,
1402 3647 1490 3714 quus

178 3725 341 3791 Dominus
356 3730 444 3792 nero
458 3741 535 3794 tuns
551 3730 694 3795 decreras
705 3742 754 3795 est
768 3728 830 3794 tibi
841 3757 871 3796 ».
888 3752 919 3796 v.
939 3738 982 3796 a«
1000 3730 1070 3798 Sed
1083 3732 1119 3797 in
1135 3731 1220 3815 loco,
1232 3755 1332 3821 quem
1348 3731 1491 3821 cleperit

175 3832 342 3898 nonanus·
369 3837 458 3900 Deus
485 3848 573 3918 trias,
606 3850 641 3901 ut
673 3835 802 3902 habitet
828 3860 954 3902 narizan
980 3837 1052 3903 eius
1086 3837 1146 3916 ibi,
1169 3838 1360 3904 tinmolabis
1379 3837 1490 3904 Ptaxe

177 3961 309 4026 uespere
323 3938 371 4005 orl
387 3940 466 4005 solta
484 3963 640 4006 occuram
658 3973 692 4022 »,
718 3980 762 3990 —
777 3941 830 4008 his
843 3943 1045 4031 explanatur
1065 3946 1234 4032 expressio
1259 3974 1273 4003 α
1296 3946 1386 4011 inter
1405 3944 1490 4011 duas

176 4066 332 4132 vesperas
363 4075 377 4105 »
401 4052 456 4111 Ex.
484 4054 577 4127 12‚a;
602 4053 679 4113 Lov.
703 4055 798 4129 2353
817 4052 916 4114 Num.
934 4056 1003 4129 aa.
1023 4057 1053 4117 5.
1075 4055 1112 4116 11
1131 4089 1174 4098 -
1192 4080 1207 4109 α
1228 4048 1365 4138 palaredo
1382 4043 1491 4139 opres-

175 4168 231 4210 sus
251 4170 284 4212 es
305 4148 345 4214 (le
364 4154 517 4239 Aepppto
542 4178 570 4217 a.
603 4155 665 4216 Pro
689 4151 828 4239 peteuda
854 4154 952 4218 Hebr.
972 4165 1063 4226 Ἱῖῗτῑ,
1085 4165 1216 4243 tempas
1230 4157 1355 4244 firrrm,
1371 4157 1412 4222 cf.
1431 4160 1487 4220 Ex.

177 4260 245 4324 (td.
264 4258 314 4318 δε.
339 4256 466 4320 exodus
485 4257 622 4322 initium
638 4257 784 4345 sumpsit
799 4257 842 4323 ab
859 4259 962 4346 epulo
977 4260 1099 4326 viatico
1126 4260 1291 4349 paschali.
1317 4283 1351 4326 v.
1373 4268 1393 4327 7
1412 4289 1427 4320 «
1447 4262 1491 4325 Et

177 4380 298 4446 capaces
318 4371 349 4424 et
372 4360 524 4426 comedes
544 4362 581 4427 ia
603 4362 694 4443 loco,
720 4386 820 4451 quem
844 4365 983 4453 cleperit
1001 4365 1167 4431 Dominus
1191 4370 1281 4432 Ile-res
1301 4380 1395 4450 tactis,
1419 4388 1491 4432 nta-

176 4486 284 4553 neqnc
304 4488 508 4554 cons-myrris
531 4467 632 4534 rades
659 4469 696 4533 in
721 4468 943 4536 tabernaculo
963 4483 1023 4537 tna
1048 4500 1077 4537 ».
1103 4473 1254 4538 llabetnr
1272 4473 1329 4539 nic
1351 4494 1489 4540 rursum

176 4573 366 4669 necessario
392 4573 534 4638 mulatio
552 4574 637 4659 legis
657 4579 713 4640 Ex.
734 4581 795 4641 12:
820 4576 956 4665 quando
971 4579 1111 4665 epulum
1127 4578 1289 4667 paschale
1309 4578 1490 4645 comedar*

176 4678 257 4745 dum
279 4680 344 4746 suit
363 4703 470 4770 prope
490 4680 741 4759 sanctuarium,
760 4703 828 4747 non
848 4689 981 4769 poterat
1000 4685 1070 4749 iam
1097 4684 1231 4751 comedi
1246 4685 1335 4751 intra
1354 4684 1488 4767 domOS,
