3366 5346
239 288 297 346 134
707 326 710 331 -
791 297 1003 344 isrnooucuro.

236 436 416 503 historiam
436 433 618 525 foederis1,
641 433 712 500 alio
738 431 863 499 libram
884 430 1100 522 bipart-itam.
1118 436 1189 507 Quo
1216 451 1374 498 concesso
1400 432 1558 501 nondum

238 543 324 610 illud
347 564 543 610 concessum
565 542 689 623 habes,
713 562 783 607 esse
805 541 889 606 hacc
909 545 968 606 aut
992 537 1139 604 diversis
1160 537 1253 605 aevis
1281 544 1342 604 aut
1363 561 1383 605 a
1414 538 1560 608 diversis

237 649 436 719 auctoribus
466 650 603 738 scripta.
638 647 800 715 Scribant
824 646 976 713 eiusdem
1007 645 1083 712 aevi
1113 651 1271 712 auctores
1293 644 1372 711 stilo
1402 646 1556 723 diverso:

236 758 325 823 idem
347 763 475 835 auctor,
505 760 563 821 aut
589 755 694 842 longo
719 753 884 841 temporis
909 751 1089 818 intervallo
1112 757 1171 818 aut
1196 751 1238 817 de
1258 751 1360 818 rebus
1383 753 1486 841 plane
1507 753 1560 820 di-

237 864 339 929 versis
364 863 532 943 scribens,
560 861 694 927 diverso
721 860 848 928 scribat
871 859 960 927 stilo.
987 862 1105 924 Nonne
1128 858 1196 924 alio
1221 880 1323 947 saepe
1343 859 1422 924 stilo
1439 859 1558 927 scribit

236 990 352 1049 senex,
375 991 414 1033 co
433 991 502 1058 quo
528 967 708 1056 scripserat
735 968 843 1056 puer?
865 988 979 1033 nonne
1003 964 1073 1032 alio
1098 964 1176 1031 stilo
1200 964 1461 1032 iurisconsultus
1485 967 1557 1056 cpi·

236 1076 358 1142 stolam
373 1074 494 1141 scribit
518 1074 562 1141 ad
583 1095 741 1154 uxorem,
757 1095 862 1169 quam
878 1096 947 1162 quo
965 1093 1102 1140 causam
1119 1071 1191 1158 agit
1201 1071 1237 1137 in
1250 1072 1325 1138 foro
1334 1076 1350 1137 ‘t

280 1181 422 1263 Recole,
444 1181 561 1247 stilum
587 1180 784 1247 orationum
803 1181 922 1266 Moysis
944 1180 1160 1268 potissimum
1184 1201 1255 1245 esse
1275 1179 1554 1268 paraeneticum,

233 1288 350 1355 stilum
376 1287 458 1353 libri
486 1285 643 1376 bipartiti
672 1309 742 1353 esse
772 1285 973 1352 historicam
1006 1284 1062 1351 vel
1086 1284 1257 1374 lcqalram
1276 1286 1313 1350 in
1345 1285 1558 1352 orationihus

237 1396 281 1481 (v.
295 1418 331 1483 p.
342 1401 405 1462 tta
415 1393 480 1482 sq.)
494 1393 611 1460 stilum
628 1392 870 1483 pericoparum
887 1391 1132 1459 historicarum
1147 1413 1218 1458 esse
1231 1414 1399 1481 perquam
1417 1393 1555 1458 affinem

234 1501 302 1567 stili
313 1500 522 1568 narrationis
536 1499 617 1566 libri
627 1499 783 1589 bipartiti
799 1521 806 1567 :
826 1501 896 1565 imo
912 1499 1065 1588 aliquam
1079 1499 1182 1565 etiam
1196 1498 1400 1566 affinitatem
1413 1499 1556 1566 concedi

232 1607 428 1674 orationum
448 1628 526 1672 cum
549 1606 772 1695 paucioribus
793 1605 860 1673 illis
888 1605 1063 1695 pericopis
1081 1605 1323 1694 paraeneticis,
1345 1627 1431 1694 quas
1451 1605 1558 1672 habet

234 1713 323 1781 liber
345 1712 542 1802 bipartitus.
564 1717 614 1780 lta
636 1716 694 1780 Dr.
711 1737 744 1803 p.
770 1717 902 1778 mxvii
922 1735 974 1801 sq.
995 1734 1003 1780 :
1028 1739 1044 1772 a
1069 1713 1176 1779 Habet
1203 1717 1217 1778 t
1225 1718 1249 1779 E
1274 1711 1440 1801 quasdam
1460 1711 1558 1800 peri·

233 1842 335 1910 copas
355 1819 534 1909 (imprimis
549 1824 631 1886 Gen.
649 1826 748 1902 ao‚5;
768 1825 826 1887 Ex.
848 1826 1004 1903 raa-163
1025 1824 1142 1899 15,ra;
1166 1825 1293 1902 raa-6,
1309 1817 1435 1907 partim
1451 1818 1554 1884 etiam

232 1934 389 2008 20,2-17;
419 1932 599 2009 earo-333
625 1930 797 2012 salo-26)
829 1928 971 2015 scriptas
998 1925 1076 1992 stilo
1105 1925 1345 2015 paraenetica,
1371 1925 1432 2014 qui
1462 1923 1556 1990 idem

233 2033 488 2123 quodammodo
504 2039 553 2100 est
576 2033 688 2100 affinis
706 2031 777 2099 stili
792 2039 889 2101 Deut.
908 2038 932 2099 E
948 2031 1075 2121 quibus
1090 2031 1261 2122 pericopis
1285 2030 1422 2098 videtur
1440 2036 1558 2098 auctor

235 2146 328 2207 Dent.
362 2140 532 2207 derivasse
560 2141 677 2228 aliqua
708 2139 1076 2219 eorumidiomatum,
1103 2138 1229 2227 quibus
1257 2139 1366 2205 utitur
1396 2138 1557 2227 frequen-

232 2247 298 2311 tius
328 2274 356 2311 ».
383 2250 545 2311 Concessa
575 2251 728 2313 attenuat
746 2251 800 2312 Dr.
823 2246 957 2312 adiecta
979 2244 1098 2312 notula
1121 2266 1327 2332 suggerens,
1350 2249 1481 2311 textum
1500 2243 1559 2311 dc·

232 2351 345 2438 calogi
367 2356 423 2419 Ex.
449 2358 591 2432 roa-17
613 2352 759 2418 fortasse
779 2351 939 2441 primitus
956 2352 1059 2419 fuisse
1079 2352 1190 2438 magis
1218 2352 1443 2435 concinnum,
1458 2356 1491 2418 et
1513 2350 1558 2417 ab

234 2457 351 2546 aliquo
367 2480 437 2524 esse
450 2462 695 2538 retractatum,
717 2458 778 2546 qui
800 2462 896 2545 Dent..
912 2457 1046 2524 noverit
1063 2480 1070 2527 :
1088 2479 1207 2525 verum
1222 2480 1291 2524 non
1309 2457 1351 2524 de
1368 2457 1440 2524 solo
1455 2457 1557 2524 deca·

235 2564 315 2651 logo
330 2564 459 2651 agitur,
476 2571 617 2632 manent
632 2564 758 2654 reliqui
781 2587 867 2654 quos
881 2564 1009 2632 citabat
1026 2569 1079 2630 Dr.
1099 2569 1221 2632 textus.

279 2671 393 2737 Critici
421 2667 470 2740 40
490 2694 611 2753 cartas,
642 2672 767 2760 quibus
787 2671 890 2738 lsrael
914 2677 1145 2738 commoratus
1163 2672 1206 2737 sit
1225 2670 1262 2736 in
1288 2669 1435 2753 deserto,
1457 2669 1558 2737 fabu-

232 2778 466 2861 lambebant,
489 2801 574 2867 quos
593 2800 698 2846 annos
717 2801 778 2845 nos
803 2779 943 2844 omnino
967 2800 1031 2867 pro
1049 2778 1139 2845 veris
1163 2777 1342 2845 babemus.
1363 2777 1557 2871 Imaginare

234 2888 367 2970 Moysen
387 2890 438 2950 tot
460 2884 529 2950 illis
547 2887 646 2951 annis
663 2885 777 2971 legem
798 2886 901 2951 lahve
920 2906 1035 2952 secum
1050 2884 1246 2951 volventem
1258 2883 1387 2965 animo,
1406 2883 1557 2973 penitius

233 2990 269 3054 in
288 3012 395 3055 annos
417 2989 686 3076 intelligentem,
717 2991 819 3056 altius
840 2990 956 3056 animo
983 2990 1150 3076 figentem
1177 2990 1285 3070 illud,
1312 3011 1428 3057 amore
1452 2990 1555 3056 lahve

234 3102 267 3161 et
287 3096 522 3162 observatione
542 3096 785 3163 mandatorum
800 3103 955 3163 constare
967 3096 1106 3163 taudem
1123 3098 1251 3163 omnia.
1274 3098 1392 3189 Cogita
1409 3094 1557 3164 eundem

235 3223 298 3288 per
322 3202 466 3287 longum
488 3201 576 3267 illud
596 3207 629 3268 et
649 3201 920 3269 involuntarium
944 3203 1053 3270 otium
1073 3204 1201 3271 Levitas
1224 3225 1302 3271 suos
1320 3203 1454 3271 assidue
1475 3202 1558 3269 edo-

232 3313 366 3374 centem
387 3313 490 3397 atque
515 3309 549 3374 in
577 3330 674 3375 veros
696 3308 866 3376 lsraelitas
892 3310 1209 3392 transformantem,
1232 3308 1462 3377 inculcantem
1487 3307 1558 3375 illis

232 3415 374 3482 fortasse
403 3414 627 3506 pentalogum
654 3438 755 3483 suum
785 3416 862 3499 diu,
888 3420 1074 3505 antequam
1099 3416 1200 3483 illurn
1228 3418 1265 3483 in
1290 3415 1469 3484 Moabitide
1496 3415 1559 3480 tri-

231 3522 345 3590 bubus
378 3521 422 3588 ad
462 3545 496 3589 se
524 3523 665 3590 tandem
701 3522 845 3589 reversis
874 3522 1130 3612 promulgaret,
1163 3522 1250 3610 legis
1283 3521 1557 3590 observationem

231 3629 298 3693 suis
309 3628 430 3694 Levitis
445 3634 535 3695 certe
550 3630 782 3696 inculcantem
800 3629 934 3696 assidue
950 3630 1110 3696 omnibus
1129 3629 1199 3696 illis
1222 3629 1448 3718 argumentis,
1466 3650 1556 3718 quae

232 3738 328 3800 lteut.
361 3736 493 3814 recitat,
518 3735 577 3800 sed
599 3759 688 3824 quac
712 3737 808 3803 nullo
837 3757 908 3802 non
931 3742 1087 3825 tempore
1113 3736 1232 3824 Moysis
1256 3734 1363 3803 menti
1387 3757 1556 3825 praesen·

233 3841 362 3907 tissima
376 3842 482 3907 tuere.
501 3844 616 3906 Nonne
630 3841 666 3907 id
684 3844 755 3928 agit
775 3843 927 3932 prudens
946 3842 1192 3931 paedagogus,
1211 3848 1249 3909 ut
1264 3842 1386 3910 cadem
1403 3849 1558 3909 constan·

232 3954 284 4013 ter
307 3949 435 4014 monita
460 3946 600 4030 iisdem,
620 3953 656 4013 ut
678 3949 884 4037 plurimum,
903 3950 1018 4016 verbis
1038 3972 1193 4038 expressa
1214 3949 1391 4038 discipulis
1411 3953 1554 4039 repetat,

233 4052 355 4120 iisdem
379 4053 591 4140 argumentis
619 4056 818 4120 confirmet?
844 4055 966 4122 Primis
996 4056 1131 4122 duobus
1158 4056 1201 4122 ab
1234 4056 1342 4122 exodo
1366 4055 1463 4121 annis
1488 4076 1557 4121 non

237 4165 372 4225 tantum
402 4161 504 4246 lloysi
530 4167 666 4248 praesto
687 4160 800 4226 luerat
824 4163 933 4228 otium
959 4162 1003 4228 ad
1028 4184 1107 4230 suos
1135 4162 1290 4230 funditus
1317 4161 1520 4229 erudiendos
1547 4183 1554 4228 :

236 4263 383 4332 Cadesae
400 4266 538 4332 tandem
559 4289 599 4332 eo
623 4289 765 4332 munere
781 4268 852 4356 ipsc
877 4269 1035 4356 pluribus
1051 4269 1149 4335 annis
1164 4274 1358 4336 constanter
1376 4274 1479 4358 atquc
1495 4288 1557 4357 pa-

234 4371 358 4438 tienter
382 4373 518 4438 functus
537 4378 597 4441 est.
626 4377 743 4439 Nonne
771 4373 892 4441 debuit
920 4376 955 4441 iu
987 4398 1026 4441 eo
1051 4375 1170 4442 labore
1191 4381 1318 4463 Moyses
1339 4373 1554 4464 pedetentim

235 4478 409 4546 assuefieri
430 4478 507 4545 stilo
528 4478 667 4546 cuidam
682 4481 901 4569 paraenetico
920 4482 1020 4567 longe
1041 4481 1176 4549 diverso
1198 4483 1242 4549 ab
1266 4505 1322 4562 eo,
1339 4483 1398 4571 qui
1420 4480 1555 4570 pridem

266 4639 286 4681 t.
303 4634 367 4680 Nota
381 4629 513 4680 historiam
530 4629 650 4688 foederis,
664 4631 749 4694 qualis
764 4618 835 4681 ιιυιιοΙ
848 4630 941 4694 legitur
954 4633 1039 4682 excisa
1052 4633 1200 4684 narratione
1214 4633 1356 4684 celebratae
1371 4630 1555 4693 solemnitatis,

228 4716 256 4761 et
269 4713 349 4774 ipsam
361 4700 413 4762 lere
429 4710 492 4763 solis
506 4716 626 4762 constare
637 4710 732 4775 lloysis
747 4713 931 4763 orationibus.
