3366 5346
167 303 226 360 361
621 313 854 358 corascmrrsru
875 312 1031 357 seruans.

165 448 421 539 cogitataNum.
443 455 483 516 18
498 447 712 538 potissimum
733 468 891 535 expressa
908 446 952 511 ad
969 446 1204 512 brevissimam
1224 446 1334 513 veluti
1353 447 1491 512 formu-

165 560 232 625 lam
249 564 397 625 revocat.
414 555 510 633 Quod
525 555 581 620 hic
602 554 794 621 affirmatur
816 552 880 633 bis,
899 553 1028 619 Levitas
1049 575 1119 619 non
1138 553 1266 619 habere
1289 553 1491 621 haeredita-

167 671 236 732 tem
251 665 288 732 in
299 663 413 744 lsrael,
431 661 466 728 id
480 665 578 727 Num.
594 666 705 740 1820.
721 665 760 725 23
776 681 828 747 sq.
842 679 849 736 ;
868 665 970 740 26,62
985 659 1166 726 dicebatur
1180 659 1376 749 quinquies,
1395 667 1431 726 et
1447 660 1491 726 de

165 770 400 838 sacerdotibus
416 769 556 858 quidem
572 789 682 856 aeque
700 788 740 832 ac
760 765 891 847 levitis;
911 766 1013 833 lahve
1028 788 1099 833 esse
1113 766 1314 833 eorumdem
1329 766 1492 833 haeredi-

168 885 271 944 tatem
291 877 397 942 habes
418 880 517 942 Num.
537 879 651 956 two.
670 876 770 939 Recto
787 871 896 959 igitur
915 877 1029 939 noster
1049 896 1081 939 v.
1102 880 1117 938 1
1137 873 1223 939 haec
1243 872 1423 962 praedicat
1448 873 1492 940 de

169 995 238 1049 tota
252 982 341 1048 tribu
360 981 452 1048 Lcri.
473 979 538 1047 Sed
554 1003 573 1046 a
587 978 761 1069 prioribus
776 977 911 1067 legibus
930 977 1080 1047 dissonat
1096 1001 1149 1061 co,
1164 979 1258 1068 quod
1272 986 1307 1045 et
1322 979 1493 1047 universis

167 1090 277 1156 tribus
294 1089 369 1155 Levi
391 1087 590 1154 hominibus
603 1085 852 1152 sacerdotalem
874 1083 1007 1152 tribuat
1028 1085 1245 1172 dignitatem,
1266 1108 1392 1175 eosque
1413 1108 1489 1152 om-

167 1218 228 1262 nes
255 1195 405 1261 affirmet
431 1193 640 1260 manducare
668 1192 842 1281 portiones
866 1190 1085 1258 victimarum
1112 1197 1146 1258 et
1170 1192 1376 1281 primitias:
1404 1192 1492 1260 haec

167 1303 296 1391 quippe
317 1307 443 1388 Moyses
465 1299 544 1367 solis
566 1298 736 1365 Maronitis
759 1303 1003 1365 reservaverat.
1021 1320 1053 1365 v.
1072 1304 1092 1363 2
1112 1299 1168 1364 vix
1191 1320 1260 1364 non
1279 1299 1492 1366 verbotenus

166 1415 332 1476 consonat
352 1429 428 1474 cum
447 1407 500 1487 iis,
518 1427 606 1496 quae
627 1410 722 1472 Deut.
743 1412 819 1487 1o‚9
833 1405 1043 1485 referuntur,
1061 1403 1177 1492 Moysis
1196 1405 1325 1484 verbis;
1343 1411 1387 1472 ne
1402 1407 1491 1474 inci-

160 1536 244 1583 sum
262 1515 401 1603 quidem
416 1511 504 1579 sicut
520 1512 653 1579 locutus
671 1523 720 1577 est
742 1510 812 1577 illis
831 1511 879 1577 ibi
894 1510 1124 1592 desideratum
1150 1511 1240 1577 unde
1255 1511 1352 1578 nefas
1370 1513 1414 1578 sit
1427 1512 1491 1578 du·

168 1621 290 1702 bitare,
310 1620 396 1709 quin
414 1626 528 1685 noster
542 1618 688 1708 scriptor
707 1623 804 1684 Dent.
822 1624 899 1699 10,9
917 1617 954 1684 in
972 1623 1088 1685 mente
1105 1616 1278 1701 habuerit.
1297 1617 1405 1685 llabes
1419 1618 1490 1705 igi-

165 1734 223 1795 tur
247 1749 278 1793 v.
311 1732 419 1814 1sq.,
444 1724 601 1792 similiter
627 1731 729 1813 atque
760 1730 895 1805 12,2-7·,
922 1730 1021 1806 15,1;
1060 1730 1231 1806 tons-20,
1258 1724 1488 1813 antiquiorem

164 1832 328 1921 aliquam,
352 1854 420 1898 non
436 1831 555 1920 utiquc
568 1852 653 1920 pure
667 1830 862 1910 mosaicam,
879 1830 993 1915 legem
1008 1851 1071 1919 pro
1090 1831 1243 1897 themate
1264 1829 1486 1920 sequentibus

165 1940 297 2005 statutis
314 1961 346 2004 v.
369 1945 427 2006 3-8
448 1937 646 2027 praefixam.
665 1941 753 2002 llaec
767 1942 895 2003 statuta
911 1941 980 2003 tola
1000 1940 1129 2026 quanta
1149 1941 1228 2003 sunt
1248 1935 1487 2026 postmosaica,

165 2051 200 2111 et
214 2044 413 2113 describunt
428 2045 556 2134 prurire
572 2043 617 2132 (v.
634 2045 667 2131 3)
690 2042 766 2110 aevi
789 2042 954 2110 iudicum.
976 2043 1150 2109 Portiones
1175 2043 1394 2141 victimarum
1416 2065 1490 2110 non

167 2152 268 2240 plane
295 2150 430 2218 easdem
454 2155 580 2237 Moyses
599 2148 834 2217 sacerdotibus
855 2155 1084 2231 concesserat;
1107 2155 1245 2238 praeter
1260 2149 1434 2239 portiones
1455 2155 1492 2217 at

169 2257 336 2346 primitias
351 2258 418 2322 alia
433 2256 550 2346 plura;
568 2277 637 2321 non
660 2254 863 2322 contuderat
884 2254 957 2344 ipse
981 2255 1159 2322 aaronitas
1179 2277 1257 2321 cum
1276 2255 1491 2346 simplicibus

170 2361 298 2440 levitis3
315 2363 358 2428 de
375 2361 497 2427 Levitis
513 2360 728 2428 idololatriae
750 2366 810 2427 aut
831 2361 967 2447 magiae
982 2360 1048 2427 reis
1062 2360 1135 2450 ipse
1152 2360 1270 2430 durius
1285 2361 1488 2451 scripsisset,

170 2490 274 2557 quam
292 2468 457 2535 scribitur
472 2491 504 2534 v.
519 2473 550 2535 8.

213 2597 245 2641 v.
273 2581 288 2641 1
307 2597 358 2665 sq.
380 2573 529 2664 quaesit
553 2573 745 2640 Levitarum
772 2573 936 2663 possessio
955 2575 1165 2660 generaliter
1191 2574 1393 2664 explicatur,
1415 2577 1490 2664 pri·

169 2702 263 2748 mum
282 2681 452 2768 negative,
471 2680 553 2747 dein
567 2680 669 2747 ctiam
685 2678 841 2769 positive.
862 2681 943 2771 Cap.
964 2682 1083 2749 XVIII
1093 2704 1126 2747 v.
1150 2687 1165 2746 1
1186 2708 1202 2742 a
1219 2682 1298 2748 Non
1316 2679 1491 2749 habebunt

165 2786 356 2854 sacerdotes
367 2788 423 2875 [etl
438 2786 575 2853 Levitae
598 2785 653 2874 [et]
673 2808 800 2866 ornnes,
818 2784 880 2875 qui
895 2785 937 2852 de
952 2786 1071 2853 eodem
1086 2786 1178 2853 tribu
1196 2798 1288 2871 seint,
1303 2799 1440 2876 portem
1457 2801 1490 2856 et

165 2893 410 2960 haereditatem
426 2916 503 2959 erran
520 2892 652 2981 reliquo
666 2891 783 2975 Israel,
802 2892 888 2981 quia
901 2893 1074 2981 sacrificia
1090 2893 1231 2959 Domini
1248 2907 1282 2960 et
1301 2893 1489 2961 oblationes

166 2999 239 3064 eius
256 2998 429 3064 comedent
453 3027 479 3062 υ.
496 2998 659 3087 Copulam
681 2997 803 3085 (l'uly.
826 2999 921 3087 Syr.)
939 2998 1016 3065 dele
1030 3005 1107 3089 post
1126 2999 1317 3067 sacerdotes
1335 2999 1487 3088 itemque

169 3104 302 3194 (Vulp.)
320 3111 396 3193 post
411 3103 560 3170 Levitae.
576 3107 663 3169 Haec
679 3103 896 3170 sacerdotum
911 3104 1099 3194 appellatio
1122 3112 1202 3173 ante
1222 3111 1317 3174 lleut.
1334 3127 1404 3173 non
1422 3105 1488 3172 ha-

168 3210 315 3278 bebatur
341 3229 348 3276 :
370 3215 536 3277 vocantur
556 3207 745 3276 sacerdotes
768 3210 917 3293 Levitae,
937 3212 960 3278 i.
976 3233 1043 3279 e.e
1068 3211 1161 3280 tribu
1182 3215 1260 3280 Levi
1284 3212 1433 3294 oriundi,
1452 3219 1490 3280 ut-

168 3317 425 3405 distinguantur
446 3340 467 3383 a
491 3315 726 3384 sacerdotibus
746 3338 817 3383 non
839 3317 974 3399 Levitis,
998 3317 1061 3407 qui
1083 3341 1180 3386 sacra
1198 3319 1372 3387 iaciebant
1394 3319 1490 3410 apud

168 3424 291 3491 altaria
313 3423 470 3514 privata:
497 3423 534 3489 hi
557 3425 687 3512 quippe
711 3429 801 3490 certe
823 3445 891 3490 uon
916 3431 1014 3491 erant
1035 3446 1153 3493 omnes
1172 3426 1306 3494 Levitae
1332 3425 1389 3514 (cI.
1412 3426 1485 3494 lud.

169 3538 248 3612 (526
264 3531 357 3619 etc).
375 3532 440 3598 Sed
456 3530 627 3620 adscripta
642 3531 858 3620 appositione
879 3542 949 3597 tota
965 3530 1073 3598 tribus
1087 3533 1170 3598 Levi
1188 3533 1409 3600 affirmantur
1427 3537 1487 3600 Le-

168 3637 258 3703 vitae
285 3659 401 3703 omnes
423 3644 496 3703 tum
527 3636 693 3703 sacrificia
714 3637 816 3703 labve
840 3637 1042 3729 comedisse,
1064 3638 1236 3728 simplices
1256 3645 1329 3706 tum
1350 3638 1486 3723 levitae,
1591 3705 1596 3714 ,

168 3744 227 3832 qui
243 3747 376 3809 Marone
396 3765 466 3809 non
480 3750 590 3808 essent
605 3743 727 3829 geniti,
742 3722 957 3812 sacerdiitum
976 3744 1158 3834 privilegia
1178 3768 1370 3835 usurpasse.
1390 3746 1488 3814 Com-

168 3849 338 3917 bustiones
353 3848 454 3916 Ialtoe
471 3852 547 3915 Lev.
565 3854 637 3930 1,o;
659 3856 733 3932 25³3
752 3857 827 3933 3‚3;
847 3857 902 3932 7‚5
924 3850 1142 3940 appellantur
1163 3851 1374 3934 holocausta,
1396 3852 1488 3919 min-

167 3956 263 4039 chae,
282 3955 424 4046 pacifica
437 3954 637 4044 hostiaeque
648 3978 712 4044 pro
726 3955 855 4023 delicto
870 3980 877 4022 :
894 3978 1022 4024 nomen
1037 3958 1073 4024 h.
1088 3958 1111 4024 l.
1130 3958 1337 4026 censendum
1352 3963 1487 4026 estnon

166 4063 341 4128 includere
366 4062 576 4143 holocausta,
598 4061 658 4127 sed
680 4084 735 4128 eas
757 4064 912 4130 victimas
936 4086 1064 4146 omnes,
1094 4087 1242 4154 quarum
1265 4065 1383 4155 aliqua
1406 4087 1489 4155 pars

167 4167 304 4234 cederet
318 4167 560 4234 sacerdotibus.
579 4168 627 4232 CI.
647 4172 744 4234 Num.
768 4175 858 4249 18,9.
877 4169 965 4246 Quid
979 4193 1060 4236 vero
1075 4159 1180 4243 inbre,
1197 4170 1394 4238 haereditas
1414 4171 1489 4238 eins

167 4296 226 4339 seu
244 4274 410 4362 possessio
433 4274 504 4340 eius
532 4272 649 4361 (t'ulq.
672 4273 892 4364 oblationesl‘l
914 4276 948 4343 si
966 4299 1084 4344 vocem
1107 4277 1346 4367 interpreteris
1365 4300 1488 4346 secun-

168 4380 252 4446 dum
277 4384 375 4446 Num.
397 4386 570 4461 18,11-19,
591 4381 757 4470 exprimet
775 4381 836 4448 illa
858 4404 946 4471 quae
976 4382 1025 4448 ibi
1048 4392 1277 4466 recensentur,
1302 4384 1484 4474 primitias,

170 4491 260 4570 vota,
284 4485 529 4577 primogenita,
550 4509 687 4554 omnem
708 4488 849 4554 omnino
864 4488 1074 4570 therumam,
1092 4489 1162 4556 imo
1180 4491 1369 4557 secuudum
1383 4495 1484 4559 Num.

172 4601 268 4676 tam
288 4594 380 4684 ipsas
399 4593 558 4662 decimas.
577 4599 700 4660 Verum
714 4593 896 4683 explicatio
911 4618 943 4662 v.
962 4603 981 4664 t
997 4597 1086 4662 solas
1101 4597 1271 4686 primitias
1286 4598 1399 4680 eticrt;
1418 4598 1487 4665 col-

168 4701 275 4770 lector
298 4702 446 4769 decimas
474 4706 507 4768 et
530 4701 598 4769 alia
626 4700 836 4768 concedebat
867 4703 928 4768 toti
959 4703 1088 4793 populo
1115 4703 1222 4771 sacris
1249 4704 1359 4795 epulis
1385 4705 1488 4772 absu-
