<?xml version="1.0" encoding="UTF-8"?>
<!DOCTYPE html PUBLIC "-//W3C//DTD XHTML 1.0 Transitional//EN"
    "http://www.w3.org/TR/xhtml1/DTD/xhtml1-transitional.dtd">
<html xmlns="http://www.w3.org/1999/xhtml" xml:lang="en" lang="en">
 <head>
  <title>
</title>
<meta http-equiv="Content-Type" content="text/html;charset=utf-8" />
  <meta name='ocr-system' content='tesseract 3.04.00' />
  <meta name='ocr-capabilities' content='ocr_page ocr_carea ocr_par ocr_line ocrx_word'/>
</head>
<body>
  <div class='ocr_page' id='page_1' title='image "./commentariusind00hummgoog/commentariusind00hummgoog_0584.png"; bbox 0 0 3366 5346; ppageno 0'>
   <div class='ocr_carea' id='block_1_1' title="bbox 647 297 1439 366">
    <p class='ocr_par' dir='ltr' id='par_1_1' title="bbox 647 297 1439 366">
     <span class='ocr_line' id='line_1_1' title="bbox 647 297 1439 366; baseline 0.001 -13"><span class='ocrx_word' id='word_1_1' title='bbox 647 312 736 355; x_wconf 67' lang='lat' dir='ltr'><strong>butt.</strong></span> <span class='ocrx_word' id='word_1_2' title='bbox 762 297 833 366; x_wconf 84' lang='lat'><strong>33‚3</strong></span> <span class='ocrx_word' id='word_1_3' title='bbox 855 312 917 361; x_wconf 75' lang='lat' dir='ltr'><strong>suu.</strong></span> <span class='ocrx_word' id='word_1_4' title='bbox 1381 297 1439 354; x_wconf 56' lang='lat' dir='ltr'><strong>:illl</strong></span> 
     </span>
    </p>
   </div>
   <div class='ocr_carea' id='block_1_2' title="bbox 128 441 1443 1703">
    <p class='ocr_par' dir='ltr' id='par_1_2' title="bbox 128 441 1443 1703">
     <span class='ocr_line' id='line_1_2' title="bbox 128 441 1441 537; baseline -0.002 -23"><span class='ocrx_word' id='word_1_5' title='bbox 128 452 280 537; x_wconf 90' lang='lat' dir='ltr'><strong>quuntur</strong></span> <span class='ocrx_word' id='word_1_6' title='bbox 297 446 426 512; x_wconf 82' lang='lat' dir='ltr'><strong>israelis</strong></span> <span class='ocrx_word' id='word_1_7' title='bbox 440 443 551 510; x_wconf 82' lang='lat' dir='ltr'><strong>officia</strong></span> <span class='ocrx_word' id='word_1_8' title='bbox 568 443 694 525; x_wconf 89' lang='lat' dir='ltr'><strong>omnia,</strong></span> <span class='ocrx_word' id='word_1_9' title='bbox 715 443 821 532; x_wconf 67' lang='lat' dir='ltr'><strong>legem</strong></span> <span class='ocrx_word' id='word_1_10' title='bbox 837 449 870 510; x_wconf 90' lang='lat' dir='ltr'><strong>et</strong></span> <span class='ocrx_word' id='word_1_11' title='bbox 893 464 1049 531; x_wconf 65' lang='lat' dir='ltr'><strong>regnunt.</strong></span> <span class='ocrx_word' id='word_1_12' title='bbox 1072 441 1216 509; x_wconf 82' lang='lat' dir='ltr'><strong>Hebraei</strong></span> <span class='ocrx_word' id='word_1_13' title='bbox 1236 443 1272 508; x_wconf 92' lang='lat' dir='ltr'><strong>iu</strong></span> <span class='ocrx_word' id='word_1_14' title='bbox 1287 449 1441 533; x_wconf 70' lang='lat' dir='ltr'><strong>Aegypto</strong></span> 
     </span>
     <span class='ocr_line' id='line_1_3' title="bbox 128 549 1442 641; baseline -0.002 -21"><span class='ocrx_word' id='word_1_15' title='bbox 128 556 266 621; x_wconf 82' lang='lat' dir='ltr'><strong>luerent</strong></span> <span class='ocrx_word' id='word_1_16' title='bbox 280 552 537 641; x_wconf 89' lang='lat' dir='ltr'><strong>non-populus,</strong></span> <span class='ocrx_word' id='word_1_17' title='bbox 554 557 735 619; x_wconf 80' lang='lat' dir='ltr'><strong>caruerant</strong></span> <span class='ocrx_word' id='word_1_18' title='bbox 755 551 831 636; x_wconf 83' lang='lat' dir='ltr'><strong>lege</strong></span> <span class='ocrx_word' id='word_1_19' title='bbox 855 555 886 617; x_wconf 90' lang='lat' dir='ltr'><strong>ct</strong></span> <span class='ocrx_word' id='word_1_20' title='bbox 911 571 1004 636; x_wconf 87' lang='lat' dir='ltr'><strong>rege.</strong></span> <span class='ocrx_word' id='word_1_21' title='bbox 1027 553 1214 638; x_wconf 88' lang='lat' dir='ltr'><strong>Utrumque</strong></span> <span class='ocrx_word' id='word_1_22' title='bbox 1229 549 1277 616; x_wconf 90' lang='lat' dir='ltr'><strong>eis</strong></span> <span class='ocrx_word' id='word_1_23' title='bbox 1292 550 1328 616; x_wconf 90' lang='lat' dir='ltr'><strong>in</strong></span> <span class='ocrx_word' id='word_1_24' title='bbox 1348 552 1442 618; x_wconf 84' lang='lat' dir='ltr'><strong>Sinai</strong></span> 
     </span>
     <span class='ocr_line' id='line_1_4' title="bbox 129 648 1441 747; baseline -0.002 -20"><span class='ocrx_word' id='word_1_25' title='bbox 129 665 244 727; x_wconf 89' lang='lat' dir='ltr'><strong>monte</strong></span> <span class='ocrx_word' id='word_1_26' title='bbox 267 648 480 725; x_wconf 86' lang='lat' dir='ltr'><strong>concesserat</strong></span> <span class='ocrx_word' id='word_1_27' title='bbox 506 658 625 741; x_wconf 85' lang='lat' dir='ltr'><strong>lalrve,</strong></span> <span class='ocrx_word' id='word_1_28' title='bbox 650 664 837 747; x_wconf 85' lang='lat' dir='ltr'><strong>utrumque</strong></span> <span class='ocrx_word' id='word_1_29' title='bbox 852 657 1047 723; x_wconf 81' lang='lat' dir='ltr'><strong>obiecerant</strong></span> <span class='ocrx_word' id='word_1_30' title='bbox 1071 656 1228 737; x_wconf 86' lang='lat' dir='ltr'><strong>Cadesac,</strong></span> <span class='ocrx_word' id='word_1_31' title='bbox 1257 663 1441 746; x_wconf 88' lang='lat' dir='ltr'><strong>utrumque</strong></span> 
     </span>
     <span class='ocr_line' id='line_1_5' title="bbox 128 760 1439 856; baseline -0.002 -24"><span class='ocrx_word' id='word_1_32' title='bbox 128 772 203 856; x_wconf 88' lang='lat' dir='ltr'><strong>post</strong></span> <span class='ocrx_word' id='word_1_33' title='bbox 228 764 381 855; x_wconf 90' lang='lat' dir='ltr'><strong>plurium</strong></span> <span class='ocrx_word' id='word_1_34' title='bbox 409 785 581 831; x_wconf 89' lang='lat' dir='ltr'><strong>annorum</strong></span> <span class='ocrx_word' id='word_1_35' title='bbox 613 764 861 853; x_wconf 89' lang='lat' dir='ltr'><strong>poenitentiam</strong></span> <span class='ocrx_word' id='word_1_36' title='bbox 894 762 994 828; x_wconf 84' lang='lat' dir='ltr'><strong>labro</strong></span> <span class='ocrx_word' id='word_1_37' title='bbox 1017 760 1086 827; x_wconf 87' lang='lat' dir='ltr'><strong>illis</strong></span> <span class='ocrx_word' id='word_1_38' title='bbox 1107 760 1256 847; x_wconf 75' lang='lat' dir='ltr'><strong>gratiose</strong></span> <span class='ocrx_word' id='word_1_39' title='bbox 1281 764 1439 831; x_wconf 87' lang='lat' dir='ltr'><strong>restituit.</strong></span> 
     </span>
     <span class='ocr_line' id='line_1_6' title="bbox 129 855 1443 960; baseline 0 -24"><span class='ocrx_word' id='word_1_40' title='bbox 129 894 160 938; x_wconf 85' lang='lat' dir='ltr'><strong>v.</strong></span> <span class='ocrx_word' id='word_1_41' title='bbox 184 877 202 936; x_wconf 70' lang='lat' dir='ltr'><strong>&#39;a</strong></span> <span class='ocrx_word' id='word_1_42' title='bbox 221 899 237 932; x_wconf 90' lang='lat'>«</span> <span class='ocrx_word' id='word_1_43' title='bbox 254 875 377 959; x_wconf 67' lang='lat' dir='ltr'><strong>Legem</strong></span> <span class='ocrx_word' id='word_1_44' title='bbox 390 870 569 960; x_wconf 82' lang='lat' dir='ltr'><strong>praecepit</strong></span> <span class='ocrx_word' id='word_1_45' title='bbox 591 870 687 936; x_wconf 81' lang='lat' dir='ltr'><strong>nobis</strong></span> <span class='ocrx_word' id='word_1_46' title='bbox 708 873 840 959; x_wconf 74' lang='lat' dir='ltr'><strong>Moyses</strong></span> <span class='ocrx_word' id='word_1_47' title='bbox 858 897 888 951; x_wconf 86' lang='lat'><strong>»,</strong></span> <span class='ocrx_word' id='word_1_48' title='bbox 906 907 950 916; x_wconf 83' lang='lat'>-</span> <span class='ocrx_word' id='word_1_49' title='bbox 968 867 1060 957; x_wconf 90' lang='lat' dir='ltr'><strong>quod</strong></span> <span class='ocrx_word' id='word_1_50' title='bbox 1075 855 1120 930; x_wconf 62' lang='lat' dir='ltr'><strong>tit</strong></span> <span class='ocrx_word' id='word_1_51' title='bbox 1136 869 1353 936; x_wconf 78' lang='lat' dir='ltr'><strong>commendat</strong></span> <span class='ocrx_word' id='word_1_52' title='bbox 1372 871 1443 937; x_wconf 90' lang='lat' dir='ltr'><strong>lec-</strong></span> 
     </span>
     <span class='ocr_line' id='line_1_7' title="bbox 129 963 1439 1066; baseline -0.002 -23"><span class='ocrx_word' id='word_1_53' title='bbox 129 976 255 1044; x_wconf 91' lang='lat' dir='ltr'><strong>tionem</strong></span> <span class='ocrx_word' id='word_1_54' title='bbox 269 967 315 1041; x_wconf 65' lang='lat' dir='ltr'><strong>ab</strong></span> <span class='ocrx_word' id='word_1_55' title='bbox 332 1001 362 1043; x_wconf 90' lang='lat' dir='ltr'><strong>v.</strong></span> <span class='ocrx_word' id='word_1_56' title='bbox 379 984 411 1059; x_wconf 73' lang='lat'><strong>2,</strong></span> <span class='ocrx_word' id='word_1_57' title='bbox 427 998 490 1066; x_wconf 91' lang='lat' dir='ltr'><strong>pro</strong></span> <span class='ocrx_word' id='word_1_58' title='bbox 505 978 619 1065; x_wconf 85' lang='lat' dir='ltr'><strong>priore</strong></span> <span class='ocrx_word' id='word_1_59' title='bbox 633 976 725 1066; x_wconf 91' lang='lat' dir='ltr'><strong>apud</strong></span> <span class='ocrx_word' id='word_1_60' title='bbox 742 976 843 1042; x_wconf 87' lang='lat' dir='ltr'><strong>Hebr.</strong></span> <span class='ocrx_word' id='word_1_61' title='bbox 858 963 915 1038; x_wconf 66' lang='lat' dir='ltr'><strong>inb</strong></span> <span class='ocrx_word' id='word_1_62' title='bbox 927 1012 970 1024; x_wconf 97' lang='lat'>-</span> <span class='ocrx_word' id='word_1_63' title='bbox 987 1004 1002 1033; x_wconf 60' lang='grc' dir='ltr'>α</span> <span class='ocrx_word' id='word_1_64' title='bbox 1018 972 1262 1040; x_wconf 73' lang='lat' dir='ltr'><strong>hoereditatem</strong></span> <span class='ocrx_word' id='word_1_65' title='bbox 1278 975 1439 1042; x_wconf 76' lang='lat' dir='ltr'><strong>rnrrltitu-</strong></span> 
     </span>
     <span class='ocr_line' id='line_1_8' title="bbox 128 1081 1440 1170; baseline -0.005 -21"><span class='ocrx_word' id='word_1_66' title='bbox 128 1082 217 1149; x_wconf 74' lang='lat' dir='ltr'><strong>deiris</strong></span> <span class='ocrx_word' id='word_1_67' title='bbox 239 1111 254 1142; x_wconf 73' lang='lat' dir='ltr'><strong>a</strong></span> <span class='ocrx_word' id='word_1_68' title='bbox 278 1105 337 1150; x_wconf 90' lang='lat' dir='ltr'><strong>seu</strong></span> <span class='ocrx_word' id='word_1_69' title='bbox 357 1081 515 1149; x_wconf 83' lang='lat' dir='ltr'><strong>ecclcsiae</strong></span> <span class='ocrx_word' id='word_1_70' title='bbox 533 1084 664 1170; x_wconf 82' lang='lat' dir='ltr'><strong>(Hebr.)</strong></span> <span class='ocrx_word' id='word_1_71' title='bbox 692 1110 708 1143; x_wconf 91' lang='lat'>«</span> <span class='ocrx_word' id='word_1_72' title='bbox 734 1084 832 1148; x_wconf 82' lang='lat' dir='ltr'><strong>Iacob</strong></span> <span class='ocrx_word' id='word_1_73' title='bbox 853 1110 886 1162; x_wconf 72' lang='lat' dir='ltr'><strong>n,</strong></span> <span class='ocrx_word' id='word_1_74' title='bbox 910 1110 925 1141; x_wconf 86' lang='lat'>«</span> <span class='ocrx_word' id='word_1_75' title='bbox 957 1081 999 1148; x_wconf 89' lang='lat' dir='ltr'><strong>ad</strong></span> <span class='ocrx_word' id='word_1_76' title='bbox 1024 1085 1173 1169; x_wconf 90' lang='lat' dir='ltr'><strong>posteros</strong></span> <span class='ocrx_word' id='word_1_77' title='bbox 1187 1081 1408 1149; x_wconf 78' lang='lat' dir='ltr'><strong>transituram</strong></span> <span class='ocrx_word' id='word_1_78' title='bbox 1424 1112 1440 1144; x_wconf 85' lang='lat'>»</span> 
     </span>
     <span class='ocr_line' id='line_1_9' title="bbox 131 1187 1438 1279; baseline -0.003 -22"><span class='ocrx_word' id='word_1_79' title='bbox 131 1189 216 1279; x_wconf 80' lang='lat' dir='ltr'><strong>(Sa).</strong></span> <span class='ocrx_word' id='word_1_80' title='bbox 239 1205 315 1253; x_wconf 72' lang='lat' dir='ltr'><strong>orn</strong></span> <span class='ocrx_word' id='word_1_81' title='bbox 339 1210 409 1254; x_wconf 90' lang='lat' dir='ltr'><strong>non</strong></span> <span class='ocrx_word' id='word_1_82' title='bbox 434 1194 483 1255; x_wconf 92' lang='lat' dir='ltr'><strong>est</strong></span> <span class='ocrx_word' id='word_1_83' title='bbox 504 1188 558 1254; x_wconf 84' lang='lat' dir='ltr'><strong>lex</strong></span> <span class='ocrx_word' id='word_1_84' title='bbox 582 1188 860 1270; x_wconf 86' lang='lat' dir='ltr'><strong>indeterminate,</strong></span> <span class='ocrx_word' id='word_1_85' title='bbox 883 1187 943 1254; x_wconf 91' lang='lat' dir='ltr'><strong>sed</strong></span> <span class='ocrx_word' id='word_1_86' title='bbox 967 1191 1123 1257; x_wconf 89' lang='lat' dir='ltr'><strong>concrete</strong></span> <span class='ocrx_word' id='word_1_87' title='bbox 1146 1193 1296 1276; x_wconf 87' lang='lat' dir='ltr'><strong>accepta,</strong></span> <span class='ocrx_word' id='word_1_88' title='bbox 1324 1187 1438 1273; x_wconf 74' lang='lat' dir='ltr'><strong>edura,</strong></span> 
     </span>
     <span class='ocr_line' id='line_1_10' title="bbox 128 1293 1442 1382; baseline 0.002 -22"><span class='ocrx_word' id='word_1_89' title='bbox 128 1294 371 1362; x_wconf 84' lang='lat' dir='ltr'><strong>documentum</strong></span> <span class='ocrx_word' id='word_1_90' title='bbox 395 1295 540 1361; x_wconf 84' lang='lat' dir='ltr'><strong>foederis</strong></span> <span class='ocrx_word' id='word_1_91' title='bbox 565 1295 722 1362; x_wconf 89' lang='lat' dir='ltr'><strong>restituti.</strong></span> <span class='ocrx_word' id='word_1_92' title='bbox 751 1302 840 1374; x_wconf 83' lang='lat' dir='ltr'><strong>Quae</strong></span> <span class='ocrx_word' id='word_1_93' title='bbox 870 1294 989 1382; x_wconf 85' lang='lat' dir='ltr'><strong>utique</strong></span> <span class='ocrx_word' id='word_1_94' title='bbox 1012 1299 1060 1359; x_wconf 89' lang='lat' dir='ltr'><strong>est</strong></span> <span class='ocrx_word' id='word_1_95' title='bbox 1086 1293 1190 1360; x_wconf 91' lang='lat' dir='ltr'><strong>etiam</strong></span> <span class='ocrx_word' id='word_1_96' title='bbox 1215 1306 1286 1360; x_wconf 84' lang='lat' dir='ltr'><strong>toto</strong></span> <span class='ocrx_word' id='word_1_97' title='bbox 1311 1294 1442 1362; x_wconf 90' lang='lat' dir='ltr'><strong>lsraelis</strong></span> 
     </span>
     <span class='ocr_line' id='line_1_11' title="bbox 128 1399 1442 1490; baseline 0.002 -25"><span class='ocrx_word' id='word_1_98' title='bbox 128 1399 194 1481; x_wconf 86' lang='lat' dir='ltr'><strong>lex,</strong></span> <span class='ocrx_word' id='word_1_99' title='bbox 219 1423 296 1468; x_wconf 89' lang='lat' dir='ltr'><strong>cum</strong></span> <span class='ocrx_word' id='word_1_100' title='bbox 328 1410 488 1490; x_wconf 89' lang='lat' dir='ltr'><strong>quartum</strong></span> <span class='ocrx_word' id='word_1_101' title='bbox 518 1401 695 1490; x_wconf 87' lang='lat' dir='ltr'><strong>pentalogi</strong></span> <span class='ocrx_word' id='word_1_102' title='bbox 725 1401 925 1467; x_wconf 85' lang='lat' dir='ltr'><strong>mandatum</strong></span> <span class='ocrx_word' id='word_1_103' title='bbox 950 1422 1068 1467; x_wconf 89' lang='lat' dir='ltr'><strong>omnes</strong></span> <span class='ocrx_word' id='word_1_104' title='bbox 1094 1400 1189 1487; x_wconf 88' lang='lat' dir='ltr'><strong>leges</strong></span> <span class='ocrx_word' id='word_1_105' title='bbox 1223 1406 1324 1468; x_wconf 90' lang='lat' dir='ltr'><strong>antea</strong></span> <span class='ocrx_word' id='word_1_106' title='bbox 1357 1402 1442 1469; x_wconf 84' lang='lat' dir='ltr'><strong>latas</strong></span> 
     </span>
     <span class='ocr_line' id='line_1_12' title="bbox 130 1506 1441 1596; baseline 0.001 -23"><span class='ocrx_word' id='word_1_107' title='bbox 130 1506 319 1574; x_wconf 83' lang='lat' dir='ltr'><strong>confirmet.</strong></span> <span class='ocrx_word' id='word_1_108' title='bbox 336 1507 609 1576; x_wconf 78' lang='lat' dir='ltr'><strong>Admirationem</strong></span> <span class='ocrx_word' id='word_1_109' title='bbox 630 1508 713 1575; x_wconf 82' lang='lat' dir='ltr'><strong>lacit</strong></span> <span class='ocrx_word' id='word_1_110' title='bbox 734 1530 798 1574; x_wconf 85' lang='lat' dir='ltr'><strong>vox</strong></span> <span class='ocrx_word' id='word_1_111' title='bbox 818 1509 962 1594; x_wconf 70' lang='lat' dir='ltr'><strong>Moyseo,</strong></span> <span class='ocrx_word' id='word_1_112' title='bbox 985 1529 1089 1596; x_wconf 90' lang='lat' dir='ltr'><strong>quam</strong></span> <span class='ocrx_word' id='word_1_113' title='bbox 1109 1528 1228 1573; x_wconf 88' lang='lat' dir='ltr'><strong>omnes</strong></span> <span class='ocrx_word' id='word_1_114' title='bbox 1252 1512 1361 1575; x_wconf 87' lang='lat' dir='ltr'><strong>textus</strong></span> <span class='ocrx_word' id='word_1_115' title='bbox 1381 1509 1441 1574; x_wconf 87' lang='lat' dir='ltr'><strong>ho-</strong></span> 
     </span>
     <span class='ocr_line' id='line_1_13' title="bbox 129 1613 1441 1703; baseline 0 -23"><span class='ocrx_word' id='word_1_116' title='bbox 129 1613 229 1700; x_wconf 82' lang='lat' dir='ltr'><strong>bcnt,</strong></span> <span class='ocrx_word' id='word_1_117' title='bbox 252 1636 339 1703; x_wconf 86' lang='lat' dir='ltr'><strong>quae</strong></span> <span class='ocrx_word' id='word_1_118' title='bbox 365 1621 482 1680; x_wconf 89' lang='lat' dir='ltr'><strong>tamen</strong></span> <span class='ocrx_word' id='word_1_119' title='bbox 508 1614 670 1680; x_wconf 80' lang='lat' dir='ltr'><strong>facillime</strong></span> <span class='ocrx_word' id='word_1_120' title='bbox 692 1613 776 1680; x_wconf 90' lang='lat' dir='ltr'><strong>oriri</strong></span> <span class='ocrx_word' id='word_1_121' title='bbox 801 1613 913 1703; x_wconf 90' lang='lat' dir='ltr'><strong>potuit</strong></span> <span class='ocrx_word' id='word_1_122' title='bbox 932 1613 1152 1702; x_wconf 87' lang='lat' dir='ltr'><strong>corruptione</strong></span> <span class='ocrx_word' id='word_1_123' title='bbox 1174 1614 1265 1679; x_wconf 86' lang='lat' dir='ltr'><strong>vocis</strong></span> <span class='ocrx_word' id='word_1_124' title='bbox 1289 1613 1441 1702; x_wconf 88' lang='lat' dir='ltr'><strong>proxime</strong></span> 
     </span>
    </p>
   </div>
   <div class='ocr_carea' id='block_1_3' title="bbox 129 1720 1546 1809">
    <p class='ocr_par' dir='ltr' id='par_1_3' title="bbox 129 1720 1546 1809">
     <span class='ocr_line' id='line_1_14' title="bbox 129 1720 1546 1809; baseline 0.001 -23"><span class='ocrx_word' id='word_1_125' title='bbox 129 1720 329 1809; x_wconf 90' lang='lat' dir='ltr'><strong>sequentis:</strong></span> <span class='ocrx_word' id='word_1_126' title='bbox 358 1734 436 1784; x_wconf 69' lang='lat' dir='ltr'><strong>nnn</strong></span> <span class='ocrx_word' id='word_1_127' title='bbox 451 1757 489 1764; x_wconf 99' lang='lat'><em>-</em></span> <span class='ocrx_word' id='word_1_128' title='bbox 506 1734 625 1785; x_wconf 69' lang='lat' dir='ltr'><strong>anain.</strong></span> <span class='ocrx_word' id='word_1_129' title='bbox 652 1726 704 1788; x_wconf 80' lang='lat' dir='ltr'><strong>Sc.</strong></span> <span class='ocrx_word' id='word_1_130' title='bbox 735 1743 765 1788; x_wconf 90' lang='lat' dir='ltr'><strong>v.</strong></span> <span class='ocrx_word' id='word_1_131' title='bbox 790 1725 859 1786; x_wconf 60' lang='grc' dir='ltr'><em>Μ</em></span> <span class='ocrx_word' id='word_1_132' title='bbox 882 1728 1099 1803; x_wconf 87' lang='lat' dir='ltr'><strong>enarrantur,</strong></span> <span class='ocrx_word' id='word_1_133' title='bbox 1123 1742 1211 1808; x_wconf 89' lang='lat' dir='ltr'><strong>quae</strong></span> <span class='ocrx_word' id='word_1_134' title='bbox 1238 1720 1338 1786; x_wconf 84' lang='lat' dir='ltr'><strong>lalrcc</strong></span> <span class='ocrx_word' id='word_1_135' title='bbox 1361 1722 1442 1787; x_wconf 89' lang='lat' dir='ltr'><strong>fecit</strong></span> <span class='ocrx_word' id='word_1_136' title='bbox 1542 1732 1546 1739; x_wconf 83' lang='lat'>&#39;</span> 
     </span>
    </p>
   </div>
   <div class='ocr_carea' id='block_1_4' title="bbox 127 1825 1443 2864">
    <p class='ocr_par' dir='ltr' id='par_1_4' title="bbox 127 1825 1443 2864">
     <span class='ocr_line' id='line_1_15' title="bbox 130 1825 1443 1916; baseline 0.002 -25"><span class='ocrx_word' id='word_1_137' title='bbox 130 1849 193 1915; x_wconf 90' lang='lat' dir='ltr'><strong>pro</strong></span> <span class='ocrx_word' id='word_1_138' title='bbox 219 1827 358 1916; x_wconf 79' lang='lat' dir='ltr'><strong>populo,</strong></span> <span class='ocrx_word' id='word_1_139' title='bbox 387 1831 514 1893; x_wconf 88' lang='lat' dir='ltr'><strong>Tamen</strong></span> <span class='ocrx_word' id='word_1_140' title='bbox 541 1849 572 1894; x_wconf 81' lang='lat' dir='ltr'><strong>r.</strong></span> <span class='ocrx_word' id='word_1_141' title='bbox 602 1834 619 1894; x_wconf 78' lang='lat' dir='ltr'><strong>t</strong></span> <span class='ocrx_word' id='word_1_142' title='bbox 648 1828 749 1894; x_wconf 91' lang='lat' dir='ltr'><strong>etiam</strong></span> <span class='ocrx_word' id='word_1_143' title='bbox 778 1832 963 1916; x_wconf 89' lang='lat' dir='ltr'><strong>praeparat</strong></span> <span class='ocrx_word' id='word_1_144' title='bbox 991 1825 1171 1892; x_wconf 88' lang='lat' dir='ltr'><strong>transitum</strong></span> <span class='ocrx_word' id='word_1_145' title='bbox 1194 1826 1239 1892; x_wconf 89' lang='lat' dir='ltr'><strong>ad</strong></span> <span class='ocrx_word' id='word_1_146' title='bbox 1262 1833 1443 1915; x_wconf 87' lang='lat' dir='ltr'><strong>sequentes</strong></span> 
     </span>
     <span class='ocr_line' id='line_1_16' title="bbox 129 1931 1442 2022; baseline 0.001 -24"><span class='ocrx_word' id='word_1_147' title='bbox 129 1932 397 2013; x_wconf 64' lang='lat' dir='ltr'><strong>benedictiones</strong></span> <span class='ocrx_word' id='word_1_148' title='bbox 415 1955 500 2022; x_wconf 90' lang='lat' dir='ltr'><strong>quas</strong></span> <span class='ocrx_word' id='word_1_149' title='bbox 514 1937 638 2019; x_wconf 78' lang='lat' dir='ltr'><strong>Moyses</strong></span> <span class='ocrx_word' id='word_1_150' title='bbox 657 1932 901 2022; x_wconf 89' lang='lat' dir='ltr'><strong>proloquitur:</strong></span> <span class='ocrx_word' id='word_1_151' title='bbox 919 1954 1025 2021; x_wconf 89' lang='lat' dir='ltr'><strong>quere</strong></span> <span class='ocrx_word' id='word_1_152' title='bbox 1038 1954 1108 1998; x_wconf 92' lang='lat' dir='ltr'><strong>non</strong></span> <span class='ocrx_word' id='word_1_153' title='bbox 1120 1931 1228 1998; x_wconf 88' lang='lat' dir='ltr'><strong>ausim</strong></span> <span class='ocrx_word' id='word_1_154' title='bbox 1245 1954 1363 1999; x_wconf 87' lang='lat' dir='ltr'><strong>vocem</strong></span> <span class='ocrx_word' id='word_1_155' title='bbox 1382 1933 1442 1999; x_wconf 88' lang='lat' dir='ltr'><strong>eli·</strong></span> 
     </span>
     <span class='ocr_line' id='line_1_17' title="bbox 130 2036 1442 2129; baseline 0.001 -25"><span class='ocrx_word' id='word_1_156' title='bbox 130 2039 273 2106; x_wconf 70' lang='lat' dir='ltr'><strong>minare,</strong></span> <span class='ocrx_word' id='word_1_157' title='bbox 291 2063 322 2104; x_wconf 91' lang='lat' dir='ltr'><strong>v.</strong></span> <span class='ocrx_word' id='word_1_158' title='bbox 352 2046 371 2105; x_wconf 85' lang='lat'>5</span> <span class='ocrx_word' id='word_1_159' title='bbox 387 2066 403 2099; x_wconf 70' lang='grc' dir='ltr'><strong>ι(</strong></span> <span class='ocrx_word' id='word_1_160' title='bbox 421 2039 497 2105; x_wconf 84' lang='lat' dir='ltr'><strong>Erit</strong></span> <span class='ocrx_word' id='word_1_161' title='bbox 510 2038 606 2129; x_wconf 79' lang='lat' dir='ltr'><strong>opud</strong></span> <span class='ocrx_word' id='word_1_162' title='bbox 619 2039 845 2105; x_wconf 82' lang='lat' dir='ltr'><strong>rectissimum</strong></span> <span class='ocrx_word' id='word_1_163' title='bbox 861 2062 921 2104; x_wconf 81' lang='lat' dir='ltr'><strong>reor</strong></span> <span class='ocrx_word' id='word_1_164' title='bbox 937 2065 968 2103; x_wconf 87' lang='lat'><strong>».</strong></span> <span class='ocrx_word' id='word_1_165' title='bbox 988 2038 1053 2104; x_wconf 80' lang='lat' dir='ltr'><strong>Sed</strong></span> <span class='ocrx_word' id='word_1_166' title='bbox 1066 2036 1183 2120; x_wconf 71' lang='lat' dir='ltr'><strong>deor,</strong></span> <span class='ocrx_word' id='word_1_167' title='bbox 1205 2060 1307 2127; x_wconf 90' lang='lat' dir='ltr'><strong>quem</strong></span> <span class='ocrx_word' id='word_1_168' title='bbox 1323 2043 1442 2105; x_wconf 84' lang='lat' dir='ltr'><strong>contra</strong></span> 
     </span>
     <span class='ocr_line' id='line_1_18' title="bbox 130 2140 1442 2234; baseline -0.001 -23"><span class='ocrx_word' id='word_1_169' title='bbox 130 2148 220 2211; x_wconf 76' lang='lat' dir='ltr'><strong>LXX</strong></span> <span class='ocrx_word' id='word_1_170' title='bbox 237 2146 336 2234; x_wconf 72' lang='lat' dir='ltr'><strong>Vulq.</strong></span> <span class='ocrx_word' id='word_1_171' title='bbox 354 2147 434 2234; x_wconf 70' lang='lat' dir='ltr'><strong>Syr.</strong></span> <span class='ocrx_word' id='word_1_172' title='bbox 453 2151 543 2213; x_wconf 90' lang='lat' dir='ltr'><strong>recte</strong></span> <span class='ocrx_word' id='word_1_173' title='bbox 559 2140 754 2234; x_wconf 75' lang='lat' dir='ltr'><strong>exprimunt</strong></span> <span class='ocrx_word' id='word_1_174' title='bbox 778 2148 872 2213; x_wconf 84' lang='lat' dir='ltr'><strong>Sam.</strong></span> <span class='ocrx_word' id='word_1_175' title='bbox 898 2144 1019 2211; x_wconf 78' lang='lat' dir='ltr'><strong>Theod.</strong></span> <span class='ocrx_word' id='word_1_176' title='bbox 1042 2143 1160 2212; x_wconf 81' lang='lat' dir='ltr'><strong>Chald.</strong></span> <span class='ocrx_word' id='word_1_177' title='bbox 1182 2165 1189 2210; x_wconf 76' lang='grc' dir='ltr'>ε</span> <span class='ocrx_word' id='word_1_178' title='bbox 1210 2145 1302 2230; x_wconf 84' lang='lat' dir='ltr'><strong>Fuit,</strong></span> <span class='ocrx_word' id='word_1_179' title='bbox 1320 2145 1442 2212; x_wconf 90' lang='lat' dir='ltr'><strong>consti·</strong></span> 
     </span>
     <span class='ocr_line' id='line_1_19' title="bbox 129 2250 1441 2340; baseline 0 -23"><span class='ocrx_word' id='word_1_180' title='bbox 129 2256 222 2318; x_wconf 93' lang='lat' dir='ltr'><strong>tutus</strong></span> <span class='ocrx_word' id='word_1_181' title='bbox 241 2258 291 2319; x_wconf 88' lang='lat' dir='ltr'><strong>cst</strong></span> <span class='ocrx_word' id='word_1_182' title='bbox 315 2259 349 2319; x_wconf 91' lang='lat' dir='ltr'><strong>ct</strong></span> <span class='ocrx_word' id='word_1_183' title='bbox 372 2259 622 2340; x_wconf 88' lang='lat' dir='ltr'><strong>consequenter</strong></span> <span class='ocrx_word' id='word_1_184' title='bbox 636 2275 728 2318; x_wconf 91' lang='lat' dir='ltr'><strong>nunc</strong></span> <span class='ocrx_word' id='word_1_185' title='bbox 742 2265 802 2318; x_wconf 80' lang='lat' dir='ltr'><strong>est.</strong></span> <span class='ocrx_word' id='word_1_186' title='bbox 828 2257 900 2317; x_wconf 89' lang='lat' dir='ltr'><strong>Non</strong></span> <span class='ocrx_word' id='word_1_187' title='bbox 920 2251 1036 2337; x_wconf 89' lang='lat' dir='ltr'><strong>agitur</strong></span> <span class='ocrx_word' id='word_1_188' title='bbox 1056 2251 1099 2317; x_wconf 93' lang='lat' dir='ltr'><strong>de</strong></span> <span class='ocrx_word' id='word_1_189' title='bbox 1123 2272 1231 2336; x_wconf 84' lang='lat' dir='ltr'><strong>regno</strong></span> <span class='ocrx_word' id='word_1_190' title='bbox 1254 2250 1441 2340; x_wconf 88' lang='lat' dir='ltr'><strong>aliquando</strong></span> 
     </span>
     <span class='ocr_line' id='line_1_20' title="bbox 129 2347 1442 2447; baseline 0.002 -25"><span class='ocrx_word' id='word_1_191' title='bbox 129 2357 350 2436; x_wconf 67' lang='lat' dir='ltr'><strong>instituenda</strong></span> <span class='ocrx_word' id='word_1_192' title='bbox 372 2357 432 2424; x_wconf 88' lang='lat' dir='ltr'><strong>sed</strong></span> <span class='ocrx_word' id='word_1_193' title='bbox 447 2358 489 2423; x_wconf 89' lang='lat' dir='ltr'><strong>dc</strong></span> <span class='ocrx_word' id='word_1_194' title='bbox 510 2380 617 2444; x_wconf 89' lang='lat' dir='ltr'><strong>regno</strong></span> <span class='ocrx_word' id='word_1_195' title='bbox 636 2359 749 2440; x_wconf 84' lang='lat' dir='ltr'><strong>lehre,</strong></span> <span class='ocrx_word' id='word_1_196' title='bbox 768 2358 828 2447; x_wconf 91' lang='lat' dir='ltr'><strong>qui</strong></span> <span class='ocrx_word' id='word_1_197' title='bbox 842 2358 910 2424; x_wconf 90' lang='lat' dir='ltr'><strong>iam</strong></span> <span class='ocrx_word' id='word_1_198' title='bbox 926 2358 963 2423; x_wconf 92' lang='lat' dir='ltr'><strong>in</strong></span> <span class='ocrx_word' id='word_1_199' title='bbox 977 2347 1091 2424; x_wconf 79' lang='lat' dir='ltr'><strong>medio</strong></span> <span class='ocrx_word' id='word_1_200' title='bbox 1106 2356 1227 2446; x_wconf 91' lang='lat' dir='ltr'><strong>populi</strong></span> <span class='ocrx_word' id='word_1_201' title='bbox 1242 2358 1293 2423; x_wconf 91' lang='lat' dir='ltr'><strong>sui</strong></span> <span class='ocrx_word' id='word_1_202' title='bbox 1309 2356 1442 2424; x_wconf 89' lang='lat' dir='ltr'><strong>habitat</strong></span> 
     </span>
     <span class='ocr_line' id='line_1_21' title="bbox 130 2464 1439 2553; baseline 0.002 -25"><span class='ocrx_word' id='word_1_203' title='bbox 130 2470 305 2552; x_wconf 88' lang='lat' dir='ltr'><strong>tamquam</strong></span> <span class='ocrx_word' id='word_1_204' title='bbox 337 2486 405 2531; x_wconf 80' lang='lat' dir='ltr'><strong>rex.</strong></span> <span class='ocrx_word' id='word_1_205' title='bbox 435 2469 540 2529; x_wconf 87' lang='lat' dir='ltr'><strong>Porro</strong></span> <span class='ocrx_word' id='word_1_206' title='bbox 564 2486 626 2552; x_wconf 89' lang='lat' dir='ltr'><strong>per</strong></span> <span class='ocrx_word' id='word_1_207' title='bbox 658 2478 744 2553; x_wconf 59' lang='lat' dir='ltr'><strong>prr*</strong></span> <span class='ocrx_word' id='word_1_208' title='bbox 773 2464 920 2549; x_wconf 83' lang='lat' dir='ltr'><strong>intelligi</strong></span> <span class='ocrx_word' id='word_1_209' title='bbox 945 2464 1102 2530; x_wconf 88' lang='lat' dir='ltr'><strong>lsraelem</strong></span> <span class='ocrx_word' id='word_1_210' title='bbox 1127 2464 1232 2529; x_wconf 86' lang='lat' dir='ltr'><strong>babes</strong></span> <span class='ocrx_word' id='word_1_211' title='bbox 1262 2484 1301 2528; x_wconf 81' lang='lat' dir='ltr'><strong>ex</strong></span> <span class='ocrx_word' id='word_1_212' title='bbox 1325 2470 1439 2537; x_wconf 58' lang='lat'>3215.</span> 
     </span>
     <span class='ocr_line' id='line_1_22' title="bbox 130 2571 1441 2658; baseline 0.001 -24"><span class='ocrx_word' id='word_1_213' title='bbox 130 2574 247 2637; x_wconf 82' lang='lat' dir='ltr'><strong>Factus</strong></span> <span class='ocrx_word' id='word_1_214' title='bbox 273 2575 321 2634; x_wconf 93' lang='lat' dir='ltr'><strong>est</strong></span> <span class='ocrx_word' id='word_1_215' title='bbox 344 2576 458 2636; x_wconf 91' lang='lat' dir='ltr'><strong>autem</strong></span> <span class='ocrx_word' id='word_1_216' title='bbox 481 2571 582 2636; x_wconf 88' lang='lat' dir='ltr'><strong>lahve</strong></span> <span class='ocrx_word' id='word_1_217' title='bbox 607 2592 677 2653; x_wconf 84' lang='lat' dir='ltr'><strong>rex,</strong></span> <span class='ocrx_word' id='word_1_218' title='bbox 700 2593 763 2658; x_wconf 91' lang='lat' dir='ltr'><strong>pro</strong></span> <span class='ocrx_word' id='word_1_219' title='bbox 786 2592 867 2655; x_wconf 84' lang='lat' dir='ltr'><strong>rego</strong></span> <span class='ocrx_word' id='word_1_220' title='bbox 897 2576 1091 2657; x_wconf 87' lang='lat' dir='ltr'><strong>acceptatus</strong></span> <span class='ocrx_word' id='word_1_221' title='bbox 1115 2575 1164 2636; x_wconf 88' lang='lat' dir='ltr'><strong>est</strong></span> <span class='ocrx_word' id='word_1_222' title='bbox 1185 2596 1202 2629; x_wconf 89' lang='lat'>«</span> <span class='ocrx_word' id='word_1_223' title='bbox 1223 2571 1441 2657; x_wconf 55' lang='lat' dir='ltr'><strong>congregaris</strong></span> 
     </span>
     <span class='ocr_line' id='line_1_23' title="bbox 127 2674 1441 2765; baseline 0 -25"><span class='ocrx_word' id='word_1_224' title='bbox 127 2674 342 2765; x_wconf 75' lang='lat' dir='ltr'><strong>principibus</strong></span> <span class='ocrx_word' id='word_1_225' title='bbox 356 2675 570 2764; x_wconf 80' lang='lat' dir='ltr'><strong>populicum</strong></span> <span class='ocrx_word' id='word_1_226' title='bbox 586 2675 740 2741; x_wconf 81' lang='lat' dir='ltr'><strong>tribubus</strong></span> <span class='ocrx_word' id='word_1_227' title='bbox 759 2675 868 2742; x_wconf 83' lang='lat' dir='ltr'><strong>Israel</strong></span> <span class='ocrx_word' id='word_1_228' title='bbox 887 2703 920 2755; x_wconf 87' lang='lat'><strong>»‚</strong></span> <span class='ocrx_word' id='word_1_229' title='bbox 938 2696 1016 2740; x_wconf 92' lang='lat' dir='ltr'><strong>cum</strong></span> <span class='ocrx_word' id='word_1_230' title='bbox 1037 2674 1089 2740; x_wconf 88' lang='lat' dir='ltr'><strong>illi</strong></span> <span class='ocrx_word' id='word_1_231' title='bbox 1112 2697 1146 2740; x_wconf 89' lang='lat' dir='ltr'><strong>se</strong></span> <span class='ocrx_word' id='word_1_232' title='bbox 1163 2675 1383 2742; x_wconf 88' lang='lat' dir='ltr'><strong>contulissent</strong></span> <span class='ocrx_word' id='word_1_233' title='bbox 1398 2676 1441 2741; x_wconf 92' lang='lat' dir='ltr'><strong>ad</strong></span> 
     </span>
     <span class='ocr_line' id='line_1_24' title="bbox 131 2780 1443 2864; baseline 0 -17"><span class='ocrx_word' id='word_1_234' title='bbox 131 2789 281 2848; x_wconf 89' lang='lat' dir='ltr'><strong>montem</strong></span> <span class='ocrx_word' id='word_1_235' title='bbox 296 2781 400 2864; x_wconf 80' lang='lat' dir='ltr'><strong>sinai,</strong></span> <span class='ocrx_word' id='word_1_236' title='bbox 417 2781 523 2848; x_wconf 91' lang='lat' dir='ltr'><strong>ibide</strong></span> <span class='ocrx_word' id='word_1_237' title='bbox 539 2781 682 2848; x_wconf 82' lang='lat' dir='ltr'><strong>solemni</strong></span> <span class='ocrx_word' id='word_1_238' title='bbox 698 2781 836 2847; x_wconf 89' lang='lat' dir='ltr'><strong>foedere</strong></span> <span class='ocrx_word' id='word_1_239' title='bbox 852 2803 927 2848; x_wconf 92' lang='lat' dir='ltr'><strong>cum</strong></span> <span class='ocrx_word' id='word_1_240' title='bbox 950 2782 1051 2847; x_wconf 88' lang='lat' dir='ltr'><strong>lahve</strong></span> <span class='ocrx_word' id='word_1_241' title='bbox 1069 2782 1195 2860; x_wconf 88' lang='lat' dir='ltr'><strong>acturi;</strong></span> <span class='ocrx_word' id='word_1_242' title='bbox 1220 2782 1264 2848; x_wconf 91' lang='lat' dir='ltr'><strong>ab</strong></span> <span class='ocrx_word' id='word_1_243' title='bbox 1282 2780 1443 2849; x_wconf 89' lang='lat' dir='ltr'><strong>omnibus</strong></span> 
     </span>
    </p>
   </div>
   <div class='ocr_carea' id='block_1_5' title="bbox 129 2874 1600 2977">
    <p class='ocr_par' dir='ltr' id='par_1_5' title="bbox 129 2874 1600 2977">
     <span class='ocr_line' id='line_1_25' title="bbox 129 2874 1600 2977; baseline 0.001 -25"><span class='ocrx_word' id='word_1_244' title='bbox 129 2888 178 2953; x_wconf 90' lang='lat' dir='ltr'><strong>ibi</strong></span> <span class='ocrx_word' id='word_1_245' title='bbox 193 2887 300 2955; x_wconf 87' lang='lat' dir='ltr'><strong>libore</strong></span> <span class='ocrx_word' id='word_1_246' title='bbox 315 2887 579 2974; x_wconf 81' lang='lat' dir='ltr'><strong>agnoscebatur,</strong></span> <span class='ocrx_word' id='word_1_247' title='bbox 603 2910 685 2974; x_wconf 87' lang='lat' dir='ltr'><strong>ergo</strong></span> <span class='ocrx_word' id='word_1_248' title='bbox 711 2889 937 2954; x_wconf 90' lang='lat' dir='ltr'><strong>certissimum</strong></span> <span class='ocrx_word' id='word_1_249' title='bbox 952 2887 1024 2954; x_wconf 90' lang='lat' dir='ltr'><strong>eius</strong></span> <span class='ocrx_word' id='word_1_250' title='bbox 1050 2888 1114 2954; x_wconf 85' lang='lat' dir='ltr'><strong>ius.</strong></span> <span class='ocrx_word' id='word_1_251' title='bbox 1133 2888 1191 2953; x_wconf 82' lang='lat' dir='ltr'><strong>Vel</strong></span> <span class='ocrx_word' id='word_1_252' title='bbox 1213 2888 1346 2977; x_wconf 85' lang='lat' dir='ltr'><strong>potius,</strong></span> <span class='ocrx_word' id='word_1_253' title='bbox 1365 2910 1442 2956; x_wconf 91' lang='lat' dir='ltr'><strong>cum</strong></span> <span class='ocrx_word' id='word_1_254' title='bbox 1521 2952 1524 2961; x_wconf 84' lang='grc'>,</span> <span class='ocrx_word' id='word_1_255' title='bbox 1593 2874 1600 2889; x_wconf 76' lang='grc'>’</span> 
     </span>
    </p>
   </div>
   <div class='ocr_carea' id='block_1_6' title="bbox 126 2993 1530 4144">
    <p class='ocr_par' dir='ltr' id='par_1_6' title="bbox 126 2993 1530 4144">
     <span class='ocr_line' id='line_1_26' title="bbox 128 2993 1443 3085; baseline 0.002 -26"><span class='ocrx_word' id='word_1_256' title='bbox 128 3017 161 3060; x_wconf 88' lang='lat' dir='ltr'><strong>v.</strong></span> <span class='ocrx_word' id='word_1_257' title='bbox 182 3000 202 3059; x_wconf 80' lang='lat'><strong>=2</strong></span> <span class='ocrx_word' id='word_1_258' title='bbox 224 3016 274 3083; x_wconf 88' lang='lat' dir='ltr'><strong>sq.</strong></span> <span class='ocrx_word' id='word_1_259' title='bbox 299 2994 367 3060; x_wconf 86' lang='lat' dir='ltr'><strong>iam</strong></span> <span class='ocrx_word' id='word_1_260' title='bbox 390 2993 578 3078; x_wconf 86' lang='lat' dir='ltr'><strong>habeamus</strong></span> <span class='ocrx_word' id='word_1_261' title='bbox 594 2995 763 3083; x_wconf 90' lang='lat' dir='ltr'><strong>populum</strong></span> <span class='ocrx_word' id='word_1_262' title='bbox 783 3018 803 3061; x_wconf 96' lang='lat' dir='ltr'><strong>a</strong></span> <span class='ocrx_word' id='word_1_263' title='bbox 820 2993 915 3060; x_wconf 84' lang='lat' dir='ltr'><strong>Sinai</strong></span> <span class='ocrx_word' id='word_1_264' title='bbox 935 2993 1100 3061; x_wconf 86' lang='lat' dir='ltr'><strong>Cadesam</strong></span> <span class='ocrx_word' id='word_1_265' title='bbox 1115 2993 1308 3076; x_wconf 91' lang='lat' dir='ltr'><strong>devectum,</strong></span> <span class='ocrx_word' id='word_1_266' title='bbox 1323 2994 1443 3085; x_wconf 83' lang='lat' dir='ltr'><strong>ibique</strong></span> 
     </span>
     <span class='ocr_line' id='line_1_27' title="bbox 129 3100 1443 3191; baseline 0.001 -24"><span class='ocrx_word' id='word_1_267' title='bbox 129 3106 205 3190; x_wconf 90' lang='lat' dir='ltr'><strong>post</strong></span> <span class='ocrx_word' id='word_1_268' title='bbox 222 3102 425 3191; x_wconf 87' lang='lat' dir='ltr'><strong>apostasiam</strong></span> <span class='ocrx_word' id='word_1_269' title='bbox 446 3101 570 3168; x_wconf 88' lang='lat' dir='ltr'><strong>labvae</strong></span> <span class='ocrx_word' id='word_1_270' title='bbox 587 3100 861 3181; x_wconf 90' lang='lat' dir='ltr'><strong>reconciliatum,</strong></span> <span class='ocrx_word' id='word_1_271' title='bbox 877 3123 1024 3190; x_wconf 86' lang='lat' dir='ltr'><strong>cumque</strong></span> <span class='ocrx_word' id='word_1_272' title='bbox 1044 3123 1077 3168; x_wconf 87' lang='lat' dir='ltr'><strong>v.</strong></span> <span class='ocrx_word' id='word_1_273' title='bbox 1100 3108 1118 3168; x_wconf 78' lang='lat' dir='ltr'><strong>t</strong></span> <span class='ocrx_word' id='word_1_274' title='bbox 1141 3100 1330 3168; x_wconf 90' lang='lat' dir='ltr'><strong>habeamus</strong></span> <span class='ocrx_word' id='word_1_275' title='bbox 1344 3123 1443 3168; x_wconf 88' lang='lat' dir='ltr'><strong>merr-</strong></span> 
     </span>
     <span class='ocr_line' id='line_1_28' title="bbox 128 3206 1440 3298; baseline 0.002 -25"><span class='ocrx_word' id='word_1_276' title='bbox 128 3206 256 3274; x_wconf 89' lang='lat' dir='ltr'><strong>tionem</strong></span> <span class='ocrx_word' id='word_1_277' title='bbox 271 3208 391 3274; x_wconf 92' lang='lat' dir='ltr'><strong>thorae</strong></span> <span class='ocrx_word' id='word_1_278' title='bbox 411 3215 581 3298; x_wconf 79' lang='lat' dir='ltr'><strong>postcom</strong></span> <span class='ocrx_word' id='word_1_279' title='bbox 605 3207 919 3275; x_wconf 86' lang='lat' dir='ltr'><strong>reconciliationem</strong></span> <span class='ocrx_word' id='word_1_280' title='bbox 942 3208 1072 3297; x_wconf 90' lang='lat' dir='ltr'><strong>populo</strong></span> <span class='ocrx_word' id='word_1_281' title='bbox 1093 3207 1232 3274; x_wconf 85' lang='lat' dir='ltr'><strong>tandem</strong></span> <span class='ocrx_word' id='word_1_282' title='bbox 1252 3230 1440 3288; x_wconf 85' lang='lat' dir='ltr'><strong>concessae,</strong></span> 
     </span>
     <span class='ocr_line' id='line_1_29' title="bbox 129 3314 1442 3402; baseline 0.001 -24"><span class='ocrx_word' id='word_1_283' title='bbox 129 3315 256 3379; x_wconf 78' lang='lat' dir='ltr'><strong>reseras</strong></span> <span class='ocrx_word' id='word_1_284' title='bbox 271 3315 377 3380; x_wconf 85' lang='lat' dir='ltr'><strong>rerba</strong></span> <span class='ocrx_word' id='word_1_285' title='bbox 391 3337 459 3381; x_wconf 92' lang='lat' dir='ltr'><strong>uon</strong></span> <span class='ocrx_word' id='word_1_286' title='bbox 481 3315 525 3380; x_wconf 85' lang='lat' dir='ltr'><strong>ad</strong></span> <span class='ocrx_word' id='word_1_287' title='bbox 549 3320 624 3381; x_wconf 86' lang='lat' dir='ltr'><strong>acta</strong></span> <span class='ocrx_word' id='word_1_288' title='bbox 644 3316 735 3402; x_wconf 87' lang='lat' dir='ltr'><strong>apud</strong></span> <span class='ocrx_word' id='word_1_289' title='bbox 752 3314 855 3393; x_wconf 87' lang='lat' dir='ltr'><strong>Sinai,</strong></span> <span class='ocrx_word' id='word_1_290' title='bbox 873 3314 933 3378; x_wconf 85' lang='lat' dir='ltr'><strong>sed</strong></span> <span class='ocrx_word' id='word_1_291' title='bbox 953 3314 996 3378; x_wconf 89' lang='lat' dir='ltr'><strong>ad</strong></span> <span class='ocrx_word' id='word_1_292' title='bbox 1019 3314 1331 3381; x_wconf 87' lang='lat' dir='ltr'><strong>reconciliationem</strong></span> <span class='ocrx_word' id='word_1_293' title='bbox 1346 3315 1442 3379; x_wconf 87' lang='lat' dir='ltr'><strong>cadc-</strong></span> 
     </span>
     <span class='ocr_line' id='line_1_30' title="bbox 129 3417 1442 3507; baseline -0.001 -23"><span class='ocrx_word' id='word_1_294' title='bbox 129 3420 257 3484; x_wconf 88' lang='lat' dir='ltr'><strong>sianam</strong></span> <span class='ocrx_word' id='word_1_295' title='bbox 282 3420 496 3507; x_wconf 84' lang='lat' dir='ltr'><strong>foederisque</strong></span> <span class='ocrx_word' id='word_1_296' title='bbox 522 3420 771 3485; x_wconf 89' lang='lat' dir='ltr'><strong>restitutionem</strong></span> <span class='ocrx_word' id='word_1_297' title='bbox 798 3440 804 3484; x_wconf 91' lang='lat'>:</span> <span class='ocrx_word' id='word_1_298' title='bbox 832 3417 972 3507; x_wconf 81' lang='lat' dir='ltr'><strong>quando</strong></span> <span class='ocrx_word' id='word_1_299' title='bbox 994 3418 1028 3482; x_wconf 79' lang='lat' dir='ltr'><strong>in</strong></span> <span class='ocrx_word' id='word_1_300' title='bbox 1057 3440 1165 3483; x_wconf 73' lang='lat' dir='ltr'><strong>cerrum</strong></span> <span class='ocrx_word' id='word_1_301' title='bbox 1194 3418 1342 3484; x_wconf 66' lang='lat' dir='ltr'><strong>attentati</strong></span> <span class='ocrx_word' id='word_1_302' title='bbox 1363 3432 1442 3484; x_wconf 66' lang='lat' dir='ltr'><strong>..aurit</strong></span> 
     </span>
     <span class='ocr_line' id='line_1_31' title="bbox 126 3523 1442 3613; baseline 0.002 -25"><span class='ocrx_word' id='word_1_303' title='bbox 126 3523 297 3613; x_wconf 76' lang='lat' dir='ltr'><strong>principes</strong></span> <span class='ocrx_word' id='word_1_304' title='bbox 320 3525 457 3613; x_wconf 66' lang='lat' dir='ltr'><strong>propitii,</strong></span> <span class='ocrx_word' id='word_1_305' title='bbox 486 3527 545 3612; x_wconf 91' lang='lat' dir='ltr'><strong>qui</strong></span> <span class='ocrx_word' id='word_1_306' title='bbox 574 3530 676 3591; x_wconf 85' lang='lat' dir='ltr'><strong>antea</strong></span> <span class='ocrx_word' id='word_1_307' title='bbox 703 3526 738 3589; x_wconf 92' lang='lat' dir='ltr'><strong>in</strong></span> <span class='ocrx_word' id='word_1_308' title='bbox 766 3524 929 3590; x_wconf 82' lang='lat' dir='ltr'><strong>lectiones</strong></span> <span class='ocrx_word' id='word_1_309' title='bbox 957 3526 1095 3590; x_wconf 87' lang='lat' dir='ltr'><strong>fuerant</strong></span> <span class='ocrx_word' id='word_1_310' title='bbox 1123 3524 1239 3604; x_wconf 88' lang='lat' dir='ltr'><strong>divisi,</strong></span> <span class='ocrx_word' id='word_1_311' title='bbox 1267 3524 1442 3590; x_wconf 72' lang='lat' dir='ltr'><strong>ruricorsac</strong></span> 
     </span>
     <span class='ocr_line' id='line_1_32' title="bbox 131 3629 1443 3720; baseline 0.002 -25"><span class='ocrx_word' id='word_1_312' title='bbox 131 3630 239 3696; x_wconf 82' lang='lat' dir='ltr'><strong>tribus</strong></span> <span class='ocrx_word' id='word_1_313' title='bbox 253 3630 369 3697; x_wconf 80' lang='lat' dir='ltr'><strong>lsrael.</strong></span> <span class='ocrx_word' id='word_1_314' title='bbox 389 3635 451 3696; x_wconf 89' lang='lat' dir='ltr'><strong>Per</strong></span> <span class='ocrx_word' id='word_1_315' title='bbox 466 3632 669 3720; x_wconf 86' lang='lat' dir='ltr'><strong>apostasiam</strong></span> <span class='ocrx_word' id='word_1_316' title='bbox 685 3632 880 3698; x_wconf 83' lang='lat' dir='ltr'><strong>obiecerant</strong></span> <span class='ocrx_word' id='word_1_317' title='bbox 895 3630 1024 3697; x_wconf 90' lang='lat' dir='ltr'><strong>lahveu</strong></span> <span class='ocrx_word' id='word_1_318' title='bbox 1039 3653 1152 3720; x_wconf 69' lang='lat' dir='ltr'><strong>regem</strong></span> <span class='ocrx_word' id='word_1_319' title='bbox 1166 3629 1307 3719; x_wconf 89' lang='lat' dir='ltr'><strong>eiusque</strong></span> <span class='ocrx_word' id='word_1_320' title='bbox 1324 3630 1443 3697; x_wconf 87' lang='lat' dir='ltr'><strong>loedus</strong></span> 
     </span>
     <span class='ocr_line' id='line_1_33' title="bbox 129 3730 1530 3824; baseline 0 -21"><span class='ocrx_word' id='word_1_321' title='bbox 129 3736 324 3804; x_wconf 88' lang='lat' dir='ltr'><strong>sinaiticum</strong></span> <span class='ocrx_word' id='word_1_322' title='bbox 344 3737 587 3804; x_wconf 87' lang='lat' dir='ltr'><strong>abdicaverant</strong></span> <span class='ocrx_word' id='word_1_323' title='bbox 606 3758 612 3804; x_wconf 92' lang='lat'>:</span> <span class='ocrx_word' id='word_1_324' title='bbox 634 3739 669 3804; x_wconf 95' lang='lat' dir='ltr'><strong>in</strong></span> <span class='ocrx_word' id='word_1_325' title='bbox 686 3737 964 3804; x_wconf 88' lang='lat' dir='ltr'><strong>reconciliatione</strong></span> <span class='ocrx_word' id='word_1_326' title='bbox 981 3759 1115 3804; x_wconf 90' lang='lat' dir='ltr'><strong>rursum</strong></span> <span class='ocrx_word' id='word_1_327' title='bbox 1132 3730 1257 3804; x_wconf 81' lang='lat' dir='ltr'><strong>lalivcn</strong></span> <span class='ocrx_word' id='word_1_328' title='bbox 1271 3760 1442 3824; x_wconf 86' lang='lat' dir='ltr'><strong>agnovero</strong></span> <span class='ocrx_word' id='word_1_329' title='bbox 1525 3792 1530 3803; x_wconf 91' lang='lat'>.</span> 
     </span>
     <span class='ocr_line' id='line_1_34' title="bbox 131 3843 1443 3933; baseline 0 -25"><span class='ocrx_word' id='word_1_330' title='bbox 131 3866 257 3933; x_wconf 71' lang='lat' dir='ltr'><strong>repom,</strong></span> <span class='ocrx_word' id='word_1_331' title='bbox 283 3848 317 3909; x_wconf 90' lang='lat' dir='ltr'><strong>ct</strong></span> <span class='ocrx_word' id='word_1_332' title='bbox 334 3843 465 3909; x_wconf 76' lang='lat' dir='ltr'><strong>tltoram</strong></span> <span class='ocrx_word' id='word_1_333' title='bbox 491 3844 637 3910; x_wconf 87' lang='lat' dir='ltr'><strong>restituti</strong></span> <span class='ocrx_word' id='word_1_334' title='bbox 659 3844 806 3911; x_wconf 84' lang='lat' dir='ltr'><strong>foederis</strong></span> <span class='ocrx_word' id='word_1_335' title='bbox 826 3845 1068 3910; x_wconf 89' lang='lat' dir='ltr'><strong>documentum</strong></span> <span class='ocrx_word' id='word_1_336' title='bbox 1090 3866 1263 3933; x_wconf 83' lang='lat' dir='ltr'><strong>accepero.</strong></span> <span class='ocrx_word' id='word_1_337' title='bbox 1287 3850 1443 3931; x_wconf 79' lang='lat' dir='ltr'><strong>Aequum</strong></span> 
     </span>
     <span class='ocr_line' id='line_1_35' title="bbox 131 3950 1442 4040; baseline -0.001 -24"><span class='ocrx_word' id='word_1_338' title='bbox 131 3951 285 4039; x_wconf 90' lang='lat' dir='ltr'><strong>prolecto</strong></span> <span class='ocrx_word' id='word_1_339' title='bbox 301 3956 385 4031; x_wconf 87' lang='lat' dir='ltr'><strong>erat,</strong></span> <span class='ocrx_word' id='word_1_340' title='bbox 410 3955 448 4017; x_wconf 91' lang='lat' dir='ltr'><strong>ut</strong></span> <span class='ocrx_word' id='word_1_341' title='bbox 470 3973 540 4032; x_wconf 83' lang='lat' dir='ltr'><strong>rer,</strong></span> <span class='ocrx_word' id='word_1_342' title='bbox 560 3950 619 4040; x_wconf 90' lang='lat' dir='ltr'><strong>qui</strong></span> <span class='ocrx_word' id='word_1_343' title='bbox 639 3951 791 4016; x_wconf 87' lang='lat' dir='ltr'><strong>abiectus</strong></span> <span class='ocrx_word' id='word_1_344' title='bbox 806 3950 955 4040; x_wconf 89' lang='lat' dir='ltr'><strong>primum</strong></span> <span class='ocrx_word' id='word_1_345' title='bbox 981 3956 1066 4016; x_wconf 87' lang='lat' dir='ltr'><strong>essct</strong></span> <span class='ocrx_word' id='word_1_346' title='bbox 1083 3972 1121 4015; x_wconf 88' lang='lat' dir='ltr'><strong>ac</strong></span> <span class='ocrx_word' id='word_1_347' title='bbox 1138 3956 1253 4039; x_wconf 89' lang='lat' dir='ltr'><strong>postea</strong></span> <span class='ocrx_word' id='word_1_348' title='bbox 1273 3957 1442 4038; x_wconf 92' lang='lat' dir='ltr'><strong>receptus,</strong></span> 
     </span>
     <span class='ocr_line' id='line_1_36' title="bbox 133 4056 1309 4144; baseline 0.003 -23"><span class='ocrx_word' id='word_1_349' title='bbox 133 4057 366 4144; x_wconf 88' lang='lat' dir='ltr'><strong>redintegrato</strong></span> <span class='ocrx_word' id='word_1_350' title='bbox 381 4056 511 4123; x_wconf 78' lang='lat' dir='ltr'><strong>foederi</strong></span> <span class='ocrx_word' id='word_1_351' title='bbox 524 4057 593 4123; x_wconf 90' lang='lat' dir='ltr'><strong>iam</strong></span> <span class='ocrx_word' id='word_1_352' title='bbox 608 4057 803 4124; x_wconf 89' lang='lat' dir='ltr'><strong>adnecteret</strong></span> <span class='ocrx_word' id='word_1_353' title='bbox 813 4056 1091 4123; x_wconf 73' lang='lat' dir='ltr'><strong>inolerlictionem</strong></span> <span class='ocrx_word' id='word_1_354' title='bbox 1107 4057 1309 4144; x_wconf 67' lang='lat' dir='ltr'><strong>(aaran).</strong></span> 
     </span>
    </p>
   </div>
   <div class='ocr_carea' id='block_1_7' title="bbox 131 4265 1442 4617">
    <p class='ocr_par' dir='ltr' id='par_1_7' title="bbox 131 4265 1442 4617">
     <span class='ocr_line' id='line_1_37' title="bbox 166 4265 1442 4329; baseline 0 -14"><span class='ocrx_word' id='word_1_355' title='bbox 166 4281 192 4315; x_wconf 89' lang='lat' dir='ltr'><strong>v.</strong></span> <span class='ocrx_word' id='word_1_356' title='bbox 211 4265 225 4315; x_wconf 77' lang='lat' dir='ltr'><strong>t</strong></span> <span class='ocrx_word' id='word_1_357' title='bbox 243 4271 348 4321; x_wconf 65' lang='lat' dir='ltr'><strong>annun</strong></span> <span class='ocrx_word' id='word_1_358' title='bbox 365 4267 454 4328; x_wconf 88' lang='lat' dir='ltr'><strong>iuquit</strong></span> <span class='ocrx_word' id='word_1_359' title='bbox 470 4268 525 4321; x_wconf 64' lang='lat' dir='ltr'><strong>Dr„</strong></span> <span class='ocrx_word' id='word_1_360' title='bbox 547 4278 628 4316; x_wconf 87' lang='lat' dir='ltr'><strong>secus</strong></span> <span class='ocrx_word' id='word_1_361' title='bbox 648 4267 738 4316; x_wconf 87' lang='lat' dir='ltr'><strong>solum</strong></span> <span class='ocrx_word' id='word_1_362' title='bbox 763 4267 909 4317; x_wconf 86' lang='lat' dir='ltr'><strong>adhibetur</strong></span> <span class='ocrx_word' id='word_1_363' title='bbox 929 4266 963 4315; x_wconf 87' lang='lat' dir='ltr'><strong>dc</strong></span> <span class='ocrx_word' id='word_1_364' title='bbox 985 4268 1164 4329; x_wconf 85' lang='lat' dir='ltr'><strong>possessione</strong></span> <span class='ocrx_word' id='word_1_365' title='bbox 1182 4273 1269 4316; x_wconf 85' lang='lat' dir='ltr'><strong>terrae</strong></span> <span class='ocrx_word' id='word_1_366' title='bbox 1286 4280 1291 4314; x_wconf 95' lang='lat'>:</span> <span class='ocrx_word' id='word_1_367' title='bbox 1310 4265 1361 4316; x_wconf 81' lang='lat' dir='ltr'><strong>Er.</strong></span> <span class='ocrx_word' id='word_1_368' title='bbox 1383 4266 1442 4323; x_wconf 79' lang='lat' dir='ltr'><strong>a.8;</strong></span> 
     </span>
     <span class='ocr_line' id='line_1_38' title="bbox 131 4335 1441 4418; baseline 0 -17"><span class='ocrx_word' id='word_1_369' title='bbox 131 4352 178 4404; x_wconf 82' lang='lat' dir='ltr'><strong>Er.</strong></span> <span class='ocrx_word' id='word_1_370' title='bbox 195 4354 282 4416; x_wconf 77' lang='lat' dir='ltr'><strong>tt‚l:&#39;›;</strong></span> <span class='ocrx_word' id='word_1_371' title='bbox 302 4353 422 4413; x_wconf 71' lang='lat' dir='ltr'><strong>¹25,t.10;</strong></span> <span class='ocrx_word' id='word_1_372' title='bbox 437 4353 669 4415; x_wconf 79' lang='lat' dir='ltr'><strong>33,r-l;36,r.3.5;</strong></span> <span class='ocrx_word' id='word_1_373' title='bbox 681 4355 748 4404; x_wconf 91' lang='lat' dir='ltr'><strong>dum</strong></span> <span class='ocrx_word' id='word_1_374' title='bbox 764 4335 839 4410; x_wconf 58' lang='lat' dir='ltr'><strong>abu:</strong></span> <span class='ocrx_word' id='word_1_375' title='bbox 853 4356 937 4404; x_wconf 84' lang='lat' dir='ltr'><strong>eriam</strong></span> <span class='ocrx_word' id='word_1_376' title='bbox 953 4355 987 4404; x_wconf 88' lang='lat' dir='ltr'><strong>de</strong></span> <span class='ocrx_word' id='word_1_377' title='bbox 1002 4355 1064 4404; x_wconf 79' lang='lat' dir='ltr'><strong>aliis</strong></span> <span class='ocrx_word' id='word_1_378' title='bbox 1079 4354 1264 4418; x_wconf 81' lang='lat' dir='ltr'><strong>praedicatur,</strong></span> <span class='ocrx_word' id='word_1_379' title='bbox 1279 4354 1313 4405; x_wconf 86' lang='lat' dir='ltr'><strong>cl.</strong></span> <span class='ocrx_word' id='word_1_380' title='bbox 1330 4355 1375 4403; x_wconf 87' lang='lat' dir='ltr'><strong>Ps.</strong></span> <span class='ocrx_word' id='word_1_381' title='bbox 1394 4355 1441 4402; x_wconf 74' lang='lat' dir='ltr'><strong>llo</strong></span> 
     </span>
     <span class='ocr_line' id='line_1_39' title="bbox 132 4440 1441 4511; baseline 0.001 -23"><span class='ocrx_word' id='word_1_382' title='bbox 132 4440 156 4503; x_wconf 89' lang='lat' dir='ltr'><strong>(l</strong></span> <span class='ocrx_word' id='word_1_383' title='bbox 166 4441 231 4506; x_wconf 61' lang='lat' dir='ltr'><strong>luti</strong></span> <span class='ocrx_word' id='word_1_384' title='bbox 241 4443 281 4493; x_wconf 86' lang='lat' dir='ltr'><strong>tt.</strong></span> <span class='ocrx_word' id='word_1_385' title='bbox 298 4445 401 4494; x_wconf 83' lang='lat' dir='ltr'><strong>Tcxtus</strong></span> <span class='ocrx_word' id='word_1_386' title='bbox 416 4443 536 4494; x_wconf 79' lang='lat' dir='ltr'><strong>illisum</strong></span> <span class='ocrx_word' id='word_1_387' title='bbox 554 4446 646 4507; x_wconf 83' lang='lat' dir='ltr'><strong>pauci,</strong></span> <span class='ocrx_word' id='word_1_388' title='bbox 659 4448 743 4500; x_wconf 56' lang='lat' dir='ltr'><strong>utili:</strong></span> <span class='ocrx_word' id='word_1_389' title='bbox 759 4443 808 4493; x_wconf 91' lang='lat' dir='ltr'><strong>lob</strong></span> <span class='ocrx_word' id='word_1_390' title='bbox 826 4444 900 4495; x_wconf 60' lang='lat' dir='ltr'><strong>tall</strong></span> <span class='ocrx_word' id='word_1_391' title='bbox 921 4448 995 4494; x_wconf 89' lang='lat' dir='ltr'><strong>certe</strong></span> <span class='ocrx_word' id='word_1_392' title='bbox 1010 4457 1067 4494; x_wconf 89' lang='lat' dir='ltr'><strong>non</strong></span> <span class='ocrx_word' id='word_1_393' title='bbox 1084 4444 1119 4494; x_wconf 92' lang='lat' dir='ltr'><strong>de</strong></span> <span class='ocrx_word' id='word_1_394' title='bbox 1133 4450 1208 4494; x_wconf 88' lang='lat' dir='ltr'><strong>terra</strong></span> <span class='ocrx_word' id='word_1_395' title='bbox 1222 4445 1362 4511; x_wconf 84' lang='lat' dir='ltr'><strong>scribitur.¹</strong></span> <span class='ocrx_word' id='word_1_396' title='bbox 1379 4442 1441 4491; x_wconf 80' lang='lat' dir='ltr'><strong>Non</strong></span> 
     </span>
     <span class='ocr_line' id='line_1_40' title="bbox 131 4513 1441 4617; baseline 0.002 -40"><span class='ocrx_word' id='word_1_397' title='bbox 131 4540 199 4589; x_wconf 82' lang='lat' dir='ltr'><strong>ergo</strong></span> <span class='ocrx_word' id='word_1_398' title='bbox 214 4533 304 4581; x_wconf 86' lang='lat' dir='ltr'><strong>auslm</strong></span> <span class='ocrx_word' id='word_1_399' title='bbox 323 4535 351 4583; x_wconf 87' lang='lat' dir='ltr'><strong>h.</strong></span> <span class='ocrx_word' id='word_1_400' title='bbox 374 4533 392 4582; x_wconf 94' lang='lat' dir='ltr'><strong>l.</strong></span> <span class='ocrx_word' id='word_1_401' title='bbox 414 4537 519 4584; x_wconf 85' lang='lat' dir='ltr'><strong>textum</strong></span> <span class='ocrx_word' id='word_1_402' title='bbox 539 4534 699 4583; x_wconf 86' lang='lat' dir='ltr'><strong>emendare.</strong></span> <span class='ocrx_word' id='word_1_403' title='bbox 715 4561 749 4568; x_wconf 98' lang='lat'><em>-</em></span> <span class='ocrx_word' id='word_1_404' title='bbox 765 4532 842 4582; x_wconf 89' lang='lat' dir='ltr'><strong>ldcm</strong></span> <span class='ocrx_word' id='word_1_405' title='bbox 858 4538 953 4584; x_wconf 86' lang='lat' dir='ltr'><strong>monet</strong></span> <span class='ocrx_word' id='word_1_406' title='bbox 969 4533 1034 4584; x_wconf 87' lang='lat' dir='ltr'><strong>lem.</strong></span> <span class='ocrx_word' id='word_1_407' title='bbox 1055 4513 1138 4617; x_wconf 68' lang='lat' dir='ltr'><strong>nbnp</strong></span> <span class='ocrx_word' id='word_1_408' title='bbox 1154 4534 1244 4582; x_wconf 87' lang='lat' dir='ltr'><strong>sotum</strong></span> <span class='ocrx_word' id='word_1_409' title='bbox 1258 4533 1314 4594; x_wconf 81' lang='lat' dir='ltr'><strong>legi</strong></span> <span class='ocrx_word' id='word_1_410' title='bbox 1330 4532 1345 4580; x_wconf 73' lang='lat'><strong>‘2</strong></span> <span class='ocrx_word' id='word_1_411' title='bbox 1362 4529 1441 4580; x_wconf 86' lang='lat' dir='ltr'><strong>Esdr.</strong></span> 
     </span>
    </p>
   </div>
   <div class='ocr_carea' id='block_1_8' title="bbox 130 4617 1440 4761">
    <p class='ocr_par' dir='ltr' id='par_1_8' title="bbox 130 4617 1440 4761">
     <span class='ocr_line' id='line_1_41' title="bbox 132 4617 1440 4687; baseline 0.008 -22"><span class='ocrx_word' id='word_1_412' title='bbox 132 4617 176 4676; x_wconf 81' lang='lat'><strong>5,7</strong></span> <span class='ocrx_word' id='word_1_413' title='bbox 192 4630 197 4665; x_wconf 91' lang='lat'>:</span> <span class='ocrx_word' id='word_1_414' title='bbox 215 4622 337 4675; x_wconf 88' lang='lat' dir='ltr'><strong>omniuo.</strong></span> <span class='ocrx_word' id='word_1_415' title='bbox 354 4636 451 4672; x_wconf 84' lang='lat' dir='ltr'><strong>verum</strong></span> <span class='ocrx_word' id='word_1_416' title='bbox 464 4625 492 4671; x_wconf 92' lang='lat' dir='ltr'><strong>in</strong></span> <span class='ocrx_word' id='word_1_417' title='bbox 508 4627 584 4672; x_wconf 84' lang='lat' dir='ltr'><strong>textu</strong></span> <span class='ocrx_word' id='word_1_418' title='bbox 602 4624 628 4671; x_wconf 84' lang='lat' dir='ltr'><strong>tu</strong></span> <span class='ocrx_word' id='word_1_419' title='bbox 644 4623 770 4686; x_wconf 86' lang='lat' dir='ltr'><strong>pluribus</strong></span> <span class='ocrx_word' id='word_1_420' title='bbox 783 4622 939 4685; x_wconf 85' lang='lat' dir='ltr'><strong>deligurato</strong></span> <span class='ocrx_word' id='word_1_421' title='bbox 953 4635 1044 4687; x_wconf 84' lang='lat' dir='ltr'><strong>neque</strong></span> <span class='ocrx_word' id='word_1_422' title='bbox 1059 4623 1149 4685; x_wconf 82' lang='lat' dir='ltr'><strong>placet</strong></span> <span class='ocrx_word' id='word_1_423' title='bbox 1165 4624 1278 4685; x_wconf 86' lang='lat' dir='ltr'><strong>propter</strong></span> <span class='ocrx_word' id='word_1_424' title='bbox 1293 4621 1440 4675; x_wconf 77' lang='lat' dir='ltr'><strong>unirumtt</strong></span> 
     </span>
     <span class='ocr_line' id='line_1_42' title="bbox 130 4707 423 4761; baseline 0.017 -5"><span class='ocrx_word' id='word_1_425' title='bbox 130 4707 251 4757; x_wconf 88' lang='lat' dir='ltr'><strong>stichum</strong></span> <span class='ocrx_word' id='word_1_426' title='bbox 265 4709 423 4761; x_wconf 78' lang='lat' dir='ltr'><strong>confodere.</strong></span> 
     </span>
    </p>
   </div>
   <div class='ocr_carea' id='block_1_9' title="bbox 0 0 1690 5346">
    <p class='ocr_par' dir='ltr' id='par_1_9' title="bbox 0 0 1690 5346">
     <span class='ocr_line' id='line_1_43' title="bbox 0 0 1690 5346; baseline 0 0"><span class='ocrx_word' id='word_1_427' title='bbox 0 0 1690 5346; x_wconf 95' lang='lat' dir='ltr'><strong> </strong></span> 
     </span>
    </p>
   </div>
  </div>
 </body>
</html>
