3366 5346
255 275 313 333 ltlss
633 321 635 325 .
714 288 943 334 corincrsunou
964 287 1119 333 sisinnus.

298 448 330 491 v.
351 431 391 491 12
410 423 480 513 (13)
499 451 515 483 o
536 422 680 490 Habebis
696 422 807 489 laeam
826 436 923 490 estro
948 433 1073 502 eastra,
1095 420 1143 487 ad
1168 442 1269 509 quem
1295 417 1486 510 egrediaris
1515 419 1577 510 [ael

254 530 424 621 requisito
446 531 603 618 anamael
626 557 655 612 a,
674 552 756 617 ergo
778 553 868 596 unus
893 528 1019 619 aliquis
1042 526 1167 594 aduce
1189 526 1439 594 determinatus
1460 525 1573 605 locus,

255 640 315 728 qni
338 659 420 704 sane
448 636 644 704 crederetur
673 659 693 702 a
724 636 878 726 periculo
909 635 1060 703 hostium
1089 656 1161 701 esse
1191 633 1294 722 plane
1328 638 1479 701 remotus
1515 633 1571 722 (cs.

256 752 270 810 1
288 751 370 829 ch.
391 744 497 831 Ml,
513 766 545 809 v.
565 749 606 809 13
623 743 688 829 (lo)
708 772 722 804 (ι
740 766 860 833 pereas
870 741 1044 833 postillam
1062 739 1100 807 ia
1116 739 1226 805 balteo
1246 767 1276 805 u.
1295 744 1343 807 lto
1361 741 1464 807 etiam
1479 744 1577 808 LXX

253 853 407 937 legentes
422 863 502 912 niis.
518 854 581 914 Pro
601 872 669 938 quo
687 849 810 939 reliqui
830 850 959 916 habent
977 852 1056 929 ἅπαξ
1076 853 1242 934 λεγὲμενσν
1262 859 1325 937 ps,
1347 847 1445 913 ouius
1462 847 1575 914 conii-

253 957 348 1024 ciunt
364 978 433 1022 esse
446 955 735 1042 significationem
754 955 994 1035 instrumenta,
1012 977 1110 1022 arma
1125 977 1132 1023 :
1148 975 1233 1040 ergo
1247 951 1385 1020 babebis
1394 953 1572 1043 paxillum

250 1075 387 1153 praeter
402 1061 509 1152 (cat.)
524 1085 633 1143 armo,
647 1084 743 1129 arma
754 1064 826 1152 ipsa
838 1062 918 1129 huic
931 1061 1006 1129 usui
1020 1082 1088 1128 non
1105 1058 1304 1127 adhibebis,
1319 1088 1332 1120 o
1355 1061 1508 1150 Cumque
1521 1084 1573 1127 se-

253 1168 344 1236 deris·
370 1197 400 1250 u,
426 1169 449 1235 i.
476 1193 504 1236 e.
533 1169 651 1236 sedere
676 1169 826 1236 volueris
855 1168 1022 1259 (Bausta),
1048 1197 1064 1230 «
1088 1165 1205 1256 fodies
1229 1166 1303 1255 [per
1323 1167 1515 1257 circuitam]
1540 1180 1574 1235 et

253 1275 484 1366 epestaliamo
501 1275 631 1366 operies
648 1304 678 1358 »,
699 1299 731 1342 v.
756 1276 869 1366 11(15)
888 1304 903 1338 o
927 1275 1005 1367 [qao
1022 1274 1190 1341 relevatus
1206 1272 1250 1362 es}
1270 1301 1299 1340 u.
1320 1273 1500 1355 vertimus,
1521 1274 1574 1341 uti

253 1382 313 1449 alii
333 1381 475 1449 faciunt.
499 1387 622 1449 Verum
651 1382 844 1472 suspicetur
868 1383 945 1472 quis
970 1395 1089 1473 inam:
1112 1386 1146 1448 et
1173 1394 1260 1445 mou
1284 1381 1411 1447 formas
1433 1402 1504 1448 esse
1526 1381 1573 1447 ab

253 1490 374 1556 eadem
392 1489 507 1556 radice
527 1488 709 1568 derivatas,
725 1489 940 1579 verbumque
960 1502 1034 1552 naut
1050 1486 1297 1577 euphemistice
1312 1486 1474 1554 adhiberi
1491 1509 1575 1554 con·

253 1597 401 1663 suevisse
432 1595 475 1662 ad
503 1594 592 1662 illud
618 1596 794 1681 negotium
825 1595 1093 1682 designandum.
1122 1624 1137 1655 «
1161 1593 1335 1660 Dominus
1362 1595 1453 1660 caim
1482 1597 1576 1660 Deus

254 1716 334 1769 tures
349 1702 505 1769 arrebulat
519 1702 554 1768 ia
569 1701 683 1768 irradio
697 1714 899 1779 castrorum,
922 1714 960 1767 at
977 1713 1075 1768 eruat
1096 1712 1137 1781 te,
1155 1713 1188 1766 et
1203 1699 1320 1767 tradat
1334 1699 1395 1766 tibi
1409 1699 1574 1767 inimicos

255 1822 341 1890 taos,
359 1821 391 1875 et
409 1809 479 1875 siat
499 1823 609 1876 castra
630 1821 690 1875 tao
714 1821 845 1894 saneta,
865 1821 898 1875 et
915 1807 1008 1874 nihil
1021 1808 1058 1874 ia
1074 1807 1122 1874 eis
1134 1819 1301 1897 appareat
1314 1802 1508 1897 foeditatis,
1527 1830 1573 1873 rie

255 1916 472 2007 derelinquat
497 1930 527 1982 te
556 1945 585 1983 ».
613 1916 709 1984 Ratio
733 1917 857 1983 horum
884 1921 1152 2004 praeceptorum
1172 1915 1325 1996 affertur,
1354 1912 1513 1981 decentia
1542 1920 1577 1981 et

256 2025 356 2089 lahve
377 2024 579 2089 reverentia.
597 2013 723 2111 pann,
742 2022 791 2088 ire
815 2021 880 2089 baa
901 2021 984 2088 illae
1007 2041 1015 2088 ε
1039 2022 1140 2088 lahve
1170 2026 1281 2088 castra
1305 2020 1488 2087 comitatur
1512 2043 1579 2110 per

256 2132 371 2194 omnia
391 2130 532 2208 itinera;
559 2152 671 2218 neque
698 2137 815 2196 tamen
839 2130 1008 2218 expressio
1030 2127 1222 2195 necessario
1250 2126 1431 2195 referenda
1455 2132 1507 2194 est
1532 2126 1578 2194 ad

257 2235 364 2299 solam
392 2237 490 2300 lahve
519 2235 556 2300 in
584 2259 666 2302 area
687 2231 939 2325 praesentiam,
965 2233 1024 2301 sed
1048 2232 1271 2321 generatim:
1295 2256 1457 2324 praesens
1481 2233 1581 2302 adest

258 2339 378 2406 castris
395 2340 519 2429 populi
538 2341 602 2406 sui.

368 2568 422 2630 33.
450 2566 519 2628 Lea
537 2560 578 2628 ale
601 2584 694 2628 seraa
714 2560 762 2628 ad
787 2564 955 2628 Hebraeos
974 2565 1127 2653 prosopa
1152 2566 1251 2630 Deat.
1275 2568 1375 2641 23‚15
1399 2584 1452 2652 sq.

303 2759 388 2848 Arp.
405 2798 450 2808 -
471 2762 594 2825 Servus
614 2781 652 2825 ex
672 2758 787 2848 aliqua
808 2763 921 2825 extera
940 2759 1082 2846 regione
1103 2759 1139 2824 in
1167 2763 1295 2825 terram
1319 2762 1474 2825 sanctam
1493 2784 1578 2850 pro-

260 2867 361 2952 fugus
375 2888 446 2932 non
461 2864 625 2932 reddatur
637 2865 776 2931 domino
791 2887 863 2948 suo,
880 2887 994 2953 neque
1009 2850 1170 2932 libertate
1184 2864 1351 2955 privetur,
1368 2864 1429 2932 sed
1442 2866 1583 2934 sinatur

260 2973 320 3038 ubi
339 2973 480 3038 libuerit
494 2972 664 3037 habitare.

305 3101 337 3143 v.
362 3086 401 3145 15
421 3080 487 3165 (16)
509 3107 523 3136 o
545 3079 622 3144 Noa
638 3078 751 3144 trades
765 3101 895 3144 servum
913 3079 1050 3145 deserina
1063 3102 1135 3162 sao,
1152 3078 1214 3169 qai
1223 3079 1272 3146 ad
1284 3091 1316 3145 te
1328 3079 1528 3170 confugerit
1543 3110 1575 3146 ».

261 3189 343 3250 Cum
357 3205 548 3274 pronomen
564 3196 594 3249 te
607 3184 651 3273 (v.
671 3191 711 3250 16
730 3184 880 3273 tuarum)
895 3185 938 3250 ad
954 3190 1063 3251 totum
1078 3186 1247 3275 populum
1265 3187 1434 3253 referatur
1449 3186 1576 3277 (Gai),

260 3312 334 3357 non
345 3291 461 3378 agitur
476 3291 518 3357 de
534 3312 631 3357 servo
646 3289 779 3357 domini
792 3290 934 3358 hebraei
949 3291 1167 3378 confugiente
1182 3293 1226 3358 ad
1241 3292 1349 3359 alium
1365 3292 1575 3376 hebraeum,

262 3398 321 3487 qui
338 3400 409 3464 sine
424 3396 592 3465 iniustitia
604 3396 750 3465 detineri
768 3421 836 3465 non
856 3403 1004 3488 poterat,
1017 3398 1076 3465 sed
1099 3399 1141 3465 de
1156 3421 1252 3467 servo
1265 3399 1405 3466 aliunde
1419 3399 1575 3468 advecto.

262 3505 320 3571 Vix
343 3504 488 3572 dubium
511 3509 572 3588 est,
590 3505 758 3572 eiusmodi
775 3528 888 3572 servos
907 3507 1109 3596 plerumque
1128 3507 1276 3573 libenter
1295 3506 1398 3573 etiam
1416 3528 1577 3575 accessu-

262 3634 315 3677 ros
334 3612 435 3678 luisse
459 3614 563 3678 sacris
586 3613 843 3680 Hebraeorum:
870 3617 987 3679 tamen
1007 3617 1116 3679 textus
1137 3636 1248 3703 neque
1273 3613 1420 3680 excludit
1438 3635 1577 3680 servum

260 3718 491 3785 Ammonitam
507 3719 561 3783 vel
582 3719 773 3786 lloabitam.
797 3743 828 3785 v.
847 3726 886 3785 16
904 3719 974 3809 (17)
993 3747 1007 3778 «
1027 3719 1206 3786 Habitabit
1222 3726 1332 3786 tecum
1352 3719 1389 3786 ia
1409 3719 1498 3802 loco,
1514 3720 1578 3809 qui

261 3827 295 3892 ei
310 3824 482 3915 placuerit
506 3853 522 3884 »
547 3825 604 3912 (cf.
627 3829 706 3891 Gen.
730 3833 848 3908 uo‚15;
872 3831 934 3892 ler.
960 3831 1038 3907 -l0,l
1061 3830 1142 3915 sq.),
1165 3855 1180 3887 o
1205 3829 1260 3916 [etl
1282 3827 1319 3892 in
1344 3850 1415 3892 ram
1437 3826 1576 3894 serbiam

261 3946 397 3999 maram
412 3931 618 4021 i·eqaiescet‚·
632 3954 675 3998 ae
691 3932 868 3998 contristes
881 3955 958 3999 eitra
973 3961 1004 4000 ».

385 4160 439 4221 31.
466 4157 534 4219 Lar
558 4166 674 4220 eontra
692 4153 971 4244 prostitutionem
995 4177 1128 4221 sacram
1152 4159 1250 4221 Deut.
1278 4162 1378 4235 nom
1395 4178 1447 4245 sq.

305 4361 388 4448 Arp.
410 4396 454 4407 -
477 4365 550 4425 Non
570 4359 736 4428 toleretur
754 4359 948 4449 prostitutio
967 4383 1064 4427 sacra
1089 4383 1202 4454 neque
1225 4361 1261 4427 in
1287 4361 1488 4428 mulieribus
1512 4384 1574 4429 ne-

259 4489 325 4556 que
348 4467 380 4531 in
401 4464 493 4544 viris,
511 4487 555 4531 ne
570 4466 619 4532 ita
643 4467 795 4557 quidem,
811 4473 849 4534 ut
871 4467 942 4535 eius
964 4490 1093 4535 merces
1114 4475 1193 4534 voto
1215 4490 1298 4555 erga
1319 4468 1445 4535 lahven
1465 4471 1575 4536 exsol-

259 4573 369 4640 vendo
385 4573 618 4663 impendatur.

301 4705 333 4750 v.
354 4688 394 4747 17
414 4681 484 4770 (18)
503 4707 518 4742 u
544 4681 623 4748 Noa
642 4679 708 4745 erit
727 4679 889 4745 irreretria
908 4679 949 4746 de
965 4680 1105 4769 filiabus
1127 4680 1244 4765 Israel,
1267 4705 1329 4749 aec
1351 4694 1515 4750 scortator
1531 4683 1575 4750 de
