3366 5346
228 318 288 377 aaa
539 333 654 379 enarro
674 332 782 378 narsis
805 330 940 376 secusne
957 330 964 373 :
982 328 1231 377 unnorerrouns.
1296 356 1298 361 -

228 480 301 534 tum
320 466 477 534 homerum
497 479 595 533 tuum
618 478 651 533 et
671 464 898 555 [maledictae]
918 463 1085 554 reliquiae
1098 474 1177 529 tuae
1200 489 1230 546 n,
1246 461 1271 530 i.
1289 484 1320 530 e.
1337 460 1493 529 canistra
1516 465 1550 527 et

228 587 389 641 mactrae.
415 597 450 641 v.
479 580 518 641 18
544 601 559 634 (ι
587 572 794 640 Maledictus
821 573 954 660 [ructus
978 569 1105 637 ventris
1129 567 1193 654 tui,
1218 581 1251 636 et
1278 569 1414 658 fructus
1435 581 1550 634 terrae

231 692 323 765 tuae,
344 692 500 748 armenta
523 678 624 746 boum
647 691 784 746 tuorum
803 692 837 745 et
859 700 979 768 preqes
1005 677 1120 744 ouium
1145 690 1283 743 tuarum
1306 704 1322 736 n
1351 674 1409 766 (ef.
1435 698 1469 742 v.
1498 674 1547 763 t).

226 809 259 854 v.
280 794 320 854 19
335 814 351 849 «
371 785 577 854 Maledictus
599 785 668 853 eris
688 779 885 877 inprediens
908 795 939 852 et
959 784 1163 852 maledictus
1179 781 1360 874 eprediens
1376 809 1409 850 n.

537 1069 567 1129 1.
595 1061 775 1129 Percussis
797 1060 915 1151 prima
938 1063 1038 1126 Dent.
1066 1063 1240 1141 282026.

271 1305 357 1395 Arq.
377 1341 421 1353 -
443 1301 594 1369 Primum
618 1299 840 1390 generalibus
866 1299 979 1369 verbis
1003 1323 1036 1368 v.
1063 1307 1105 1367 20
1132 1298 1329 1367 maledictio
1347 1298 1550 1366 immittitur

226 1410 264 1478 in
293 1414 473 1500 apostatas,
495 1410 612 1475 iuncta
631 1431 663 1474 v.
687 1415 727 1476 21
755 1407 987 1499 pestilentiae.
1013 1445 1058 1458 —
1080 1429 1114 1475 v.
1141 1412 1246 1474 22-26
1268 1404 1385 1497 prima
1402 1428 1548 1497 percus-

228 1517 322 1584 sione
344 1515 472 1602 infligit
490 1520 576 1582 Deus
594 1514 750 1604 phthisin
775 1514 981 1605 corporibus
1006 1520 1041 1581 at
1063 1513 1251 1582 siccitatem
1268 1513 1373 1601 agris,
1396 1512 1550 1604 populus

229 1622 325 1690 omni
351 1621 476 1688 auxilio
501 1620 683 1688 destitutus
704 1621 941 1689 vexationibus
964 1619 1186 1689 inimieorum
1213 1620 1403 1712 exponitur,
1431 1641 1549 1710 neque

229 1735 297 1813 est,
314 1727 375 1819 qui
386 1727 513 1794 audeat
526 1726 694 1795 cadavera
709 1727 861 1818 sepelire.

271 1858 304 1903 v.
327 1841 369 1902 20
387 1861 404 1897 «
424 1833 539 1901 Mittet
563 1833 728 1900 Dominus
746 1855 849 1924 super
875 1847 907 1901 te
926 1835 1057 1923 samem
1076 1846 1108 1901 et
1128 1835 1272 1902 esuriem
1288 1847 1322 1901 et
1337 1832 1547 1923 increpatio-

229 1963 307 2009 nem
331 1941 370 2007 in
393 1939 511 2008 omnia
537 1951 734 2031 operatua,
760 1962 848 2030 quae
871 1941 993 2030 facies,
1019 1939 1125 2008 donec
1146 1952 1299 2008 conterat
1320 1952 1352 2007 te
1371 1951 1402 2006 et
1416 1939 1548 2030 perdat

229 2048 399 2133 velociter,
424 2059 564 2138 propter
587 2047 849 2114 adinventiones
871 2061 949 2114 tuas
964 2048 1141 2139 pessimas,
1168 2045 1206 2114 in
1227 2047 1350 2138 quibus
1371 2044 1550 2137 reliquisti

230 2177 283 2223 me
298 2183 329 2223 n.
348 2154 414 2222 Sed
435 2169 527 2220 niun
542 2176 611 2222 non
636 2159 686 2220 est
697 2156 819 2240 sauses,
843 2153 1119 2222 sedmaledictio
1134 2153 1302 2243 (Chald),
1318 2175 1421 2244 qnam
1436 2152 1549 2220 mittit

230 2267 327 2342 Deus,
346 2260 397 2327 uti
412 2283 444 2326 v.
463 2259 653 2327 8mittebat
667 2259 958 2344 benedictionem,
972 2282 1147 2351 quamque
1158 2261 1314 2351 proxime
1326 2282 1548 2350 consequun-

229 2375 287 2434 tur
306 2382 430 2438 πωπω,
446 2365 866 2456 pertimesceremus,
891 2366 1084 2457 obiurpatio
1107 2373 1227 2435 mutua
1248 2367 1548 2458 perturbationem

230 2494 453 2563 consequens.
472 2477 560 2539 Haeo
582 2472 650 2539 tria
673 2473 825 2562 praefixo
849 2490 896 2539 rm
921 2472 1030 2541 veluti
1055 2473 1296 2564 personilieata
1321 2472 1467 2564 (Dillm.)
1497 2474 1550 2540 ie·

231 2585 353 2647 runtur
373 2581 411 2646 in
430 2579 547 2646 omnia
562 2601 665 2670 opera
681 2580 738 2668 (of.
756 2603 789 2647 v.
817 2580 869 2671 8),
885 2585 1027 2671 propter
1038 2581 1200 2668 facinora
1215 2569 1335 2650 rabban
1351 2580 1407 2671 (oi.
1428 2583 1545 2667 titeg.

230 2687 338 2776 aas),
361 2709 429 2776 qua
450 2686 571 2754 eadem
590 2709 672 2753 voce
696 2686 770 2753 lud.
794 2693 874 2768 2,19
895 2687 1065 2778 imprimis
1088 2694 1267 2778 peccatum
1291 2686 1549 2779 superstitionis

230 2794 444 2884 exprimitur.
469 2797 557 2879 Ergo
577 2792 643 2860 hae
658 2793 814 2879 generali
827 2795 995 2862 sententia
1009 2794 1243 2863 immittuntur
1255 2795 1371 2885 impiis
1382 2792 1551 2862 maledic·

230 2906 280 2981 ta3
296 2900 356 2967 sed
370 2899 462 2966 illico
473 2899 596 2966 iisdem
611 2899 768 2989 specialis
784 2900 900 2990 aliqua
914 2899 1019 2991 plaga
1032 2902 1202 2988 iungitur,
1213 2901 1417 2993 pestilentia
1431 2923 1464 2970 v.
1478 2906 1518 2966 21
1536 2922 1546 2969 :

232 3032 248 3066 «
264 3003 446 3095 Adiunpat
464 3034 479 3063 »
499 3043 544 3055 —
557 3007 658 3071 Hebe.
682 3027 690 3073 :
708 3005 894 3073 adhaerere
906 3006 1076 3095 faciat-
1092 3036 1108 3069 α
1131 3008 1194 3075 tibi
1206 3007 1371 3077 Dominus
1383 3005 1549 3098 pestilen-

230 3110 327 3193 tiam,
354 3111 461 3178 donec
482 3124 662 3177 corisumat
685 3124 716 3177 te
742 3111 783 3179 de
809 3126 914 3195 terra,
943 3112 1117 3204 adquam
1140 3116 1344 3205 inpredieris
1362 3112 1549 3206 possiden-

231 3217 312 3284 dam
333 3245 365 3286 n.

273 3347 305 3394 v.
324 3331 366 3391 22
385 3353 400 3385 «
419 3323 596 3391 Per‘cutiat
619 3336 651 3390 te
681 3323 852 3392 Dominus
875 3340 1037 3416 eyestate,
1060 3328 1152 3417 saliri
1165 3341 1197 3394 et
1214 3329 1359 3418 frigiam,
1375 3326 1497 3396 ardore
1512 3340 1548 3394 et

229 3444 326 3498 aestu
353 3444 385 3499 et
410 3453 488 3499 aere
508 3443 667 3521 corrupto
690 3454 730 3498 ac
754 3432 927 3523 rubipine,
953 3447 986 3502 et
1003 3447 1228 3526 persequatur·
1246 3436 1351 3503 donec
1372 3456 1493 3526 pereas
1510 3461 1544 3503 n.

230 3538 294 3605 Sed
314 3541 399 3606 haee
418 3538 589 3605 infelicius
604 3560 716 3606 versa.
738 3553 836 3605 nonu
856 3547 889 3608 et
912 3556 999 3634 nnnp
1021 3548 1097 3610 Lev.
1113 3548 1214 3625 26,16
1229 3540 1548 3633 interpretabamur

225 3644 384 3734 pittlrisin
398 3651 432 3711 et
449 3644 778 3732 inflammationem
797 3646 960 3738 idemque
979 3650 1050 3716 fere
1069 3670 1186 3715 sensns
1206 3649 1396 3717 seeundum
1411 3653 1547 3735 etymo-

229 3751 358 3838 logiam
387 3750 546 3838 eongruit
573 3753 651 3832 ἅπαξ
680 3761 856 3841 λεγομένοις
886 3744 968 3846 mpii
994 3761 1027 3821 et
1052 3770 1144 3821 inin.
1176 3761 1242 3822 Hae
1264 3756 1372 3843 igitur
1397 3759 1547 3844 quatuor

228 3879 327 3925 voees
347 3858 491 3925 eandem
513 3856 584 3922 lere
610 3856 724 3925 ideam
748 3861 943 3949 exprimunt
961 3860 1135 3952 (plctliisis,
1164 3861 1407 3951 inflammatio,
1422 3859 1543 3950 febris,

229 3966 374 4055 aestus),
400 3964 500 4032 sicuti
525 3964 628 4030 etiam
656 3971 826 4034 extremae
852 3972 919 4034 tres
942 3991 974 4036 v.
1002 3975 1044 4035 22
1064 3991 1162 4036 voces
1180 3968 1325 4037 alteram
1340 3969 1454 4037 ideam
1471 3991 1479 4035 ε
1494 3990 1542 4037 sc.

231 4086 290 4134 :in
320 4079 369 4137 est
387 4072 523 4138 siccitas
539 4072 631 4155 (Gen.
655 4075 788 4158 mnu),
808 4087 906 4165 point
930 4079 980 4141 est
1000 4074 1104 4142 uredo
1129 4078 1224 4165 (Gen.
1244 4083 1322 4156 tin
1351 4098 1441 4165 sqq.;
1462 4074 1557 4163 ete.)¹

230 4178 414 4243 corrodens
433 4203 553 4265 grana,
572 4180 606 4242 et
624 4195 704 4274 ppu
732 4187 782 4248 est
801 4203 944 4264 marcor,
963 4204 1031 4272 quo
1050 4183 1221 4250 flaccescit
1236 4183 1339 4250 viror.
1362 4184 1404 4250 lis
1422 4182 1543 4270 igitur,

230 4304 318 4371 quae
335 4285 523 4354 corrodunt
538 4291 730 4357 humanum
746 4310 882 4377 corpm,
901 4287 1059 4375 adiungit
1078 4312 1111 4357 v,
1130 4296 1173 4356 22
1186 4312 1237 4372 ea,
1255 4312 1342 4379 qnae
1359 4287 1545 4355 corrodunt

230 4388 378 4479 planias·
395 4413 428 4456 v·
442 4398 483 4457 ‘23
499 4423 515 4455 «
533 4397 586 4463 Sit
602 4396 747 4482 coelum,
766 4394 860 4484 parad
873 4418 978 4484 scipsa
992 4408 1023 4463 te
1037 4410 1099 4481 cst,
1118 4419 1261 4463 aeneum
1272 4411 1304 4463 et
1319 4408 1419 4483 terra,
1439 4417 1546 4485 qrcum

231 4495 358 4581 calcas,
380 4500 499 4585 ferrea
521 4528 549 4567 n.
567 4508 648 4568 Fere
667 4503 772 4582 idem,
800 4508 902 4590 atque
927 4507 1003 4570 Lev.
1027 4510 1140 4587 26,19.
1159 4509 1233 4570 Non
1252 4505 1449 4592 aperientur
1466 4503 1546 4569 the·

232 4604 323 4670 sauri
342 4603 517 4675 coelorum
535 4608 582 4699 (v.
600 4609 651 4698 8),
669 4607 728 4675 sed
745 4608 851 4674 clausi
871 4611 1061 4677 manebunt
1079 4633 1086 4680 :
1105 4610 1185 4677 hinc
1198 4616 1290 4678 terra
1304 4611 1469 4677 exsiccata
1484 4608 1545 4676 dn·

231 4718 348 4779 rescet.
362 4736 394 4780 v.
410 4720 452 4782 m
469 4745 484 4777 a
500 4720 563 4784 Det
582 4715 749 4784 Dominus
767 4713 906 4781 iucluem
924 4727 1032 4785 terrae
1047 4730 1125 4787 tuae
1134 4717 1327 4807 puluerem,
1349 4730 1381 4784 ct
1396 4716 1437 4783 de
1450 4716 1544 4784 coelo
