3366 5346
218 294 275 354 158
766 303 977 346 taraonocrro.

216 443 384 529 huiusque
410 439 547 505 scholae
576 436 828 504 nobilissimum
853 443 1104 517 ornamentum,
1131 438 1280 503 scribam
1310 437 1345 502 in
1368 436 1446 522 lege
1471 439 1529 505 [tei

214 546 495 627 versatissimum,
513 543 672 612 Esdram.
1121 603 1125 609 .

259 656 350 721 t'ires
366 654 544 732 advorsae,
567 673 657 742 quae
669 650 713 717 ad
728 650 997 740 pentateuchum
1012 650 1291 740 componendum
1306 649 1432 716 invitae
1450 658 1532 718 sunt

215 765 435 850 cooperatae,
463 760 559 825 fuere
591 757 776 846 impiorum
811 756 902 823 inter
932 756 1101 824 israelitas
1129 751 1327 832 hominum,
1356 755 1531 846 imprimis

217 890 336 955 regum
352 866 583 956 quorumdam
598 864 692 945 odia,
713 863 773 953 qui
788 864 902 930 varias
921 862 1086 953 deinceps
1108 863 1146 929 in
1168 885 1282 931 sacros
1300 862 1408 929 libros
1428 865 1532 931 susci-

216 980 330 1041 tavere
352 973 626 1063 persecutiones,
647 970 725 1036 illos
748 968 910 1037 omnibus
934 969 1044 1037 modis
1065 970 1242 1050 mutilare,
1267 969 1337 1036 imo
1357 970 1532 1040 destruere

218 1079 330 1148 conati
349 1087 439 1147 sunt.

263 1187 316 1253 His
340 1187 472 1252 viribus
499 1184 674 1263 omnibus,
696 1183 815 1249 amicis
843 1188 876 1249 et
900 1182 1067 1264 adversis,
1091 1184 1253 1251 utebatur
1275 1183 1392 1250 (licina
1414 1183 1530 1272 proci-

218 1295 335 1361 dentia
348 1293 391 1360 ad
407 1293 493 1382 fines
510 1313 605 1375 suos,
623 1290 683 1380 qui
699 1311 768 1355 non
783 1288 944 1355 omnibus
958 1289 1099 1356 saeculis
1112 1289 1215 1358 iidem
1232 1291 1340 1357 fuere.

263 1401 414 1467 Primum
434 1396 531 1465 dedit
552 1397 611 1463 [tei
632 1395 851 1485 providentia
868 1396 1030 1462 Hebraeis
1052 1395 1112 1462 illa
1132 1419 1227 1463 sacra
1249 1396 1388 1486 scripta,
1406 1397 1531 1486 quibus

219 1507 443 1581 edocerentur
464 1527 544 1571 suae
569 1502 747 1588 religionis
766 1501 945 1568 historiam
965 1507 999 1569 et
1022 1501 1262 1589 obligationes.
1287 1504 1433 1570 Historia
1454 1504 1529 1570 aevi

221 1613 357 1679 mosaici
372 1617 445 1678 erat
462 1609 641 1698 religionis
660 1613 696 1674 t'.
721 1613 756 1675 T.
783 1608 998 1697 potissimum
1024 1609 1291 1677 fundamentum
1318 1633 1326 1679 :
1348 1632 1435 1700 opus
1457 1616 1530 1676 erat

220 1719 380 1786 Hebraeis
399 1717 542 1784 historia
557 1715 780 1796 accuratiore,
800 1737 887 1803 quae
906 1737 977 1781 non
997 1716 1053 1781 Dei
1071 1716 1182 1782 solum
1196 1715 1346 1803 gloriose
1365 1722 1451 1798 acta,
1469 1716 1529 1782 sed

218 1825 339 1915 pcpuh
363 1824 465 1891 etiam
487 1822 650 1914 pudenda
679 1826 815 1911 peccata
842 1821 1200 1903 recitaret,·tiduciam
1226 1821 1329 1890 simul
1349 1829 1529 1910 generaret

218 1937 251 1998 et
275 1932 446 1998 timorem.
469 1933 559 2019 Opus
580 1933 670 2012 erat,
696 1932 735 1994 ut
761 1933 946 2018 utrumque
970 1928 1089 1995 foedus
1110 1928 1266 1996 distincte
1298 1936 1528 2009 enarraretur,

218 2038 413 2104 sinaiticum
428 2043 462 2103 et
476 2034 712 2114 moabiticum‚
730 2034 908 2122 utriusque
917 2033 1129 2101 conditiones
1141 2035 1408 2103 inculcarentur.
1426 2038 1532 2125 Opor-

217 2145 330 2224 tebat,
351 2167 418 2209 non
440 2143 593 2210 obstante
613 2141 793 2231 hominum
812 2140 1026 2227 negligentia
1042 2146 1076 2207 et
1091 2143 1227 2208 criticae
1244 2142 1326 2208 artis
1343 2141 1528 2232 imperitia,

219 2256 256 2317 ut
271 2250 396 2340 scripta
417 2249 566 2315 mosaica
589 2269 696 2336 usque
719 2253 1023 2338 praeservarentur
1041 2247 1142 2330 talia,
1164 2255 1203 2315 ut
1220 2271 1298 2315 vere
1319 2248 1464 2315 verbum
1478 2269 1531 2315 es-

218 2363 293 2423 sent
307 2362 341 2422 et
355 2356 413 2422 Dei
436 2362 469 2422 et
494 2353 628 2442 Moysis,
651 2361 684 2419 et
704 2360 797 2419 certa
819 2353 943 2440 regula
964 2355 1021 2442 pic
1041 2354 1191 2421 tivendi.
1214 2354 1277 2422 Ubi
1294 2354 1436 2422 obortae
1452 2362 1530 2422 sunt

218 2464 254 2531 in
278 2463 385 2529 libros
404 2483 517 2528 sacros
543 2459 811 2550 persecutiones,
829 2457 947 2526 divina
967 2459 1185 2549 providentia
1204 2462 1239 2528 in
1265 2483 1405 2529 arenam
1423 2460 1531 2528 veluti

219 2569 394 2637 deseendit
417 2591 424 2638 :
449 2567 553 2634 libros
577 2565 797 2657 protegebat,
822 2566 995 2633 alliciebat
1016 2574 1054 2634 ut
1076 2567 1191 2634 amissi
1211 2567 1454 2657 reperirentur,
1477 2568 1531 2635 di-

135 2711 140 2725 ·
218 2676 311 2744 scissi
328 2677 597 2743 restituerentur.

261 2789 383 2851 Verum
400 2780 589 2873 aliquando
605 2786 691 2848 Deus
707 2781 880 2870 sapienter
897 2780 1041 2847 mutavit
1056 2781 1179 2864 finem,
1197 2802 1300 2870 quem
1319 2782 1409 2848 eirea
1425 2781 1532 2848 libros

216 2913 330 2957 sacros
349 2889 421 2954 eius
442 2887 658 2978 providentia
677 2893 777 2953 antea
799 2886 1085 2976 prosequebatur.
1108 2888 1287 2954 Consuevit
1306 2894 1393 2956 [teus
1411 2887 1531 2974 gratiis

217 2996 438 3085 pertinaciter
459 2993 648 3082 repudiatis
663 2993 712 3058 uti
727 2993 874 3077 flagellis
888 3015 969 3058 suae
987 2992 1148 3060 iustitiae.
1165 2994 1249 3071 Quia
1267 2995 1370 3061 lsrael
1384 2993 1531 3084 pertina-

219 3101 302 3168 citer
328 3107 544 3166 recusaverat
564 3099 701 3178 loerluS,
723 3098 882 3197 pluribus
903 3098 1052 3164 foederis
1072 3099 1245 3167 benefieiis
1268 3101 1529 3168 destituebatur.

220 3209 304 3285 Quia
316 3208 428 3292 legem
449 3209 641 3294 respuerat,
660 3204 815 3292 permisit
836 3209 921 3270 Heus
937 3211 973 3270 ut
993 3204 1234 3272 obscuraretur
1248 3208 1316 3290 lex,
1334 3209 1532 3298 antiquiora

220 3312 520 3381 commiscerentur
547 3309 812 3391 recentioribus,
840 3310 1071 3378 immutabilia
1100 3312 1336 3381 mutabilibus
1368 3314 1531 3381 Historiae

221 3443 336 3489 sacrae
352 3425 465 3510 partes
486 3417 579 3499 illas,
605 3439 689 3507 quas
705 3417 808 3483 lsrael
827 3416 946 3483 lethali
965 3417 1044 3483 odio
1063 3417 1251 3498 abiecerat,
1269 3421 1424 3509 permisit
1447 3426 1533 3488 Deus

220 3529 376 3599 interire:
399 3526 644 3616 prophetarum
663 3522 965 3613 interemptoribus
980 3525 1164 3614 prophetas
1180 3547 1249 3592 non
1270 3528 1337 3592 iam
1354 3527 1529 3594 concessit.

222 3635 353 3722 Scripta
378 3632 527 3698 mosaica
547 3631 584 3697 in
607 3653 712 3698 unum
734 3636 896 3716 congesta
911 3631 1195 3719 pentateuchum,
1220 3633 1340 3698 scribis
1359 3635 1394 3699 in
1418 3634 1532 3700 locum

220 3741 468 3829 prophetarum
484 3738 723 3819 subeuntibuS,
743 3738 855 3803 effecit
870 3759 955 3803 onus
969 3759 1086 3824 grave.

266 3846 332 3913 Sed
348 3867 415 3912 una
431 3866 509 3910 cum
534 3843 601 3909 fine
619 3843 814 3932 puniendae
827 3842 1013 3932 impictatis
1029 3845 1303 3934 prosequebatur
1318 3845 1434 3919 divina
1451 3869 1533 3934 pro-

220 3954 371 4020 videntia
387 3952 532 4018 alterum
553 3950 684 4016 finem:
710 3980 724 4010 (ι
741 3950 870 4017 iustitia
894 3956 927 4016 et
946 3973 1011 4040 pax
1035 3951 1204 4018 osculatae
1225 3957 1303 4017 sunt
1326 3980 1356 4018 ».
1376 3951 1532 4018 Paranda

220 4066 291 4125 crat
312 4061 367 4125 via
389 4080 477 4123 novo
501 4056 632 4123 foederi
658 4056 788 4132 dudum
811 4057 989 4145 promisso.
1012 4063 1145 4124 lncerta
1163 4065 1197 4123 et
1218 4057 1304 4124 dura
1325 4058 1535 4125 reddebatur
1583 4065 1588 4077 '

219 4165 343 4231 veteris
362 4165 509 4230 foederis
530 4161 700 4241 conditio,
718 4167 755 4226 ut
775 4161 819 4226 ad
838 4184 965 4227 norum
985 4164 1103 4231 foedus
1118 4164 1307 4253 aspirarent
1322 4164 1451 4231 ludaei.
1471 4169 1532 4231 Ca-

219 4272 341 4338 rebant
368 4268 559 4358 prophetis,
587 4277 623 4335 ut
654 4269 734 4334 totis
764 4269 848 4333 votis
876 4268 1041 4358 principis
1076 4272 1322 4358 prophetarum
1348 4271 1532 4337 adventum

220 4377 472 4468 opperirentur.
499 4375 748 4442 Pentateuehus
769 4373 962 4441 christianis
984 4378 1184 4464 profuturus
1206 4383 1278 4442 orat
1299 4377 1408 4464 magis
1428 4399 1531 4466 quam

220 4484 363 4552 ludaeis.
395 4481 591 4548 Christianis
614 4486 776 4548 nouerat
799 4503 884 4570 opus
903 4482 1045 4548 historia
1071 4505 1238 4571 perquam
1263 4484 1445 4551 articulata
1463 4483 1532 4550 ori·

220 4595 341 4680 ginum
356 4590 584 4656 hebraearum
603 4609 610 4655 :
631 4610 715 4676 opus
736 4592 809 4653 erat
827 4610 866 4652 ca
887 4587 1045 4671 historia,
1071 4611 1139 4678 qua
1157 4589 1200 4655 ad
1223 4592 1378 4658 messiam
1402 4582 1436 4656 in
1460 4591 1533 4680 ipso

220 4698 370 4789 paradisi
403 4695 519 4763 limine
548 4701 581 4762 ct
613 4716 749 4763 rursum
781 4693 984 4783 patriarchis
1012 4695 1214 4784 promissum
1242 4699 1529 4787 perducerentur,
