3366 5346
636 278 755 321 rutinae
776 278 952 323 lucanum.
1438 265 1457 321 9

143 431 317 479 sacrorum
339 409 419 476 satis
441 415 600 476 curarent
629 437 658 477 u.
688 412 843 480 Severius
867 412 961 505 idem
986 434 1021 501 p.
1051 415 1116 476 71⁷⁴
1140 433 1215 500 sqq.
1238 410 1393 500 loquitur
1416 413 1459 479 de

141 518 199 600 iis,
213 516 273 607 qui
292 522 368 605 post
388 537 532 583 aureum
547 516 718 584 saeculum
732 519 842 599 luere,
860 518 1117 608 interpretibus,
1141 539 1288 606 quorum
1301 524 1459 608 tempore

104 612 109 623 ’
143 652 158 685 «
185 646 256 692 una
282 645 359 689 cum
382 623 560 710 theologia
588 624 786 692 scholastica
816 627 920 693 etiam
946 626 1193 714 scripturarum
1215 624 1459 715 interpretatio

141 730 385 817 languescebat
415 757 441 797 a.
470 731 627 797 Floruere
655 738 727 797 turn
749 732 814 797 viri
834 733 904 815 illi,
928 733 988 822 qui
1016 731 1176 798 historico
1207 732 1321 820 potius
1352 732 1459 798 modo

141 837 254 904 studia
276 836 523 927 scripturistica
542 844 785 920 tractaverunt,
808 839 932 906 criticis
947 838 1047 905 editis
1060 837 1381 904 introductionibus,
1402 843 1459 904 ln-

141 953 195 1011 ter
210 965 295 1034 quos
317 944 415 1010 facilc
430 944 589 1033 princeps
604 944 731 1011 exstitit
750 949 788 1011 ll.
804 946 925 1012 Simon
944 945 1100 1033 (Histoire
1121 944 1266 1033 critique
1282 943 1329 1011 du
1351 948 1387 1011 V.
1406 948 1455 1024 T„

143 1050 236 1119 Paris
253 1055 369 1139 1678),
389 1051 423 1116 in
444 1051 541 1117 euius
560 1050 622 1117 lib.
643 1056 655 1116 l
673 1074 749 1141 cap.
768 1057 793 1117 ll
808 1053 909 1141 plura
931 1051 1081 1141 reperies
1097 1051 1131 1116 h.
1155 1050 1179 1116 l.
1200 1050 1331 1117 utiliter
1349 1050 1429 1117 conl
1449 1088 1459 1099 ·

141 1157 262 1225 renda.
287 1162 445 1224 Ceterum
466 1157 516 1223 illi
538 1159 733 1246 scriptores,
760 1159 853 1247 quod
875 1158 925 1225 rei
948 1165 1071 1223 natura
1086 1157 1169 1238 lert,
1194 1179 1263 1222 non
1283 1161 1352 1222 tam
1369 1156 1458 1223 illud

142 1264 381 1343 intendebant,
404 1271 441 1329 ut
461 1268 571 1330 textus
589 1264 747 1353 penitius,
766 1287 870 1353 quarn
890 1265 925 1330 id
941 1269 1041 1331 antea
1062 1263 1189 1329 lactum
1211 1263 1333 1344 fuerat,
1356 1284 1458 1352 expo-

141 1375 280 1454 nerent,
300 1369 361 1436 sed
380 1375 418 1437 ut
438 1370 613 1459 supposita
631 1392 672 1436 ea
686 1376 839 1437 textuum
859 1370 1160 1460 interpretatione,
1178 1391 1280 1459 quam
1297 1367 1458 1435 traditam

143 1481 358 1565 acceperant,
385 1475 563 1543 historiam
583 1482 693 1543 textus
717 1479 804 1544 sacri
828 1483 991 1544 texerent.
1014 1478 1063 1543 ct.
1090 1500 1121 1542 ν.
1149 1497 1185 1562 g.
1210 1476 1260 1543 Cl.
1282 1477 1456 1541 Fressen:

143 1581 397 1671 bisquisitiones
428 1583 596 1666 biblicae,
623 1587 732 1650 Lucae
758 1591 861 1665 1769,
889 1584 949 1649 lib.
987 1588 1011 1646 V
1035 1605 1110 1672 cap.
1141 1589 1156 1648 l
1185 1583 1300 1670 (antea
1325 1581 1460 1648 Parisiis

145 1689 363 1777 rasa-1705).

188 1794 302 1861 Critici
321 1794 527 1862 recentiores
541 1801 636 1862 Deut.
661 1798 847 1864 secuudum
873 1818 1021 1863 canones
1044 1795 1128 1862 artis
1149 1818 1230 1862 suae
1251 1794 1389 1861 criticae
1408 1816 1459 1860 ex-

143 1910 319 1968 cusserunt
332 1908 454 1983 toturn,
471 1903 507 1967 in
522 1907 644 1990 partes,
666 1903 864 1983 maleculas,
882 1910 1013 1969 atomos
1026 1903 1197 1968 resolvere
1215 1922 1222 1968 :
1239 1901 1304 1990 ipsi
1320 1901 1373 1966 vix
1388 1924 1459 1967 non

143 2009 324 2076 unanimes
335 2007 524 2090 declarant,
540 2009 786 2075 collectaneum
796 2010 916 2096 legum
931 2014 1026 2074 Deut.
1047 2015 1260 2089 tal-aona,
1275 2013 1333 2072 aut
1348 2007 1459 2073 solum

142 2122 202 2182 aut
218 2099 425 2203 quibusdam
437 2113 573 2197 additis,
591 2137 661 2181 esse
676 2120 771 2182 [tent.
791 2115 1051 2204 primigenium,
1070 2143 1085 2176 ι(
1107 2114 1168 2181 das
1186 2118 1458 2180 Ur·l)euter0no-

144 2221 299 2304 mium»,
320 2248 336 2281 «
356 2221 387 2286 le
407 2243 521 2307 noyau
541 2220 587 2287 du
605 2227 853 2288 Deuteronome
872 2252 901 2290 a.

188 2332 309 2394 Contra
327 2350 414 2417 quos
431 2327 645 2393 defendimus
665 2350 737 2408 nos,
761 2329 1008 2395 collectaneum
1029 2349 1099 2394 csse
1120 2328 1234 2416 ipsum
1255 2355 1269 2386 κ
1292 2326 1458 2393 iudicium

144 2435 243 2519 regni
260 2461 290 2514 »,
308 2433 435 2500 librum
449 2457 469 2500 a
482 2433 638 2501 Samuele
652 2435 771 2501 thorae
783 2436 965 2509 insertum:
981 2440 1078 2502 [leat.
1097 2433 1459 2521 aa‚1u-²27,auproba-

145 2538 248 2607 bilius
262 2562 336 2607 esse
355 2540 492 2606 initium
510 2567 526 2601 α
544 2541 660 2607 statuti
678 2569 713 2619 n,
735 2543 831 2631 quod
845 2547 938 2606 losue
955 2541 1075 2607 thorae
1090 2539 1283 2629 adscripsit.

190 2650 293 2713 Fuere
314 2647 404 2714 inter
427 2647 646 2729 recentiores,
667 2650 726 2736 qui
747 2669 816 2712 non
839 2647 1010 2712 immerito
1030 2647 1245 2712 affirmarent
1269 2650 1364 2711 Deut.
1387 2666 1460 2710 esse

146 2752 249 2819 totius
267 2752 487 2843 pentateuchi
507 2753 653 2834 clavem3
673 2753 922 2819 collectaneum
943 2758 991 2818 est
1009 2752 1113 2819 clavis
1128 2753 1234 2825 Deut¹;
1254 2751 1313 2839 qui
1330 2752 1373 2817 de
1388 2751 1458 2815 ool-

146 2859 299 2926 lectaneo
316 2881 495 2950 perperam
509 2859 621 2941 sentit,
642 2860 675 2926 ei
695 2859 944 2949 pentateuchus
960 2863 1009 2925 est
1029 2857 1117 2924 liber
1133 2857 1278 2924 clausus.
1299 2855 1461 2923 Universa

146 2988 224 3032 cum
239 2966 366 3033 criticis
385 2966 559 3032 dimicatio
574 2966 673 3031 nobis
688 2973 737 3032 est
755 2966 895 3032 tandem
913 2965 955 3030 de
974 2964 1089 3032 indole
1104 2962 1316 3043 collectanei,
1335 2984 1403 3051 qua
1422 2963 1457 3027 in

147 3093 182 3138 re
201 3070 355 3137 funditus
374 3071 585 3137 ·''·=sentimus
600 3093 619 3135 a
637 3071 754 3137 schola
769 3070 1005 3136 wellhusiana.

191 3184 222 3244 5.
245 3178 384 3263 Legitur
396 3199 431 3243 1n
448 3176 761 3243 introductionibus
775 3177 899 3265 passim
915 3175 1005 3241 illud
1017 3175 1100 3241 libri
1114 3173 1305 3265 apocryphi
1324 3181 1342 3241 t
1364 3173 1458 3240 Esdr.

149 3290 188 3351 lb
209 3289 398 3365 narratum,
422 3306 507 3350 aevo
528 3283 653 3349 Esdrac
677 3285 851 3349 universas
873 3282 978 3348 libros
997 3305 1111 3348 sacros
1130 3281 1277 3347 llammis
1299 3280 1460 3346 exstitisse

147 3390 355 3478 absumptos,
378 3389 519 3456 Esdram
538 3413 616 3456 vero
635 3390 758 3480 spiritu
781 3391 838 3456 llei
856 3389 1028 3478 repletum
1047 3411 1109 3477 per
1130 3395 1170 3456 lt)
1192 3388 1372 3452 continuos
1388 3386 1460 3472 dies

146 3519 204 3562 eos
224 3496 400 3585 (aliosque)
420 3496 573 3586 quinque
588 3497 707 3563 scribis
724 3496 868 3563 dictasse
885 3496 944 3578 ita,
970 3501 1006 3560 ut
1020 3494 1155 3582 antiqui
1169 3493 1247 3558 libri
1261 3494 1348 3558 sacri
1364 3491 1460 3558 resti-

146 3608 322 3668 tuerentur
332 3603 471 3669 omnino
486 3604 570 3670 tales
584 3603 703 3693 quales
716 3603 849 3692 pridem
861 3602 1015 3668 luissent.
1032 3604 1139 3678 Quam
1154 3600 1389 3666 narrationem
1401 3605 1460 3666 Pa-

148 3716 238 3774 trum
254 3714 287 3773 et
305 3709 608 3776 ecclesiasticorum
626 3710 832 3798 scriptorum
847 3709 962 3798 plures
978 3730 1093 3774 veram
1109 3707 1276 3774 habuere.
1298 3711 1349 3773 lta
1369 3709 1396 3771 Τ
1395 3717 1458 3771 ert.

149 3815 207 3897 (De
217 3814 309 3881 cultu
319 3814 398 3881 leni.
411 3820 433 3882 l.
445 3823 481 3897 33
495 3818 533 3881 Μ
535 3871 541 3882 .
557 3816 692 3897 1,1308t
702 3817 892 3897 affirmans,
906 3844 921 3875 «
933 3837 1032 3881 omne
1046 3815 1312 3880 instrumentum
1325 3812 1460 3877 hebrai-

147 3943 206 3988 cae
219 3920 417 3988 literaturae
431 3944 492 4012 per
506 3921 645 3988 Esdram
659 3944 729 3989 esse
742 3928 972 3989 restauratum
989 3943 1023 3999 »3
1043 3921 1148 3989 Cleua.
1165 3921 1262 3986 Alea.
1281 3920 1416 4006 (Strom.
1433 3922 1458 3983 1.

94 4058 97 4064 ·
148 4034 207 4108 '22;
230 4031 276 4094 M.
294 4032 405 4114 8,893)
424 4051 589 4109 asserens,
614 4058 629 4089 a
651 4051 729 4095 curn
747 4028 956 4095 interiissent
974 4028 1176 4116 scripturae,
1195 4048 1313 4092 omnes
1331 4031 1463 4091 veteres

147 4155 264 4201 rursus
277 4136 462 4223 scripturas
479 4157 656 4202 renovasse
675 4163 690 4196 a
709 4135 865 4218 Esdram;
887 4136 1007 4224 Clu-ps.
1031 4138 1135 4219 (Hom.
1152 4139 1208 4207 8,t
1222 4133 1259 4198 in
1273 4132 1392 4211 llebr.;
1410 4133 1449 4197 Μ
1452 4186 1458 4197 .

149 4242 264 4330 eam)
286 4241 371 4308 haec
388 4242 541 4311 habens:
565 4269 581 4303 «
603 4243 735 4329 Ingruit
754 4243 890 4308 exitiale
906 4242 1047 4320 bellum,
1065 4241 1148 4306 libri
1165 4238 1289 4306 concisi
1305 4244 1338 4304 et
1354 4237 1462 4304 exusti

148 4347 269 4417 fuere:
292 4349 390 4414 alteri
407 4371 541 4415 rursum
563 4349 636 4415 viro
657 4349 806 4416 mirabili
821 4349 1016 4437 inspiravit,
1037 4354 1073 4413 ut
1094 4347 1169 4413 illas
1189 4349 1384 4434 exponeret,
1405 4348 1460 4408 Es-

149 4452 233 4520 drae
249 4453 404 4544 inquam,
420 4461 453 4522 et
468 4479 486 4522 e
504 4455 659 4545 reliquiis
673 4461 933 4543 recomponeret
949 4486 978 4521 s.
998 4455 1045 4519 Cl.
1066 4456 1155 4519 lren.
1174 4452 1270 4540 (Adv.
1289 4456 1386 4515 llaer.
1405 4453 1459 4528 lll,

153 4565 211 4633 21:
237 4563 284 4626 Μ.
311 4567 429 4645 7,9b9;
456 4585 559 4650 quern
583 4562 792 4627 adverbum
818 4563 938 4627 recitat
962 4565 1044 4627 Eas.
1069 4560 1149 4626 llist.
1177 4557 1259 4623 eccl.
1287 4560 1322 4618 t'.
1350 4561 1388 4630 8;
1412 4553 1458 4616 Μ.

152 4668 307 4756 20,t53);
325 4668 431 4735 Basil.
459 4672 529 4758 (ap.
548 4675 590 4736 aa
614 4669 657 4735 ad
681 4667 833 4748 Clrilon.;
855 4671 902 4734 ill.
921 4667 1077 4753 32357),
1099 4662 1292 4730 Theodora.
1313 4656 1425 4743 (Praei
1446 4695 1462 4706 -
