3366 5346
605 1253 957 1338 INTRODUCTIO

160 1865 279 1929 Scripsit
304 1865 415 1928 Moyses
436 1866 546 1916 thoram
572 1866 659 1926 hanc,
681 1870 708 1916 et
728 1864 803 1916 dedit
822 1866 1013 1917 sacerdotibus
1035 1865 1099 1917 siliis
1118 1867 1201 1927 Levi,
1220 1868 1267 1931 qui
1286 1869 1437 1933 portabant

123 1967 217 2005 ercam
231 1953 352 2004 toederis
366 1953 464 2004 lahve.
480 1955 563 2004 Deut.
581 1954 629 2015 31,
645 1956 671 2005 9.

160 2042 278 2105 Scripsit
291 2043 375 2092 Iosue
389 2043 475 2092 verba
488 2044 542 2092 ista
557 2044 587 2091 in
601 2043 674 2093 libro
689 2044 786 2094 thorae
802 2045 863 2094 Dei.
880 2044 934 2095 Ios.
952 2044 995 2104 rt,
1011 2045 1055 2095 16,

158 2131 282 2182 Locutus
294 2136 337 2182 est
351 2130 464 2181 Samuel
480 2131 616 2181 Iudicium
630 2131 730 2195 Regni,
747 2137 775 2182 ct
790 2134 899 2196 scripsit
913 2135 943 2182 in
957 2133 1037 2193 titre,
1050 2138 1078 2183 et
1091 2134 1217 2196 reposuit
1229 2146 1323 2184 coram
1338 2134 1434 2187 Iahvs.

125 2221 135 2270 1
154 2219 224 2283 Reg.
245 2220 285 2281 10,
303 2220 346 2269 25.

158 2309 351 2359 Obscuritates
373 2306 482 2372 (textus)
507 2309 592 2359 Iahve
615 2310 674 2360 Deo
696 2315 791 2359 nostro
814 2310 1022 2360 commendatas
1044 2311 1148 2371 habeo;
1168 2324 1240 2375 quac
1264 2312 1339 2363 clara
1359 2317 1434 2373 sunt,

121 2397 187 2447 data
205 2401 271 2447 sunt
289 2397 371 2447 nobis
386 2400 414 2447 et
428 2397 494 2447 siliis
514 2399 619 2448 uostris
639 2399 667 2445 in
687 2410 800 2457 aevum,
819 2402 849 2447 ut
864 2397 999 2448 iaciamus
1015 2401 1110 2449 omnia
1123 2400 1209 2450 verba
1228 2401 1326 2453 thorae
1340 2402 1434 2451 huius.
1515 2452 1518 2457 ,

121 2485 204 2536 Deut.
222 2486 266 2544 29,
281 2486 314 2536 tt
332 2484 395 2550 (28).

436 2706 466 2766 1.
486 2702 532 2765 De
548 2697 628 2764 libri
648 2697 762 2765 indole
777 2709 810 2764 et
826 2698 1120 2789 interpretatione.

167 2932 196 2991 1.
216 2924 354 2991 Librum
375 2919 509 3012 antiqui
524 2921 699 2989 Hebraeis
714 2921 833 3011 primis
851 2922 991 2989 vocibus
1006 2921 1230 3013 appellabant
1241 2937 1339 2989 nunt
1352 2915 1430 3003 nhc

120 3031 326 3098 recentiores
346 3029 462 3096 iudaei
477 3030 581 3097 ctiam
601 3044 716 3094 ninum
733 3043 809 3103 izo,
829 3056 844 3088 ι(
864 3029 993 3097 librum
1009 3051 1198 3119 poenarum
1216 3058 1246 3114 n,
1268 3055 1288 3098 a
1306 3034 1432 3101 severis
1450 3084 1453 3088 Α

121 3137 238 3227 poenis
257 3159 333 3226 cap.
354 3142 396 3202 28
416 3135 565 3219 indictis,
585 3136 639 3201 vel
660 3151 759 3199 hinnu
775 3150 885 3206 nrum,
907 3135 1000 3224 quod
1020 3139 1112 3203 LXX
1130 3141 1263 3204 vertere
1284 3142 1432 3230 Δευτερε-

120 3252 231 3328 νόμων.
257 3248 299 3309 Do
319 3266 387 3332 quo
402 3243 542 3310 nomine
557 3241 659 3308 nohis
678 3263 785 3329 pauca
801 3247 881 3307 sunt
894 3240 1053 3309 dicenda.

161 3366 254 3415 cutm
269 3374 288 3416 a
306 3365 384 3426 ruet,
400 3360 560 3439 repetere.
582 3347 755 3415 infelicius
773 3347 848 3415 Cei.
869 3349 995 3437 premit
1006 3348 1292 3435 significationem
1305 3357 1427 3441 repeti-

120 3458 167 3524 tio
183 3457 267 3546 lepis
286 3480 292 3526 :
316 3485 332 3518 α
350 3458 408 3523 Hic
423 3456 513 3522 liber
527 3455 617 3521 nihil
634 3454 738 3520 habet
757 3458 894 3543 praeter
913 3455 1114 3520 memoriam
1130 3478 1242 3522 rerum
1265 3463 1344 3524 autc
1360 3459 1430 3526 dic-

119 3570 232 3630 tarum
252 3594 279 3628 ».
297 3563 435 3629 Librum
451 3561 601 3651 plurima
615 3562 682 3627 alia
696 3560 841 3643 hahere,
864 3560 976 3626 obiter
990 3560 1119 3646 legenti
1139 3566 1244 3650 patet.

164 3669 341 3759 Repetitio·
356 3669 456 3747 liber,
469 3667 608 3756 quando
622 3666 694 3733 eius
704 3665 910 3732 describitur
919 3667 1167 3757 apopraplrum.
1179 3672 1283 3745 Quem
1295 3693 1429 3738 sensum

121 3791 219 3840 ntum
237 3791 330 3838 rtrum
346 3775 463 3863 utique
480 3774 586 3840 hehet
606 3778 698 3839 Deut.
720 3779 820 3852 ii,18
836 3778 868 3837 et
883 3777 946 3838 los.
967 3779 1058 3855 8,3·2.
1077 3774 1142 3839 Sed
1157 3780 1252 3843 Dent.
1272 3799 1343 3843 non
1360 3801 1430 3845 esse

120 3903 251 3948 merum
268 3880 546 3970 praecedentium
562 3878 731 3945 librorum
744 3878 998 3967 apographum,
1014 3879 1153 3944 evidens
1168 3887 1229 3946 est.

163 3993 187 4054 E
206 3987 379 4078 repetendi
404 3985 657 4072 significatione
677 3983 854 4050 derivatur
873 3984 997 4065 altera,
1022 3985 1203 4052 serrandus.
1226 3988 1273 4054 ci.
1304 3997 1317 4054 t
1341 3995 1426 4079 ch.

119 4101 216 4179 26,8;
235 4102 253 4162 3
274 4099 356 4180 Reg.
386 4100 499 4173 18,3t‚
517 4091 580 4159 ubi
603 4091 720 4181 aliqua
742 4091 891 4158 secundo
912 4091 986 4158 fieri
1008 4093 1098 4156 LXX
1116 4094 1311 4181 exprimunt
1327 4098 1430 4164 verbo

120 4208 276 4290 δευτερὸω.
294 4206 346 4284 Α1,
364 4223 433 4289 quo
448 4222 547 4266 sensu
564 4198 627 4265 erit
642 4197 792 4264 secunda
805 4197 992 4264 territent?
1005 4198 1136 4264 anloco
1149 4204 1283 4266 tantum
1298 4207 1330 4267 et
1345 4209 1432 4270 tom-

119 4331 218 4400 pore,
246 4307 337 4397 quod
356 4313 433 4396 post
452 4305 604 4395 priorem
623 4305 739 4390 legem
760 4305 1000 4370 concinnatum
1026 4307 1214 4392 posteriore
1237 4315 1312 4396 post
1335 4309 1431 4376 illam

118 4417 193 4482 loco
209 4415 244 4481 in
263 4413 490 4505 pentateucho
512 4410 668 4497 legatur?
688 4432 734 4476 an
755 4415 933 4498 praeterea
953 4411 1057 4476 etiam
1073 4411 1241 4497 dignitate
1263 4417 1433 4482 secunda?

119 4521 280 4590 Credisne
318 4543 432 4611 porro,
464 4519 606 4586 ludaeos
637 4514 842 4605 posteriores
870 4515 1028 4602 ‹ptirrtnm
1054 4519 1275 4605 pentateuchi
1305 4520 1433 4585 librum

119 4634 297 4717 tamquam
324 4657 339 4689 «
367 4625 550 4694 secundam
575 4624 712 4688 theram
742 4648 757 4681 n
784 4622 999 4709 opposituros
1029 4624 1131 4690 fuisse
1154 4625 1435 4712 praecedentibus

512 4750 689 4788 rruuusurucn.
705 4760 737 4772 ·-
753 4747 828 4783 curru.
848 4747 873 4783 nt
892 4749 962 4784 retr.
981 4762 1010 4771 -
1030 4741 1039 4784 1
