3366 5346
214 288 276 345 3302
667 302 896 346 contaminetur
923 301 1079 347 sinesiis.

213 448 401 501 irascuntur
414 436 476 500 dci
499 458 536 501 eo
552 448 701 524 tempore
721 464 749 516 »,
768 473 812 484 -
827 434 952 501 clarius
967 438 1067 500 Hebr.
1088 457 1095 502 :
1115 437 1154 499 In
1175 434 1245 522 stne
1260 436 1348 500 carri
1364 436 1458 501 tertii
1473 460 1536 502 ea-

213 541 323 608 trelres
351 554 456 608 totam
481 541 648 608 decimam
666 555 850 631 proceritas
876 543 927 606 tui
948 542 1033 607 anni
1057 540 1163 619 iliius,
1181 564 1225 606 se.
1251 542 1360 623 tertii;
1385 543 1534 610 eandem

166 650 171 659 ’
212 670 257 715 se.
278 649 458 723 decimam,
477 671 579 736 quam
597 647 673 714 aliis
692 648 789 713 annis
804 646 1030 736 sacrisepulis
1043 647 1271 736 impendebas
1287 688 1331 696 -
1345 676 1360 706 α
1380 661 1411 713 et
1432 673 1535 739 repo-

211 778 269 820 nes
292 755 385 820 inira
404 756 527 820 ionicus
554 768 630 820 irids
652 784 681 836 o,
701 755 734 819 in
755 755 839 819 urbe
864 761 933 826 tua,
951 777 984 818 r.
1008 761 1050 819 ab
1074 784 1088 812 «
1113 754 1290 843 reiciatque
1312 755 1452 835 Leviter,
1472 757 1535 846 qui

132 850 135 855 ¹
212 860 319 926 eliam
341 884 409 926 non
435 861 534 927 liobct
550 875 687 949 partem
712 883 773 927 nac
797 861 1040 950 possessionem
1069 872 1190 945 trema,
1213 874 1245 926 ei
1264 863 1469 950 pereqriims
1492 887 1532 929 ac

209 967 364 1055 papillas
383 981 415 1032 et
435 966 553 1048 ‘riflum
570 967 633 1056 qui
654 968 746 1032 intre
759 979 879 1057 portas
895 977 972 1034 titas
991 980 1081 1051 scirit,
1105 980 1138 1032 ct
1158 965 1335 1033 concedent
1350 980 1384 1032 et
1398 982 1534 1035 saturu-

213 1074 339 1138 brmtm·
356 1095 363 1140 :
382 1087 421 1139 ut
440 1073 616 1139 beriedr'ra!
633 1074 695 1138 itti
710 1075 872 1139 liomimis
888 1078 977 1140 Deris
994 1087 1071 1139 tuiis
1087 1074 1122 1139 irc
1138 1073 1270 1139 crinalis
1286 1074 1441 1163 operibus
1457 1098 1532 1141 irtu-

213 1203 321 1245 amrm
342 1193 477 1245 terarum
493 1203 581 1269 pirae
590 1181 716 1268 seceris
735 1210 762 1245 n.

250 1370 323 1419 Num
344 1384 411 1432 ergo
429 1373 511 1420 tertio
531 1385 643 1434 quoqne
664 1384 738 1420 anno
759 1371 835 1420 nulla
853 1378 932 1421 erant
952 1372 1025 1434 apud
1045 1373 1233 1420 sanctuarium
1254 1371 1337 1436 epula
1355 1372 1450 1432 sacra?
1471 1372 1530 1421 Pri·

214 1470 289 1507 muni
309 1461 457 1508 manebant
475 1460 548 1508 illius
564 1462 629 1508 anni
651 1462 845 1523 proruperim,
864 1474 934 1523 quae
950 1475 976 1509 v.
995 1461 1026 1509 '28
1049 1474 1106 1510 non
1121 1464 1311 1509 recensentur.
1334 1460 1430 1522 Neque
1452 1461 1531 1508 atttr-

214 1554 306 1595 matnr
321 1551 418 1596 tertius
437 1562 527 1597 annus
547 1549 619 1597 idern
633 1550 796 1598 observatus
808 1563 869 1599 esse
885 1550 919 1598 ab
933 1550 1062 1599 omnibns
1077 1562 1126 1612 per
1146 1552 1234 1598 totam
1250 1551 1414 1610 regionem:
1435 1562 1530 1599 nnme-

213 1635 327 1684 rabatur
350 1638 374 1684 is
398 1636 550 1685 fortassee
574 1641 707 1698 tempore.
734 1652 789 1701 quo
813 1638 918 1687 larrrilia
940 1651 1068 1701 quaeque
1090 1652 1168 1687 snam
1193 1639 1314 1700 primurn
1345 1643 1529 1699 occupaverat
1550 1655 1556 1663 ·

214 1725 430 1786 possessionem,
448 1727 495 1773 ant
515 1726 549 1773 ab
573 1727 699 1775 hostibus
723 1727 799 1775 illam
824 1734 982 1789 receperat,
999 1732 1028 1775 ut
1054 1726 1126 1776 idem
1149 1740 1240 1776 annus
1265 1725 1428 1789 quibusdam
1454 1734 1529 1775 esset

213 1813 328 1874 primus
345 1813 407 1862 aliis
422 1815 570 1864 secundus.
587 1815 650 1863 aliis
670 1817 775 1864 tertius.
792 1815 844 1874 Qui
861 1829 911 1864 suo
927 1817 1010 1864 tertio
1030 1827 1105 1864 anno
1125 1817 1187 1863 sine
1207 1816 1322 1867 dec-imis
1336 1814 1371 1863 ad
1395 1819 1529 1863 sanctua-

213 1902 284 1949 rium
300 1902 472 1960 accederent,
489 1903 523 1951 ab
543 1904 605 1951 aliis
620 1902 738 1954 tortasse
758 1904 910 1953 liberaliter
929 1904 1135 1963 tractabantur3
1156 1918 1211 1966 qno
1232 1906 1316 1953 etiam
1334 1905 1531 1952 honestaretur

213 1995 371 2052 paupertas,
389 1991 463 2053 quod
480 1993 600 2041 universi
614 1992 764 2041 identidem
777 2006 930 2056 pauperum
945 1995 1031 2041 relati
1043 1995 1098 2042 ritu
1114 1993 1288 2042 accederent.
1306 1992 1455 2042 Praeterea
1473 2003 1530 2039 non

213 2079 344 2127 existimo
361 2093 424 2128 enm
445 2083 602 2130 necessario
621 2093 683 2131 esso
702 2095 729 2130 v.
751 2083 830 2131 ‘ll-td
854 2094 978 2139 sensnm,
996 2089 1026 2132 nt
1051 2085 1107 2132 tota
1129 2083 1264 2144 cuiusque
1284 2082 1350 2130 anni
1366 2080 1475 2129 decima
1496 2093 1530 2128 eo

214 2168 276 2228 ipso
291 2181 364 2215 anno
380 2169 453 2230 apud
469 2173 658 2219 sanctuarium
675 2166 902 2220 consumeretur:
917 2172 1007 2233 potuit
1022 2171 1127 2220 biennii
1140 2171 1276 2231 cuiusque
1294 2169 1402 2217 decima
1417 2169 1530 2218 triennii

215 2256 427 2304 necessitatibus
443 2257 574 2318 impendi.
590 2254 778 2320 Quaecunque
793 2259 896 2306 soluite
912 2259 1112 2317 citicensem,
1130 2271 1165 2312 ne
1180 2257 1290 2307 dubites
1303 2258 1426 2320 aliquam
1441 2257 1470 2304 in
1485 2257 1530 2305 liis

216 2348 353 2391 serratam
379 2356 441 2392 esse
464 2345 639 2403 irretlrodnnr,
657 2360 712 2408 qna
733 2347 883 2408 quotannis
905 2348 1009 2408 singuli
1029 2347 1103 2409 apud
1123 2348 1312 2395 sanctuarium
1335 2344 1435 2395 teatina
1454 2347 1529 2395 cele-

214 2432 328 2481 brarent
347 2434 486 2489 convivia,
509 2448 589 2483 scens
608 2435 682 2483 enirn
703 2436 746 2484 lex
767 2449 793 2483 r.
812 2436 901 2499 resq.
919 2436 1044 2499 pluribus
1061 2435 1155 2485 lutura
1174 2440 1234 2485 erat
1257 2437 1367 2484 occasio
1383 2436 1530 2497 pergrina-

216 2522 299 2569 tionis
314 2533 410 2570 sacrae
423 2522 594 2572 omittendae
604 2526 723 2585 priorum
740 2527 821 2573 tertio
833 2538 944 2588 qnoque
959 2538 1044 2584 anno,
1060 2523 1236 2586 postmodnm
1252 2538 1301 2586 per
1316 2537 1415 2573 omnes
1425 2525 1530 2586 pariter

216 2621 316 2659 annos.

257 2775 331 2840 Alia
356 2775 457 2864 plane
479 2777 520 2843 de
541 2777 681 2843 decimis
704 2777 795 2843 tradi
814 2783 910 2845 licut.
941 2783 979 2843 rt
1005 2800 1110 2866 (quam
1136 2783 1212 2843 ber.
1235 2783 1276 2842 27
1302 2782 1335 2843 et
1355 2781 1453 2842 Num.
1474 2782 1526 2853 18,

213 2881 352 2946 evidens
367 2888 426 2947 est.
444 2882 494 2947 ad
511 2905 597 2971 qnae
615 2885 850 2971 componenda
868 2883 983 2950 ludaei
1005 2883 1211 2972 posteriores
1228 2887 1420 2950 statuerunt
1442 2880 1530 2948 diros

214 2985 366 3051 decurras
379 2988 487 3074 plone
507 2989 657 3054 dicemus
683 3011 690 3056 :
717 2993 864 3077 primam
888 2994 966 3055 ch.
984 2997 1023 3056 2¹1
1041 2997 1075 3056 ct
1095 2995 1193 3056 Num.
1215 2995 1267 3069 18,
1285 2989 1327 3055 de
1345 3011 1414 3077 qua
1430 2992 1526 3055 Dent.

212 3090 327 3167 sileat;
345 3092 501 3169 alteram,
519 3116 606 3180 quae
627 3101 764 3183 praeter
787 3095 882 3161 illam
901 3098 1083 3184 quotannis
1105 3095 1329 3184 ponderatum
1351 3095 1421 3161 imo
1440 3095 1529 3161 hane

214 3198 357 3263 eandem
381 3199 565 3265 secundam
590 3201 769 3281 decimam,
788 3213 954 3290 quatenns
973 3204 1072 3268 tertio
1095 3225 1231 3291 qnoque
1250 3224 1342 3268 anno
1366 3201 1528 3290 pauperi·

214 3303 277 3369 bns
301 3304 454 3385 cedebat,
471 3306 641 3373 vocabant
665 3307 832 3375 decimam
859 3310 1007 3375 tertiam.
1025 3309 1212 3375 adstruunt
1230 3308 1337 3395 igitur
1359 3309 1526 3375 decimam

210 3411 373 3501 primam,
404 3436 472 3501 qna
498 3421 768 3481 sustentarentur
794 3416 930 3498 levitae,
956 3414 1153 3499 sectandam,
1182 3437 1251 3504 qua
1277 3416 1388 3503 primo
1415 3418 1449 3480 et
1474 3435 1528 3479 se-

214 3515 327 3585 cundo
342 3520 505 3608 cuiusque
521 3521 658 3588 triennii
673 3545 765 3588 anno
784 3522 876 3612 apud
895 3522 1127 3588 sanctuarium
1141 3521 1351 3587 haberentur
1373 3519 1529 3586 convivia

211 3646 318 3703 sacra,
342 3627 492 3705 tertiicm,
514 3651 602 3716 qnae
626 3630 724 3694 tertio
744 3651 882 3718 quoque
904 3650 995 3693 anno
1019 3627 1154 3693 cederet
1178 3629 1371 3713 egentibus
1389 3632 1437 3693 lta
1458 3629 1527 3692 los.

214 3735 291 3795 Ant,
313 3735 361 3796 lt'.
386 3739 418 3803 8,
446 3740 499 3797 ⁶22.
527 3740 601 3800 Esse
630 3741 744 3800 antem
770 3736 859 3802 lianc
888 3734 1087 3823 opinionem
1115 3734 1256 3821 losepho
1282 3732 1525 3821 antiquiorem.

214 3837 306 3903 disce
326 3861 344 3903 e
368 3840 447 3904 roo.
466 3845 495 3918 1,
516 3840 574 3906 ubi
593 3844 685 3906 LXX
701 3843 736 3906 in
760 3848 854 3907 tortu
874 3832 1056 3931 prolixiore
1080 3863 1111 3906 v.
1128 3846 1183 3906 6-8
1206 3840 1268 3905 has
1290 3846 1358 3905 tres
1377 3837 1529 3906 decimas

211 3951 399 4025 recensent,
426 3945 520 4034 l'rdq.
540 3968 570 4012 r.
592 3955 611 4012 o
633 3970 683 4035 sq.
711 3947 842 4036 primae
868 3955 901 4013 et
926 3947 1047 4014 ‘tertiae
1069 3946 1235 4019 meminit,
1258 3969 1341 4032 ergo
1363 3945 1528 4034 implicite

214 4050 315 4115 etiam
332 4052 511 4118 secundae.
535 4054 582 4118 Cf.
605 4061 662 4135 5,3
679 4054 770 4141 apud
790 4059 879 4119 ixx.
899 4059 987 4139 Ergo
1007 4053 1126 4119 Tobias
1142 4053 1255 4118 senior
1270 4061 1303 4119 ct
1319 4051 1436 4118 ludaei
1451 4073 1527 4140 pos·

212 4157 354 4221 teriones
370 4181 572 4246 persuasum
589 4159 774 4241 habebant,
792 4183 825 4225 se
840 4166 931 4225 textu
949 4166 1043 4226 Dent.
1063 4164 1102 4225 rt
1120 4159 1269 4245 obligari
1282 4159 1327 4225 ad
1342 4157 1528 4225 secundam

212 4268 348 4350 praeter
376 4266 521 4351 primam
547 4264 714 4331 decimam
748 4267 932 4355 quotannis
959 4265 1172 4345 solvendam,
1198 4265 1337 4331 omnino
1372 4264 1527 4354 quintam

213 4374 346 4455 partem
371 4378 609 4457 proventuum.
625 4378 751 4439 Tamen
772 4354 1001 4439 contra'lranc
1020 4372 1216 4461 opinionem
1238 4371 1369 4438 faciunt
1387 4390 1528 4460 sequen·

215 4482 265 4543 tes
278 4477 428 4543 rationes
444 4497 450 4542 :

261 4590 302 4663 1⁰,
320 4584 471 4671 religiosi
485 4584 563 4650 inde
582 4587 625 4651 ab
638 4585 748 4652 exsilii
766 4586 978 4675 ternporibus
1000 4586 1115 4652 ludaei
1130 4591 1228 4652 erant
1248 4606 1414 4675 perquam
1435 4583 1528 4650 solli-

214 4690 273 4758 citi
288 4690 330 4758 de
345 4693 439 4780 apice
460 4691 614 4780 quolibet
628 4693 714 4780 legis
733 4692 946 4760 observando
962 4714 969 4760 :
986 4715 1104 4759 verum
1119 4692 1209 4774 ideo,
1222 4691 1334 4778 legem
1357 4691 1460 4759 nimis
1479 4688 1527 4756 ri-
