<?xml version="1.0" encoding="UTF-8"?>
<!DOCTYPE html PUBLIC "-//W3C//DTD XHTML 1.0 Transitional//EN"
    "http://www.w3.org/TR/xhtml1/DTD/xhtml1-transitional.dtd">
<html xmlns="http://www.w3.org/1999/xhtml" xml:lang="en" lang="en">
 <head>
  <title>
</title>
<meta http-equiv="Content-Type" content="text/html;charset=utf-8" />
  <meta name='ocr-system' content='tesseract 3.04.00' />
  <meta name='ocr-capabilities' content='ocr_page ocr_carea ocr_par ocr_line ocrx_word'/>
</head>
<body>
  <div class='ocr_page' id='page_1' title='image "./commentariusind00hummgoog/commentariusind00hummgoog_0522.png"; bbox 0 0 3366 5346; ppageno 0'>
   <div class='ocr_carea' id='block_1_1' title="bbox 650 262 1436 343">
    <p class='ocr_par' dir='ltr' id='par_1_1' title="bbox 650 262 1436 343">
     <span class='ocr_line' id='line_1_1' title="bbox 650 262 1436 343; baseline 0.004 -13"><span class='ocrx_word' id='word_1_1' title='bbox 650 287 738 332; x_wconf 76' lang='lat' dir='ltr'><strong>naus.</strong></span> <span class='ocrx_word' id='word_1_2' title='bbox 764 262 920 343; x_wconf 63' lang='lat' dir='ltr'><strong>:sla-13!</strong></span> <span class='ocrx_word' id='word_1_3' title='bbox 1124 330 1127 336; x_wconf 86' lang='grc'><strong>,</strong></span> <span class='ocrx_word' id='word_1_4' title='bbox 1379 278 1436 333; x_wconf 76' lang='lat' dir='ltr'><strong>tan</strong></span> 
     </span>
    </p>
   </div>
   <div class='ocr_carea' id='block_1_2' title="bbox 125 420 1440 2322">
    <p class='ocr_par' dir='ltr' id='par_1_2' title="bbox 125 420 1434 617">
     <span class='ocr_line' id='line_1_2' title="bbox 125 420 1434 514; baseline 0.004 -26"><span class='ocrx_word' id='word_1_5' title='bbox 125 421 349 510; x_wconf 81' lang='lat' dir='ltr'><strong>infligendas,</strong></span> <span class='ocrx_word' id='word_1_6' title='bbox 371 420 533 510; x_wconf 88' lang='lat' dir='ltr'><strong>iubetque</strong></span> <span class='ocrx_word' id='word_1_7' title='bbox 557 421 706 488; x_wconf 79' lang='lat' dir='ltr'><strong>describi</strong></span> <span class='ocrx_word' id='word_1_8' title='bbox 731 421 920 504; x_wconf 80' lang='lat' dir='ltr'><strong>canticam,</strong></span> <span class='ocrx_word' id='word_1_9' title='bbox 943 421 1034 510; x_wconf 91' lang='lat' dir='ltr'><strong>quod</strong></span> <span class='ocrx_word' id='word_1_10' title='bbox 1055 421 1207 492; x_wconf 78' lang='lat' dir='ltr'><strong>futurum</strong></span> <span class='ocrx_word' id='word_1_11' title='bbox 1233 423 1276 490; x_wconf 89' lang='lat' dir='ltr'><strong>sit</strong></span> <span class='ocrx_word' id='word_1_12' title='bbox 1300 447 1434 514; x_wconf 91' lang='lat' dir='ltr'><strong>perma-</strong></span> 
     </span>
     <span class='ocr_line' id='line_1_3' title="bbox 126 527 986 617; baseline 0.001 -23"><span class='ocrx_word' id='word_1_13' title='bbox 126 551 210 596; x_wconf 90' lang='lat' dir='ltr'>nens</span> <span class='ocrx_word' id='word_1_14' title='bbox 224 528 457 594; x_wconf 88' lang='lat' dir='ltr'><strong>testimouium</strong></span> <span class='ocrx_word' id='word_1_15' title='bbox 473 542 536 617; x_wconf 89' lang='lat' dir='ltr'><strong>pro</strong></span> <span class='ocrx_word' id='word_1_16' title='bbox 551 528 652 594; x_wconf 91' lang='lat' dir='ltr'><strong>lahve</strong></span> <span class='ocrx_word' id='word_1_17' title='bbox 671 533 790 595; x_wconf 90' lang='lat' dir='ltr'><strong>contra</strong></span> <span class='ocrx_word' id='word_1_18' title='bbox 805 527 986 595; x_wconf 89' lang='lat' dir='ltr'><strong>Hebraeos.</strong></span> 
     </span>
    </p>

    <p class='ocr_par' dir='ltr' id='par_1_3' title="bbox 126 634 1437 1043">
     <span class='ocr_line' id='line_1_4' title="bbox 172 634 1433 727; baseline 0.005 -28"><span class='ocrx_word' id='word_1_19' title='bbox 172 658 202 702; x_wconf 92' lang='lat' dir='ltr'><strong>v.</strong></span> <span class='ocrx_word' id='word_1_20' title='bbox 222 641 337 702; x_wconf 87' lang='grc'><strong>23-30.</strong></span> <span class='ocrx_word' id='word_1_21' title='bbox 361 635 463 702; x_wconf 82' lang='lat' dir='ltr'><strong>Inbue</strong></span> <span class='ocrx_word' id='word_1_22' title='bbox 484 639 603 702; x_wconf 91' lang='lat' dir='ltr'><strong>losuen</strong></span> <span class='ocrx_word' id='word_1_23' title='bbox 626 634 722 702; x_wconf 89' lang='lat' dir='ltr'><strong>iubet</strong></span> <span class='ocrx_word' id='word_1_24' title='bbox 743 636 836 702; x_wconf 89' lang='lat' dir='ltr'><strong>bono</strong></span> <span class='ocrx_word' id='word_1_25' title='bbox 854 635 969 701; x_wconf 87' lang='lat' dir='ltr'><strong>animo</strong></span> <span class='ocrx_word' id='word_1_26' title='bbox 991 657 1073 702; x_wconf 86' lang='lat' dir='ltr'><strong>esse.</strong></span> <span class='ocrx_word' id='word_1_27' title='bbox 1095 636 1263 727; x_wconf 87' lang='lat' dir='ltr'><strong>Scriptam</strong></span> <span class='ocrx_word' id='word_1_28' title='bbox 1284 637 1433 716; x_wconf 75' lang='lat' dir='ltr'><strong>thornua,</strong></span> 
     </span>
     <span class='ocr_line' id='line_1_5' title="bbox 127 740 1436 832; baseline 0.003 -24"><span class='ocrx_word' id='word_1_29' title='bbox 127 764 214 832; x_wconf 89' lang='lat' dir='ltr'><strong>quae</strong></span> <span class='ocrx_word' id='word_1_30' title='bbox 241 746 274 819; x_wconf 82' lang='lat' dir='ltr'><strong>et</strong></span> <span class='ocrx_word' id='word_1_31' title='bbox 292 740 365 831; x_wconf 87' lang='lat' dir='ltr'><strong>ipsa</strong></span> <span class='ocrx_word' id='word_1_32' title='bbox 383 740 576 810; x_wconf 82' lang='lat' dir='ltr'><strong>affirmatur</strong></span> <span class='ocrx_word' id='word_1_33' title='bbox 594 740 631 807; x_wconf 94' lang='lat' dir='ltr'><strong>in</strong></span> <span class='ocrx_word' id='word_1_34' title='bbox 651 741 883 808; x_wconf 87' lang='lat' dir='ltr'><strong>testimonium</strong></span> <span class='ocrx_word' id='word_1_35' title='bbox 903 763 972 809; x_wconf 89' lang='lat' dir='ltr'><strong>esse</strong></span> <span class='ocrx_word' id='word_1_36' title='bbox 992 742 1174 826; x_wconf 82' lang='lat' dir='ltr'><strong>servanda,</strong></span> <span class='ocrx_word' id='word_1_37' title='bbox 1192 744 1436 812; x_wconf 89' lang='lat' dir='ltr'><strong>asservandam</strong></span> 
     </span>
     <span class='ocr_line' id='line_1_6' title="bbox 126 847 1437 940; baseline 0.003 -26"><span class='ocrx_word' id='word_1_38' title='bbox 126 848 229 915; x_wconf 78' lang='lat' dir='ltr'><strong>tradit</strong></span> <span class='ocrx_word' id='word_1_39' title='bbox 240 853 365 936; x_wconf 77' lang='lat' dir='ltr'>Moyses</span> <span class='ocrx_word' id='word_1_40' title='bbox 377 878 392 909; x_wconf 91' lang='lat'>«</span> <span class='ocrx_word' id='word_1_41' title='bbox 411 847 533 932; x_wconf 88' lang='lat' dir='ltr'><strong>levitis,</strong></span> <span class='ocrx_word' id='word_1_42' title='bbox 550 849 609 940; x_wconf 92' lang='lat' dir='ltr'><strong>qui</strong></span> <span class='ocrx_word' id='word_1_43' title='bbox 625 849 808 938; x_wconf 88' lang='lat' dir='ltr'><strong>portabant</strong></span> <span class='ocrx_word' id='word_1_44' title='bbox 823 870 935 915; x_wconf 89' lang='lat' dir='ltr'><strong>arcam</strong></span> <span class='ocrx_word' id='word_1_45' title='bbox 951 847 1098 915; x_wconf 84' lang='lat' dir='ltr'><strong>foederis</strong></span> <span class='ocrx_word' id='word_1_46' title='bbox 1115 849 1251 916; x_wconf 87' lang='lat' dir='ltr'>Domini</span> <span class='ocrx_word' id='word_1_47' title='bbox 1268 878 1298 917; x_wconf 85' lang='lat'><strong>».</strong></span> <span class='ocrx_word' id='word_1_48' title='bbox 1317 856 1437 918; x_wconf 85' lang='lat' dir='ltr'><strong>Coacta</strong></span> 
     </span>
     <span class='ocr_line' id='line_1_7' title="bbox 128 953 923 1043; baseline -0.001 -22"><span class='ocrx_word' id='word_1_49' title='bbox 128 955 291 1021; x_wconf 84' lang='lat' dir='ltr'><strong>concione</strong></span> <span class='ocrx_word' id='word_1_50' title='bbox 316 953 516 1043; x_wconf 81' lang='lat' dir='ltr'><strong>pronuntiat</strong></span> <span class='ocrx_word' id='word_1_51' title='bbox 535 955 650 1021; x_wconf 89' lang='lat' dir='ltr'><strong>omnia</strong></span> <span class='ocrx_word' id='word_1_52' title='bbox 665 954 772 1023; x_wconf 89' lang='lat' dir='ltr'><strong>verba</strong></span> <span class='ocrx_word' id='word_1_53' title='bbox 782 954 923 1022; x_wconf 73' lang='lat' dir='ltr'><strong>corat-ici.</strong></span> 
     </span>
    </p>

    <p class='ocr_par' dir='ltr' id='par_1_4' title="bbox 125 1061 1440 2322">
     <span class='ocr_line' id='line_1_8' title="bbox 170 1061 1439 1153; baseline 0.002 -25"><span class='ocrx_word' id='word_1_54' title='bbox 170 1067 234 1128; x_wconf 91' lang='lat' dir='ltr'><strong>llos</strong></span> <span class='ocrx_word' id='word_1_55' title='bbox 247 1068 314 1127; x_wconf 85' lang='lat' dir='ltr'><strong>tres</strong></span> <span class='ocrx_word' id='word_1_56' title='bbox 329 1061 492 1128; x_wconf 83' lang='lat' dir='ltr'><strong>articulos</strong></span> <span class='ocrx_word' id='word_1_57' title='bbox 509 1084 579 1128; x_wconf 91' lang='lat' dir='ltr'><strong>non</strong></span> <span class='ocrx_word' id='word_1_58' title='bbox 598 1061 733 1128; x_wconf 82' lang='lat' dir='ltr'><strong>efficere</strong></span> <span class='ocrx_word' id='word_1_59' title='bbox 748 1083 854 1129; x_wconf 90' lang='lat' dir='ltr'><strong>unam</strong></span> <span class='ocrx_word' id='word_1_60' title='bbox 869 1061 1066 1130; x_wconf 88' lang='lat' dir='ltr'><strong>continuam</strong></span> <span class='ocrx_word' id='word_1_61' title='bbox 1081 1063 1327 1146; x_wconf 81' lang='lat' dir='ltr'><strong>narrationem,</strong></span> <span class='ocrx_word' id='word_1_62' title='bbox 1346 1069 1439 1153; x_wconf 89' lang='lat' dir='ltr'><strong>patet</strong></span> 
     </span>
     <span class='ocr_line' id='line_1_9' title="bbox 125 1167 1435 1259; baseline 0.007 -30"><span class='ocrx_word' id='word_1_63' title='bbox 125 1167 180 1234; x_wconf 90' lang='lat' dir='ltr'><strong>vel</strong></span> <span class='ocrx_word' id='word_1_64' title='bbox 195 1167 305 1234; x_wconf 88' lang='lat' dir='ltr'><strong>obiter</strong></span> <span class='ocrx_word' id='word_1_65' title='bbox 317 1167 445 1252; x_wconf 83' lang='lat' dir='ltr'><strong>legenti</strong></span> <span class='ocrx_word' id='word_1_66' title='bbox 464 1188 537 1257; x_wconf 88' lang='lat' dir='ltr'><strong>cap.</strong></span> <span class='ocrx_word' id='word_1_67' title='bbox 561 1175 615 1236; x_wconf 86' lang='grc'><strong>31.</strong></span> <span class='ocrx_word' id='word_1_68' title='bbox 635 1172 730 1235; x_wconf 89' lang='lat' dir='ltr'><strong>losue</strong></span> <span class='ocrx_word' id='word_1_69' title='bbox 745 1167 836 1235; x_wconf 89' lang='lat' dir='ltr'><strong>buno</strong></span> <span class='ocrx_word' id='word_1_70' title='bbox 851 1167 967 1235; x_wconf 91' lang='lat' dir='ltr'><strong>animo</strong></span> <span class='ocrx_word' id='word_1_71' title='bbox 983 1167 1122 1235; x_wconf 90' lang='lat' dir='ltr'><strong>iubetur</strong></span> <span class='ocrx_word' id='word_1_72' title='bbox 1141 1189 1211 1235; x_wconf 88' lang='lat' dir='ltr'><strong>esse</strong></span> <span class='ocrx_word' id='word_1_73' title='bbox 1226 1170 1281 1236; x_wconf 88' lang='lat' dir='ltr'><strong>bis</strong></span> <span class='ocrx_word' id='word_1_74' title='bbox 1301 1193 1333 1237; x_wconf 94' lang='lat' dir='ltr'><strong>v.</strong></span> <span class='ocrx_word' id='word_1_75' title='bbox 1352 1178 1435 1259; x_wconf 75' lang='lat' dir='ltr'><strong>ttsq.</strong></span> 
     </span>
     <span class='ocr_line' id='line_1_10' title="bbox 126 1273 1435 1364; baseline 0.002 -24"><span class='ocrx_word' id='word_1_76' title='bbox 126 1280 180 1353; x_wconf 89' lang='grc'><strong>23,</strong></span> <span class='ocrx_word' id='word_1_77' title='bbox 197 1273 310 1340; x_wconf 87' lang='lat' dir='ltr'><strong>verbis</strong></span> <span class='ocrx_word' id='word_1_78' title='bbox 332 1275 388 1339; x_wconf 86' lang='lat' dir='ltr'><strong>vix</strong></span> <span class='ocrx_word' id='word_1_79' title='bbox 402 1297 473 1341; x_wconf 93' lang='lat' dir='ltr'><strong>non</strong></span> <span class='ocrx_word' id='word_1_80' title='bbox 490 1274 621 1341; x_wconf 88' lang='lat' dir='ltr'><strong>iisdem.</strong></span> <span class='ocrx_word' id='word_1_81' title='bbox 648 1275 778 1364; x_wconf 85' lang='lat' dir='ltr'><strong>Scripta</strong></span> <span class='ocrx_word' id='word_1_82' title='bbox 795 1276 896 1343; x_wconf 90' lang='lat' dir='ltr'><strong>thora</strong></span> <span class='ocrx_word' id='word_1_83' title='bbox 916 1274 967 1341; x_wconf 93' lang='lat' dir='ltr'><strong>bis</strong></span> <span class='ocrx_word' id='word_1_84' title='bbox 987 1274 1135 1342; x_wconf 83' lang='lat' dir='ltr'><strong>traditur</strong></span> <span class='ocrx_word' id='word_1_85' title='bbox 1154 1275 1233 1342; x_wconf 89' lang='lat' dir='ltr'><strong>filiis</strong></span> <span class='ocrx_word' id='word_1_86' title='bbox 1254 1277 1330 1344; x_wconf 90' lang='lat' dir='ltr'><strong>Levi</strong></span> <span class='ocrx_word' id='word_1_87' title='bbox 1350 1299 1381 1343; x_wconf 90' lang='lat' dir='ltr'><strong>v.</strong></span> <span class='ocrx_word' id='word_1_88' title='bbox 1403 1284 1435 1343; x_wconf 85' lang='grc'><strong>9.</strong></span> 
     </span>
     <span class='ocr_line' id='line_1_11' title="bbox 127 1380 1438 1469; baseline 0.003 -24"><span class='ocrx_word' id='word_1_89' title='bbox 127 1387 180 1448; x_wconf 67' lang='lat' dir='ltr'><strong>it.</strong></span> <span class='ocrx_word' id='word_1_90' title='bbox 199 1381 350 1446; x_wconf 89' lang='lat' dir='ltr'><strong>Primum</strong></span> <span class='ocrx_word' id='word_1_91' title='bbox 362 1402 383 1447; x_wconf 91' lang='lat' dir='ltr'><strong>a</strong></span> <span class='ocrx_word' id='word_1_92' title='bbox 395 1385 502 1469; x_wconf 71' lang='lat' dir='ltr'><strong>Moyse</strong></span> <span class='ocrx_word' id='word_1_93' title='bbox 517 1382 652 1448; x_wconf 81' lang='lat' dir='ltr'><strong>futurus</strong></span> <span class='ocrx_word' id='word_1_94' title='bbox 667 1380 736 1448; x_wconf 83' lang='lat' dir='ltr'><strong>dux</strong></span> <span class='ocrx_word' id='word_1_95' title='bbox 755 1380 950 1448; x_wconf 87' lang='lat' dir='ltr'><strong>declaratur</strong></span> <span class='ocrx_word' id='word_1_96' title='bbox 967 1386 1061 1448; x_wconf 86' lang='lat' dir='ltr'><strong>losue</strong></span> <span class='ocrx_word' id='word_1_97' title='bbox 1079 1388 1112 1449; x_wconf 85' lang='lat' dir='ltr'><strong>ct</strong></span> <span class='ocrx_word' id='word_1_98' title='bbox 1131 1383 1222 1449; x_wconf 91' lang='lat' dir='ltr'><strong>bono</strong></span> <span class='ocrx_word' id='word_1_99' title='bbox 1236 1383 1352 1449; x_wconf 90' lang='lat' dir='ltr'><strong>animo</strong></span> <span class='ocrx_word' id='word_1_100' title='bbox 1368 1405 1438 1449; x_wconf 88' lang='lat' dir='ltr'><strong>esse</strong></span> 
     </span>
     <span class='ocr_line' id='line_1_12' title="bbox 127 1486 1438 1581; baseline 0.003 -29"><span class='ocrx_word' id='word_1_101' title='bbox 127 1486 278 1567; x_wconf 90' lang='lat' dir='ltr'><strong>iubetur,</strong></span> <span class='ocrx_word' id='word_1_102' title='bbox 295 1492 412 1575; x_wconf 89' lang='lat' dir='ltr'><strong>postea</strong></span> <span class='ocrx_word' id='word_1_103' title='bbox 431 1510 450 1554; x_wconf 92' lang='lat' dir='ltr'><strong>a</strong></span> <span class='ocrx_word' id='word_1_104' title='bbox 468 1487 570 1554; x_wconf 85' lang='lat' dir='ltr'><strong>labve</strong></span> <span class='ocrx_word' id='word_1_105' title='bbox 591 1511 598 1556; x_wconf 91' lang='lat'>:</span> <span class='ocrx_word' id='word_1_106' title='bbox 621 1509 741 1554; x_wconf 87' lang='lat' dir='ltr'><strong>verum</strong></span> <span class='ocrx_word' id='word_1_107' title='bbox 760 1487 793 1554; x_wconf 91' lang='lat' dir='ltr'><strong>id</strong></span> <span class='ocrx_word' id='word_1_108' title='bbox 818 1487 945 1581; x_wconf 24' lang='lat' dir='ltr'><strong>lahveln</strong></span> <span class='ocrx_word' id='word_1_109' title='bbox 967 1487 1118 1577; x_wconf 91' lang='lat' dir='ltr'><strong>primum</strong></span> <span class='ocrx_word' id='word_1_110' title='bbox 1139 1488 1339 1572; x_wconf 84' lang='lat' dir='ltr'><strong>declarasse,</strong></span> <span class='ocrx_word' id='word_1_111' title='bbox 1356 1512 1438 1558; x_wconf 86' lang='lat' dir='ltr'><strong>nec·</strong></span> 
     </span>
     <span class='ocr_line' id='line_1_13' title="bbox 126 1593 1437 1686; baseline 0.003 -27"><span class='ocrx_word' id='word_1_112' title='bbox 126 1593 223 1659; x_wconf 89' lang='lat' dir='ltr'><strong>nisia</strong></span> <span class='ocrx_word' id='word_1_113' title='bbox 239 1593 340 1659; x_wconf 87' lang='lat' dir='ltr'><strong>lahve</strong></span> <span class='ocrx_word' id='word_1_114' title='bbox 356 1594 565 1661; x_wconf 88' lang='lat' dir='ltr'><strong>declaratum</strong></span> <span class='ocrx_word' id='word_1_115' title='bbox 585 1594 824 1684; x_wconf 83' lang='lat' dir='ltr'><strong>promulgasse</strong></span> <span class='ocrx_word' id='word_1_116' title='bbox 843 1599 989 1682; x_wconf 73' lang='lat' dir='ltr'><strong>ltoysen,</strong></span> <span class='ocrx_word' id='word_1_117' title='bbox 1008 1599 1102 1685; x_wconf 87' lang='lat' dir='ltr'><strong>patet</strong></span> <span class='ocrx_word' id='word_1_118' title='bbox 1122 1617 1200 1662; x_wconf 91' lang='lat' dir='ltr'><strong>cum</strong></span> <span class='ocrx_word' id='word_1_119' title='bbox 1218 1618 1280 1686; x_wconf 89' lang='lat' dir='ltr'><strong>pcr</strong></span> <span class='ocrx_word' id='word_1_120' title='bbox 1293 1618 1341 1679; x_wconf 88' lang='lat' dir='ltr'><strong>se,</strong></span> <span class='ocrx_word' id='word_1_121' title='bbox 1363 1601 1437 1663; x_wconf 93' lang='lat' dir='ltr'><strong>tum</strong></span> 
     </span>
     <span class='ocr_line' id='line_1_14' title="bbox 127 1699 1438 1791; baseline 0.003 -26"><span class='ocrx_word' id='word_1_122' title='bbox 127 1722 145 1765; x_wconf 89' lang='lat' dir='ltr'><strong>e</strong></span> <span class='ocrx_word' id='word_1_123' title='bbox 165 1700 360 1767; x_wconf 89' lang='lat' dir='ltr'><strong>narratione</strong></span> <span class='ocrx_word' id='word_1_124' title='bbox 377 1700 539 1768; x_wconf 90' lang='lat' dir='ltr'><strong>historica</strong></span> <span class='ocrx_word' id='word_1_125' title='bbox 558 1705 656 1767; x_wconf 89' lang='lat' dir='ltr'><strong>Num.</strong></span> <span class='ocrx_word' id='word_1_126' title='bbox 681 1707 783 1781; x_wconf 82' lang='grc'><strong>27,12</strong></span> <span class='ocrx_word' id='word_1_127' title='bbox 803 1723 880 1791; x_wconf 85' lang='lat' dir='ltr'><strong>sqq.</strong></span> <span class='ocrx_word' id='word_1_128' title='bbox 903 1699 1000 1778; x_wconf 78' lang='lat' dir='ltr'><strong>Quod</strong></span> <span class='ocrx_word' id='word_1_129' title='bbox 1015 1701 1137 1767; x_wconf 88' lang='lat' dir='ltr'><strong>hurum</strong></span> <span class='ocrx_word' id='word_1_130' title='bbox 1152 1709 1339 1769; x_wconf 88' lang='lat' dir='ltr'><strong>eventuum</strong></span> <span class='ocrx_word' id='word_1_131' title='bbox 1354 1702 1438 1770; x_wconf 92' lang='lat' dir='ltr'><strong>ordo</strong></span> 
     </span>
     <span class='ocr_line' id='line_1_15' title="bbox 129 1807 1439 1898; baseline 0.003 -26"><span class='ocrx_word' id='word_1_132' title='bbox 129 1808 321 1874; x_wconf 90' lang='lat' dir='ltr'><strong>invertatur</strong></span> <span class='ocrx_word' id='word_1_133' title='bbox 340 1812 435 1874; x_wconf 83' lang='lat' dir='ltr'><strong>Dent.</strong></span> <span class='ocrx_word' id='word_1_134' title='bbox 459 1813 550 1890; x_wconf 81' lang='grc'><strong>3,21.</strong></span> <span class='ocrx_word' id='word_1_135' title='bbox 568 1813 610 1875; x_wconf 89' lang='grc'><strong>28</strong></span> <span class='ocrx_word' id='word_1_136' title='bbox 627 1831 693 1897; x_wconf 84' lang='lat' dir='ltr'><strong>sq.,</strong></span> <span class='ocrx_word' id='word_1_137' title='bbox 717 1808 756 1874; x_wconf 87' lang='lat' dir='ltr'><strong>fit</strong></span> <span class='ocrx_word' id='word_1_138' title='bbox 777 1831 795 1874; x_wconf 85' lang='lat' dir='ltr'><strong>e</strong></span> <span class='ocrx_word' id='word_1_139' title='bbox 819 1807 950 1874; x_wconf 89' lang='lat' dir='ltr'><strong>ratione</strong></span> <span class='ocrx_word' id='word_1_140' title='bbox 970 1807 1152 1890; x_wconf 86' lang='lat' dir='ltr'><strong>rhetorica,</strong></span> <span class='ocrx_word' id='word_1_141' title='bbox 1169 1831 1258 1898; x_wconf 90' lang='lat' dir='ltr'><strong>quae</strong></span> <span class='ocrx_word' id='word_1_142' title='bbox 1274 1809 1310 1876; x_wconf 88' lang='lat' dir='ltr'><strong>h.</strong></span> <span class='ocrx_word' id='word_1_143' title='bbox 1327 1809 1349 1874; x_wconf 94' lang='lat' dir='ltr'><strong>l.</strong></span> <span class='ocrx_word' id='word_1_144' title='bbox 1366 1832 1439 1876; x_wconf 92' lang='lat' dir='ltr'><strong>non</strong></span> 
     </span>
     <span class='ocr_line' id='line_1_16' title="bbox 127 1912 1438 1982; baseline 0.002 -4"><span class='ocrx_word' id='word_1_145' title='bbox 127 1912 270 1980; x_wconf 89' lang='lat' dir='ltr'><strong>obtinet.</strong></span> <span class='ocrx_word' id='word_1_146' title='bbox 293 1917 359 1979; x_wconf 88' lang='lat' dir='ltr'><strong>Cur</strong></span> <span class='ocrx_word' id='word_1_147' title='bbox 384 1915 483 1980; x_wconf 91' lang='lat' dir='ltr'><strong>thora</strong></span> <span class='ocrx_word' id='word_1_148' title='bbox 504 1937 536 1981; x_wconf 86' lang='lat' dir='ltr'><strong>v.</strong></span> <span class='ocrx_word' id='word_1_149' title='bbox 556 1920 575 1980; x_wconf 88' lang='grc'>9</span> <span class='ocrx_word' id='word_1_150' title='bbox 593 1914 742 1980; x_wconf 88' lang='lat' dir='ltr'><strong>traditur</strong></span> <span class='ocrx_word' id='word_1_151' title='bbox 762 1943 777 1975; x_wconf 77' lang='grc' dir='ltr'>α</span> <span class='ocrx_word' id='word_1_152' title='bbox 802 1914 1037 1981; x_wconf 89' lang='lat' dir='ltr'><strong>sacerdotibus</strong></span> <span class='ocrx_word' id='word_1_153' title='bbox 1060 1913 1139 1980; x_wconf 90' lang='lat' dir='ltr'><strong>tiliis</strong></span> <span class='ocrx_word' id='word_1_154' title='bbox 1160 1915 1238 1981; x_wconf 86' lang='lat' dir='ltr'><strong>Levi</strong></span> <span class='ocrx_word' id='word_1_155' title='bbox 1260 1944 1275 1975; x_wconf 64' lang='grc' dir='ltr'>η</span> <span class='ocrx_word' id='word_1_156' title='bbox 1297 1922 1377 1982; x_wconf 84' lang='lat' dir='ltr'><strong>etv.</strong></span> <span class='ocrx_word' id='word_1_157' title='bbox 1396 1921 1438 1981; x_wconf 84' lang='grc'><strong>25</strong></span> 
     </span>
     <span class='ocr_line' id='line_1_17' title="bbox 129 2018 1437 2110; baseline 0.003 -26"><span class='ocrx_word' id='word_1_158' title='bbox 129 2047 144 2080; x_wconf 93' lang='lat'>«</span> <span class='ocrx_word' id='word_1_159' title='bbox 173 2018 285 2087; x_wconf 86' lang='lat' dir='ltr'><strong>levitis</strong></span> <span class='ocrx_word' id='word_1_160' title='bbox 311 2048 345 2100; x_wconf 87' lang='lat'><strong>»,</strong></span> <span class='ocrx_word' id='word_1_161' title='bbox 367 2019 492 2110; x_wconf 90' lang='lat' dir='ltr'><strong>quibus</strong></span> <span class='ocrx_word' id='word_1_162' title='bbox 522 2021 662 2088; x_wconf 89' lang='lat' dir='ltr'><strong>diversis</strong></span> <span class='ocrx_word' id='word_1_163' title='bbox 690 2019 890 2087; x_wconf 90' lang='lat' dir='ltr'><strong>nominibus</strong></span> <span class='ocrx_word' id='word_1_164' title='bbox 910 2019 1015 2087; x_wconf 90' lang='lat' dir='ltr'><strong>iidem</strong></span> <span class='ocrx_word' id='word_1_165' title='bbox 1047 2026 1274 2109; x_wconf 81' lang='lat' dir='ltr'><strong>«portatores</strong></span> <span class='ocrx_word' id='word_1_166' title='bbox 1296 2043 1394 2088; x_wconf 87' lang='lat' dir='ltr'><strong>arcae</strong></span> <span class='ocrx_word' id='word_1_167' title='bbox 1421 2049 1437 2082; x_wconf 89' lang='lat'>»</span> 
     </span>
     <span class='ocr_line' id='line_1_18' title="bbox 128 2124 1439 2216; baseline 0.003 -26"><span class='ocrx_word' id='word_1_168' title='bbox 128 2124 374 2212; x_wconf 78' lang='lat' dir='ltr'><strong>designantur?</strong></span> <span class='ocrx_word' id='word_1_169' title='bbox 393 2150 424 2194; x_wconf 91' lang='lat' dir='ltr'><strong>v.</strong></span> <span class='ocrx_word' id='word_1_170' title='bbox 443 2133 485 2192; x_wconf 93' lang='grc'><strong>23</strong></span> <span class='ocrx_word' id='word_1_171' title='bbox 501 2126 673 2193; x_wconf 85' lang='lat' dir='ltr'><strong>habentur</strong></span> <span class='ocrx_word' id='word_1_172' title='bbox 686 2127 801 2207; x_wconf 90' lang='lat' dir='ltr'><strong>verba,</strong></span> <span class='ocrx_word' id='word_1_173' title='bbox 817 2148 906 2215; x_wconf 88' lang='lat' dir='ltr'><strong>quae</strong></span> <span class='ocrx_word' id='word_1_174' title='bbox 920 2147 992 2192; x_wconf 92' lang='lat' dir='ltr'><strong>nou</strong></span> <span class='ocrx_word' id='word_1_175' title='bbox 1007 2133 1149 2216; x_wconf 88' lang='lat' dir='ltr'><strong>possunt</strong></span> <span class='ocrx_word' id='word_1_176' title='bbox 1164 2149 1235 2195; x_wconf 91' lang='lat' dir='ltr'><strong>esse</strong></span> <span class='ocrx_word' id='word_1_177' title='bbox 1250 2126 1317 2193; x_wconf 91' lang='lat' dir='ltr'><strong>nisi</strong></span> <span class='ocrx_word' id='word_1_178' title='bbox 1336 2127 1439 2194; x_wconf 89' lang='lat' dir='ltr'><strong>labvc</strong></span> 
     </span>
     <span class='ocr_line' id='line_1_19' title="bbox 127 2231 1440 2322; baseline 0.002 -25"><span class='ocrx_word' id='word_1_179' title='bbox 127 2231 318 2322; x_wconf 88' lang='lat' dir='ltr'><strong>loquentis:</strong></span> <span class='ocrx_word' id='word_1_180' title='bbox 337 2240 450 2299; x_wconf 88' lang='lat' dir='ltr'><strong>tamen</strong></span> <span class='ocrx_word' id='word_1_181' title='bbox 466 2232 656 2299; x_wconf 90' lang='lat' dir='ltr'><strong>subiectum</strong></span> <span class='ocrx_word' id='word_1_182' title='bbox 677 2255 708 2298; x_wconf 89' lang='lat' dir='ltr'><strong>v.</strong></span> <span class='ocrx_word' id='word_1_183' title='bbox 736 2239 777 2299; x_wconf 90' lang='grc'><strong>23</strong></span> <span class='ocrx_word' id='word_1_184' title='bbox 793 2255 862 2298; x_wconf 92' lang='lat' dir='ltr'><strong>non</strong></span> <span class='ocrx_word' id='word_1_185' title='bbox 879 2232 1083 2322; x_wconf 82' lang='lat' dir='ltr'><strong>exprimitur</strong></span> <span class='ocrx_word' id='word_1_186' title='bbox 1098 2233 1183 2321; x_wconf 86' lang='lat' dir='ltr'><strong>(sola</strong></span> <span class='ocrx_word' id='word_1_187' title='bbox 1207 2233 1300 2322; x_wconf 76' lang='lat' dir='ltr'><strong>anq.</strong></span> <span class='ocrx_word' id='word_1_188' title='bbox 1323 2234 1440 2299; x_wconf 82' lang='lat' dir='ltr'><strong>Domi·</strong></span> 
     </span>
    </p>
   </div>
   <div class='ocr_carea' id='block_1_3' title="bbox 127 2338 1437 2531">
    <p class='ocr_par' dir='ltr' id='par_1_5' title="bbox 127 2338 1437 2531">
     <span class='ocr_line' id='line_1_20' title="bbox 127 2338 1437 2429; baseline 0.003 -26"><span class='ocrx_word' id='word_1_189' title='bbox 127 2340 221 2427; x_wconf 69' lang='lat' dir='ltr'><strong>rores),</strong></span> <span class='ocrx_word' id='word_1_190' title='bbox 246 2346 279 2405; x_wconf 89' lang='lat' dir='ltr'><strong>et</strong></span> <span class='ocrx_word' id='word_1_191' title='bbox 297 2341 521 2426; x_wconf 81' lang='lat' dir='ltr'><strong>grammatice</strong></span> <span class='ocrx_word' id='word_1_192' title='bbox 539 2339 804 2428; x_wconf 91' lang='lat' dir='ltr'><strong>supponendum</strong></span> <span class='ocrx_word' id='word_1_193' title='bbox 824 2346 909 2406; x_wconf 88' lang='lat' dir='ltr'><strong>osset</strong></span> <span class='ocrx_word' id='word_1_194' title='bbox 934 2361 1004 2406; x_wconf 87' lang='lat' dir='ltr'><strong>esse</strong></span> <span class='ocrx_word' id='word_1_195' title='bbox 1025 2338 1119 2406; x_wconf 91' lang='lat' dir='ltr'><strong>idem</strong></span> <span class='ocrx_word' id='word_1_196' title='bbox 1141 2347 1246 2429; x_wconf 88' lang='lat' dir='ltr'><strong>atque</strong></span> <span class='ocrx_word' id='word_1_197' title='bbox 1266 2363 1298 2405; x_wconf 92' lang='lat' dir='ltr'><strong>v.</strong></span> <span class='ocrx_word' id='word_1_198' title='bbox 1322 2345 1376 2423; x_wconf 90' lang='grc'><strong>22,</strong></span> <span class='ocrx_word' id='word_1_199' title='bbox 1392 2363 1437 2407; x_wconf 92' lang='lat' dir='ltr'><strong>sc.</strong></span> 
     </span>
     <span class='ocr_line' id='line_1_21' title="bbox 131 2450 266 2531; baseline 0.007 -21"><span class='ocrx_word' id='word_1_200' title='bbox 131 2450 266 2531; x_wconf 79' lang='lat' dir='ltr'><strong>Moyses.</strong></span> 
     </span>
    </p>
   </div>
   <div class='ocr_carea' id='block_1_4' title="bbox 54 2550 1649 2641">
    <p class='ocr_par' dir='ltr' id='par_1_6' title="bbox 54 2550 1649 2641">
     <span class='ocr_line' id='line_1_22' title="bbox 54 2550 1649 2641; baseline 0.002 -26"><span class='ocrx_word' id='word_1_201' title='bbox 54 2571 57 2576; x_wconf 76' lang='grc'><strong>’</strong></span> <span class='ocrx_word' id='word_1_202' title='bbox 172 2550 221 2616; x_wconf 80' lang='lat' dir='ltr'><strong>Ad</strong></span> <span class='ocrx_word' id='word_1_203' title='bbox 237 2551 418 2618; x_wconf 87' lang='lat' dir='ltr'><strong>solvendas</strong></span> <span class='ocrx_word' id='word_1_204' title='bbox 433 2552 653 2618; x_wconf 80' lang='lat' dir='ltr'><strong>difficultates</strong></span> <span class='ocrx_word' id='word_1_205' title='bbox 671 2552 820 2632; x_wconf 87' lang='lat' dir='ltr'><strong>adverte,</strong></span> <span class='ocrx_word' id='word_1_206' title='bbox 839 2576 870 2618; x_wconf 93' lang='lat' dir='ltr'><strong>v.</strong></span> <span class='ocrx_word' id='word_1_207' title='bbox 890 2558 930 2617; x_wconf 89' lang='grc'><strong>23</strong></span> <span class='ocrx_word' id='word_1_208' title='bbox 943 2574 994 2641; x_wconf 83' lang='lat' dir='ltr'><strong>sq.</strong></span> <span class='ocrx_word' id='word_1_209' title='bbox 1013 2552 1083 2638; x_wconf 82' lang='lat' dir='ltr'><strong>logi</strong></span> <span class='ocrx_word' id='word_1_210' title='bbox 1102 2553 1177 2618; x_wconf 88' lang='lat' dir='ltr'><strong>loco</strong></span> <span class='ocrx_word' id='word_1_211' title='bbox 1194 2575 1264 2618; x_wconf 93' lang='lat' dir='ltr'><strong>non</strong></span> <span class='ocrx_word' id='word_1_212' title='bbox 1281 2552 1439 2634; x_wconf 90' lang='lat' dir='ltr'><strong>suo,sed</strong></span> <span class='ocrx_word' id='word_1_213' title='bbox 1569 2599 1574 2607; x_wconf 80' lang='lat'><strong>·</strong></span> <span class='ocrx_word' id='word_1_214' title='bbox 1644 2568 1649 2575; x_wconf 92' lang='grc'><strong>’</strong></span> 
     </span>
    </p>
   </div>
   <div class='ocr_carea' id='block_1_5' title="bbox 128 2657 1472 4770">
    <p class='ocr_par' dir='ltr' id='par_1_7' title="bbox 128 2657 1472 4452">
     <span class='ocr_line' id='line_1_23' title="bbox 130 2657 1441 2747; baseline 0.003 -25"><span class='ocrx_word' id='word_1_215' title='bbox 130 2658 382 2724; x_wconf 76' lang='lat' dir='ltr'><strong>transferendos</strong></span> <span class='ocrx_word' id='word_1_216' title='bbox 394 2681 465 2725; x_wconf 88' lang='lat' dir='ltr'><strong>esse</strong></span> <span class='ocrx_word' id='word_1_217' title='bbox 479 2658 522 2725; x_wconf 91' lang='lat' dir='ltr'><strong>ad</strong></span> <span class='ocrx_word' id='word_1_218' title='bbox 537 2657 665 2725; x_wconf 88' lang='lat' dir='ltr'><strong>calcem</strong></span> <span class='ocrx_word' id='word_1_219' title='bbox 681 2681 712 2724; x_wconf 91' lang='lat' dir='ltr'><strong>v.</strong></span> <span class='ocrx_word' id='word_1_220' title='bbox 731 2663 781 2725; x_wconf 86' lang='grc'><strong>15.</strong></span> <span class='ocrx_word' id='word_1_221' title='bbox 802 2659 855 2726; x_wconf 91' lang='lat' dir='ltr'><strong>Sic</strong></span> <span class='ocrx_word' id='word_1_222' title='bbox 872 2657 1013 2724; x_wconf 87' lang='lat' dir='ltr'><strong>solvitur</strong></span> <span class='ocrx_word' id='word_1_223' title='bbox 1028 2680 1080 2739; x_wconf 88' lang='lat' dir='ltr'><strong>ea,</strong></span> <span class='ocrx_word' id='word_1_224' title='bbox 1098 2680 1202 2747; x_wconf 90' lang='lat' dir='ltr'><strong>quam</strong></span> <span class='ocrx_word' id='word_1_225' title='bbox 1221 2659 1321 2726; x_wconf 93' lang='lat' dir='ltr'><strong>modo</strong></span> <span class='ocrx_word' id='word_1_226' title='bbox 1340 2661 1441 2726; x_wconf 87' lang='lat' dir='ltr'><strong>attin·</strong></span> 
     </span>
     <span class='ocr_line' id='line_1_24' title="bbox 129 2763 1440 2854; baseline 0.001 -24"><span class='ocrx_word' id='word_1_227' title='bbox 129 2763 306 2849; x_wconf 59' lang='lat' dir='ltr'><strong>egebamus,</strong></span> <span class='ocrx_word' id='word_1_228' title='bbox 323 2765 508 2832; x_wconf 85' lang='lat' dir='ltr'><strong>difficultas</strong></span> <span class='ocrx_word' id='word_1_229' title='bbox 522 2764 635 2854; x_wconf 91' lang='lat' dir='ltr'><strong>quoad</strong></span> <span class='ocrx_word' id='word_1_230' title='bbox 651 2764 845 2831; x_wconf 91' lang='lat' dir='ltr'><strong>subiectum</strong></span> <span class='ocrx_word' id='word_1_231' title='bbox 871 2788 901 2829; x_wconf 94' lang='lat' dir='ltr'><strong>v.</strong></span> <span class='ocrx_word' id='word_1_232' title='bbox 927 2771 968 2831; x_wconf 89' lang='grc'><strong>23</strong></span> <span class='ocrx_word' id='word_1_233' title='bbox 989 2783 996 2830; x_wconf 90' lang='lat'>:</span> <span class='ocrx_word' id='word_1_234' title='bbox 1020 2763 1212 2832; x_wconf 90' lang='lat' dir='ltr'><strong>subiectum</strong></span> <span class='ocrx_word' id='word_1_235' title='bbox 1232 2787 1264 2832; x_wconf 82' lang='lat' dir='ltr'><strong>v.</strong></span> <span class='ocrx_word' id='word_1_236' title='bbox 1290 2771 1332 2831; x_wconf 90' lang='grc'><strong>23</strong></span> <span class='ocrx_word' id='word_1_237' title='bbox 1348 2764 1440 2831; x_wconf 93' lang='lat' dir='ltr'><strong>idem</strong></span> 
     </span>
     <span class='ocr_line' id='line_1_25' title="bbox 130 2870 1441 2960; baseline 0.002 -24"><span class='ocrx_word' id='word_1_238' title='bbox 130 2878 179 2936; x_wconf 85' lang='lat' dir='ltr'><strong>cst</strong></span> <span class='ocrx_word' id='word_1_239' title='bbox 195 2877 298 2960; x_wconf 89' lang='lat' dir='ltr'><strong>atque</strong></span> <span class='ocrx_word' id='word_1_240' title='bbox 311 2893 342 2937; x_wconf 91' lang='lat' dir='ltr'><strong>v.</strong></span> <span class='ocrx_word' id='word_1_241' title='bbox 360 2878 413 2954; x_wconf 88' lang='lat'><strong>15,</strong></span> <span class='ocrx_word' id='word_1_242' title='bbox 430 2893 475 2938; x_wconf 92' lang='lat' dir='ltr'><strong>sc.</strong></span> <span class='ocrx_word' id='word_1_243' title='bbox 494 2871 606 2938; x_wconf 91' lang='lat' dir='ltr'><strong>lahvc.</strong></span> <span class='ocrx_word' id='word_1_244' title='bbox 626 2872 757 2941; x_wconf 78' lang='lat' dir='ltr'><strong>Dixerat</strong></span> <span class='ocrx_word' id='word_1_245' title='bbox 772 2871 873 2937; x_wconf 90' lang='lat' dir='ltr'><strong>lahve</strong></span> <span class='ocrx_word' id='word_1_246' title='bbox 890 2894 921 2936; x_wconf 91' lang='lat' dir='ltr'><strong>v.</strong></span> <span class='ocrx_word' id='word_1_247' title='bbox 941 2877 994 2949; x_wconf 74' lang='lat' dir='ltr'><strong>it,</strong></span> <span class='ocrx_word' id='word_1_248' title='bbox 1015 2892 1051 2938; x_wconf 87' lang='lat' dir='ltr'><strong>sc</strong></span> <span class='ocrx_word' id='word_1_249' title='bbox 1068 2898 1084 2930; x_wconf 78' lang='grc' dir='ltr'><strong>κ</strong></span> <span class='ocrx_word' id='word_1_250' title='bbox 1107 2877 1329 2959; x_wconf 86' lang='lat' dir='ltr'><strong>praeceptum</strong></span> <span class='ocrx_word' id='word_1_251' title='bbox 1347 2900 1362 2931; x_wconf 76' lang='lat' dir='ltr'><strong>o</strong></span> <span class='ocrx_word' id='word_1_252' title='bbox 1379 2870 1441 2937; x_wconf 92' lang='lat' dir='ltr'><strong>da-</strong></span> 
     </span>
     <span class='ocr_line' id='line_1_26' title="bbox 128 2976 1440 3067; baseline 0.002 -25"><span class='ocrx_word' id='word_1_253' title='bbox 128 2983 244 3044; x_wconf 91' lang='lat' dir='ltr'><strong>turum</strong></span> <span class='ocrx_word' id='word_1_254' title='bbox 268 2999 338 3044; x_wconf 83' lang='lat' dir='ltr'><strong>esse</strong></span> <span class='ocrx_word' id='word_1_255' title='bbox 363 2983 458 3045; x_wconf 92' lang='lat' dir='ltr'><strong>losue</strong></span> <span class='ocrx_word' id='word_1_256' title='bbox 482 2999 489 3047; x_wconf 90' lang='lat'>:</span> <span class='ocrx_word' id='word_1_257' title='bbox 516 2978 580 3044; x_wconf 86' lang='lat' dir='ltr'><strong>hoe</strong></span> <span class='ocrx_word' id='word_1_258' title='bbox 603 2983 824 3067; x_wconf 88' lang='lat' dir='ltr'><strong>praeceptum</strong></span> <span class='ocrx_word' id='word_1_259' title='bbox 844 2977 903 3043; x_wconf 92' lang='lat' dir='ltr'><strong>dat</strong></span> <span class='ocrx_word' id='word_1_260' title='bbox 924 2999 956 3042; x_wconf 92' lang='lat' dir='ltr'><strong>v.</strong></span> <span class='ocrx_word' id='word_1_261' title='bbox 978 2983 1031 3051; x_wconf 83' lang='grc'><strong>23,</strong></span> <span class='ocrx_word' id='word_1_262' title='bbox 1056 2976 1178 3043; x_wconf 89' lang='lat' dir='ltr'><strong>iubens</strong></span> <span class='ocrx_word' id='word_1_263' title='bbox 1206 2982 1324 3044; x_wconf 89' lang='lat' dir='ltr'><strong>losuen</strong></span> <span class='ocrx_word' id='word_1_264' title='bbox 1348 2978 1440 3044; x_wconf 91' lang='lat' dir='ltr'><strong>bono</strong></span> 
     </span>
     <span class='ocr_line' id='line_1_27' title="bbox 129 3083 1438 3175; baseline 0.001 -26"><span class='ocrx_word' id='word_1_265' title='bbox 129 3085 245 3150; x_wconf 92' lang='lat' dir='ltr'><strong>animo</strong></span> <span class='ocrx_word' id='word_1_266' title='bbox 263 3106 335 3151; x_wconf 90' lang='lat' dir='ltr'><strong>esse</strong></span> <span class='ocrx_word' id='word_1_267' title='bbox 357 3085 456 3175; x_wconf 85' lang='lat' dir='ltr'><strong>eique</strong></span> <span class='ocrx_word' id='word_1_268' title='bbox 478 3086 626 3151; x_wconf 83' lang='lat' dir='ltr'><strong>faustum</strong></span> <span class='ocrx_word' id='word_1_269' title='bbox 648 3105 841 3152; x_wconf 90' lang='lat' dir='ltr'><strong>successum</strong></span> <span class='ocrx_word' id='word_1_270' title='bbox 868 3083 1081 3172; x_wconf 91' lang='lat' dir='ltr'><strong>promittens.</strong></span> <span class='ocrx_word' id='word_1_271' title='bbox 1105 3083 1311 3172; x_wconf 87' lang='lat' dir='ltr'><strong>Perspicitur</strong></span> <span class='ocrx_word' id='word_1_272' title='bbox 1333 3105 1438 3167; x_wconf 90' lang='lat' dir='ltr'><strong>nunc,</strong></span> 
     </span>
     <span class='ocr_line' id='line_1_28' title="bbox 129 3174 1472 3286; baseline 0 -30"><span class='ocrx_word' id='word_1_273' title='bbox 129 3190 172 3257; x_wconf 90' lang='lat' dir='ltr'><strong>ad</strong></span> <span class='ocrx_word' id='word_1_274' title='bbox 188 3212 290 3286; x_wconf 78' lang='lat' dir='ltr'><strong>qpcm</strong></span> <span class='ocrx_word' id='word_1_275' title='bbox 307 3190 409 3258; x_wconf 87' lang='lat' dir='ltr'><strong>finem</strong></span> <span class='ocrx_word' id='word_1_276' title='bbox 428 3215 458 3259; x_wconf 91' lang='lat' dir='ltr'><strong>v.</strong></span> <span class='ocrx_word' id='word_1_277' title='bbox 479 3198 519 3257; x_wconf 85' lang='lat'><strong>15</strong></span> <span class='ocrx_word' id='word_1_278' title='bbox 541 3190 739 3281; x_wconf 88' lang='lat' dir='ltr'><strong>apparuerit</strong></span> <span class='ocrx_word' id='word_1_279' title='bbox 755 3191 914 3256; x_wconf 88' lang='lat' dir='ltr'><strong>columna</strong></span> <span class='ocrx_word' id='word_1_280' title='bbox 937 3189 1050 3270; x_wconf 77' lang='lat' dir='ltr'><strong>nuhiS,</strong></span> <span class='ocrx_word' id='word_1_281' title='bbox 1072 3211 1118 3256; x_wconf 89' lang='lat' dir='ltr'><strong>sc.</strong></span> <span class='ocrx_word' id='word_1_282' title='bbox 1137 3189 1181 3256; x_wconf 92' lang='lat' dir='ltr'><strong>ad</strong></span> <span class='ocrx_word' id='word_1_283' title='bbox 1202 3190 1441 3258; x_wconf 87' lang='lat' dir='ltr'><strong>auctoritatem</strong></span> <span class='ocrx_word' id='word_1_284' title='bbox 1469 3174 1472 3182; x_wconf 43' lang='lat'>¹</span> 
     </span>
     <span class='ocr_line' id='line_1_29' title="bbox 130 3294 1441 3384; baseline -0.002 -20"><span class='ocrx_word' id='word_1_285' title='bbox 130 3297 324 3365; x_wconf 86' lang='lat' dir='ltr'><strong>addendam</strong></span> <span class='ocrx_word' id='word_1_286' title='bbox 346 3298 457 3364; x_wconf 89' lang='lat' dir='ltr'><strong>verbis</strong></span> <span class='ocrx_word' id='word_1_287' title='bbox 475 3322 507 3364; x_wconf 88' lang='lat' dir='ltr'><strong>v.</strong></span> <span class='ocrx_word' id='word_1_288' title='bbox 525 3305 580 3365; x_wconf 87' lang='grc'><strong>23.</strong></span> <span class='ocrx_word' id='word_1_289' title='bbox 600 3303 675 3364; x_wconf 86' lang='lat' dir='ltr'><strong>Post</strong></span> <span class='ocrx_word' id='word_1_290' title='bbox 694 3320 725 3363; x_wconf 87' lang='lat' dir='ltr'><strong>v.</strong></span> <span class='ocrx_word' id='word_1_291' title='bbox 749 3303 791 3363; x_wconf 87' lang='grc'><strong>22</strong></span> <span class='ocrx_word' id='word_1_292' title='bbox 809 3296 963 3363; x_wconf 90' lang='lat' dir='ltr'><strong>uoniam</strong></span> <span class='ocrx_word' id='word_1_293' title='bbox 981 3295 1130 3362; x_wconf 90' lang='lat' dir='ltr'><strong>habetur</strong></span> <span class='ocrx_word' id='word_1_294' title='bbox 1144 3294 1232 3362; x_wconf 90' lang='lat' dir='ltr'><strong>illud</strong></span> <span class='ocrx_word' id='word_1_295' title='bbox 1249 3296 1441 3384; x_wconf 90' lang='lat' dir='ltr'><strong>alloquium</strong></span> 
     </span>
     <span class='ocr_line' id='line_1_30' title="bbox 131 3402 1441 3492; baseline -0.002 -22"><span class='ocrx_word' id='word_1_296' title='bbox 131 3404 231 3470; x_wconf 83' lang='lat' dir='ltr'><strong>lahvc</strong></span> <span class='ocrx_word' id='word_1_297' title='bbox 252 3405 294 3470; x_wconf 92' lang='lat' dir='ltr'><strong>ad</strong></span> <span class='ocrx_word' id='word_1_298' title='bbox 317 3410 425 3483; x_wconf 89' lang='lat' dir='ltr'><strong>losuc‚</strong></span> <span class='ocrx_word' id='word_1_299' title='bbox 452 3404 545 3492; x_wconf 94' lang='lat' dir='ltr'><strong>quod</strong></span> <span class='ocrx_word' id='word_1_300' title='bbox 570 3426 659 3469; x_wconf 91' lang='lat' dir='ltr'><strong>nnnc</strong></span> <span class='ocrx_word' id='word_1_301' title='bbox 683 3403 730 3468; x_wconf 90' lang='lat' dir='ltr'><strong>ibi</strong></span> <span class='ocrx_word' id='word_1_302' title='bbox 754 3408 887 3490; x_wconf 89' lang='lat' dir='ltr'><strong>praeter</strong></span> <span class='ocrx_word' id='word_1_303' title='bbox 914 3423 1051 3467; x_wconf 86' lang='lat' dir='ltr'><strong>omnem</strong></span> <span class='ocrx_word' id='word_1_304' title='bbox 1075 3407 1270 3467; x_wconf 84' lang='lat' dir='ltr'><strong>contextum</strong></span> <span class='ocrx_word' id='word_1_305' title='bbox 1301 3402 1441 3487; x_wconf 80' lang='lat' dir='ltr'><strong>legitur.</strong></span> 
     </span>
     <span class='ocr_line' id='line_1_31' title="bbox 132 3505 1443 3596; baseline -0.002 -21"><span class='ocrx_word' id='word_1_306' title='bbox 132 3511 198 3575; x_wconf 87' lang='lat' dir='ltr'><strong>Sed</strong></span> <span class='ocrx_word' id='word_1_307' title='bbox 214 3531 289 3575; x_wconf 85' lang='lat' dir='ltr'><strong>cum</strong></span> <span class='ocrx_word' id='word_1_308' title='bbox 309 3533 340 3574; x_wconf 84' lang='lat' dir='ltr'><strong>v.</strong></span> <span class='ocrx_word' id='word_1_309' title='bbox 371 3517 412 3574; x_wconf 89' lang='grc'><strong>23</strong></span> <span class='ocrx_word' id='word_1_310' title='bbox 434 3511 515 3576; x_wconf 90' lang='lat' dir='ltr'><strong>item</strong></span> <span class='ocrx_word' id='word_1_311' title='bbox 534 3533 566 3575; x_wconf 91' lang='lat' dir='ltr'><strong>v.</strong></span> <span class='ocrx_word' id='word_1_312' title='bbox 588 3516 629 3576; x_wconf 81' lang='grc' dir='ltr'><strong>2ῐι</strong></span> <span class='ocrx_word' id='word_1_313' title='bbox 647 3507 903 3574; x_wconf 82' lang='lat' dir='ltr'><strong>transferendus</strong></span> <span class='ocrx_word' id='word_1_314' title='bbox 923 3514 974 3572; x_wconf 86' lang='lat' dir='ltr'><strong>cst</strong></span> <span class='ocrx_word' id='word_1_315' title='bbox 1000 3506 1042 3572; x_wconf 90' lang='lat' dir='ltr'><strong>ad</strong></span> <span class='ocrx_word' id='word_1_316' title='bbox 1064 3505 1192 3572; x_wconf 84' lang='lat' dir='ltr'><strong>calcem</strong></span> <span class='ocrx_word' id='word_1_317' title='bbox 1220 3530 1253 3573; x_wconf 86' lang='lat' dir='ltr'><strong>v.</strong></span> <span class='ocrx_word' id='word_1_318' title='bbox 1279 3514 1318 3573; x_wconf 83' lang='lat'><strong>15</strong></span> <span class='ocrx_word' id='word_1_319' title='bbox 1344 3528 1351 3572; x_wconf 93' lang='lat'>:</span> <span class='ocrx_word' id='word_1_320' title='bbox 1375 3529 1443 3596; x_wconf 92' lang='lat' dir='ltr'><strong>quo</strong></span> 
     </span>
     <span class='ocr_line' id='line_1_32' title="bbox 131 3612 1443 3704; baseline 0 -25"><span class='ocrx_word' id='word_1_321' title='bbox 131 3615 261 3681; x_wconf 87' lang='lat' dir='ltr'><strong>tollitur</strong></span> <span class='ocrx_word' id='word_1_322' title='bbox 277 3638 333 3693; x_wconf 90' lang='lat' dir='ltr'><strong>ea,</strong></span> <span class='ocrx_word' id='word_1_323' title='bbox 361 3638 448 3704; x_wconf 90' lang='lat' dir='ltr'><strong>quae</strong></span> <span class='ocrx_word' id='word_1_324' title='bbox 473 3638 564 3682; x_wconf 92' lang='lat' dir='ltr'><strong>nunc</strong></span> <span class='ocrx_word' id='word_1_325' title='bbox 583 3615 730 3682; x_wconf 89' lang='lat' dir='ltr'><strong>habetur</strong></span> <span class='ocrx_word' id='word_1_326' title='bbox 749 3612 975 3698; x_wconf 78' lang='lat' dir='ltr'><strong>ambiguitas,</strong></span> <span class='ocrx_word' id='word_1_327' title='bbox 1001 3618 1168 3698; x_wconf 73' lang='lat' dir='ltr'><strong>agaturne</strong></span> <span class='ocrx_word' id='word_1_328' title='bbox 1190 3634 1220 3678; x_wconf 93' lang='lat' dir='ltr'><strong>v.</strong></span> <span class='ocrx_word' id='word_1_329' title='bbox 1246 3618 1288 3679; x_wconf 77' lang='grc'><strong>25</strong></span> <span class='ocrx_word' id='word_1_330' title='bbox 1307 3634 1382 3702; x_wconf 91' lang='lat' dir='ltr'><strong>sqq.</strong></span> <span class='ocrx_word' id='word_1_331' title='bbox 1400 3613 1443 3680; x_wconf 90' lang='lat' dir='ltr'><strong>de</strong></span> 
     </span>
     <span class='ocr_line' id='line_1_33' title="bbox 131 3719 1443 3800; baseline 0 -14"><span class='ocrx_word' id='word_1_332' title='bbox 131 3722 228 3788; x_wconf 82' lang='lat' dir='ltr'><strong>thora</strong></span> <span class='ocrx_word' id='word_1_333' title='bbox 243 3744 288 3789; x_wconf 92' lang='lat' dir='ltr'><strong>au</strong></span> <span class='ocrx_word' id='word_1_334' title='bbox 303 3723 345 3788; x_wconf 90' lang='lat' dir='ltr'><strong>de</strong></span> <span class='ocrx_word' id='word_1_335' title='bbox 368 3723 514 3795; x_wconf 83' lang='lat' dir='ltr'><strong>cantico:</strong></span> <span class='ocrx_word' id='word_1_336' title='bbox 536 3721 624 3788; x_wconf 85' lang='lat' dir='ltr'><strong>liber</strong></span> <span class='ocrx_word' id='word_1_337' title='bbox 645 3744 676 3788; x_wconf 90' lang='lat' dir='ltr'><strong>v.</strong></span> <span class='ocrx_word' id='word_1_338' title='bbox 701 3727 743 3787; x_wconf 79' lang='grc'><strong>26</strong></span> <span class='ocrx_word' id='word_1_339' title='bbox 761 3720 828 3786; x_wconf 93' lang='lat' dir='ltr'><strong>iam</strong></span> <span class='ocrx_word' id='word_1_340' title='bbox 849 3741 917 3785; x_wconf 90' lang='lat' dir='ltr'><strong>nou</strong></span> <span class='ocrx_word' id='word_1_341' title='bbox 940 3724 990 3785; x_wconf 90' lang='lat' dir='ltr'><strong>est</strong></span> <span class='ocrx_word' id='word_1_342' title='bbox 1014 3719 1104 3785; x_wconf 87' lang='lat' dir='ltr'><strong>liber</strong></span> <span class='ocrx_word' id='word_1_343' title='bbox 1117 3719 1237 3786; x_wconf 88' lang='lat' dir='ltr'><strong>thorae</strong></span> <span class='ocrx_word' id='word_1_344' title='bbox 1253 3741 1285 3786; x_wconf 91' lang='lat' dir='ltr'><strong>v.</strong></span> <span class='ocrx_word' id='word_1_345' title='bbox 1305 3725 1359 3800; x_wconf 74' lang='lat' dir='ltr'><strong>at,</strong></span> <span class='ocrx_word' id='word_1_346' title='bbox 1382 3719 1443 3786; x_wconf 90' lang='lat' dir='ltr'><strong>sed</strong></span> 
     </span>
     <span class='ocr_line' id='line_1_34' title="bbox 132 3825 1442 3917; baseline -0.001 -24"><span class='ocrx_word' id='word_1_347' title='bbox 132 3827 221 3894; x_wconf 91' lang='lat' dir='ltr'><strong>liber</strong></span> <span class='ocrx_word' id='word_1_348' title='bbox 234 3827 444 3917; x_wconf 85' lang='lat' dir='ltr'><strong>descriptum</strong></span> <span class='ocrx_word' id='word_1_349' title='bbox 460 3828 592 3895; x_wconf 88' lang='lat' dir='ltr'><strong>babens</strong></span> <span class='ocrx_word' id='word_1_350' title='bbox 605 3851 636 3897; x_wconf 88' lang='lat' dir='ltr'><strong>v.</strong></span> <span class='ocrx_word' id='word_1_351' title='bbox 655 3834 696 3894; x_wconf 89' lang='grc'><strong>22</strong></span> <span class='ocrx_word' id='word_1_352' title='bbox 710 3827 891 3906; x_wconf 91' lang='lat' dir='ltr'><strong>canticum,</strong></span> <span class='ocrx_word' id='word_1_353' title='bbox 906 3825 999 3914; x_wconf 92' lang='lat' dir='ltr'><strong>quod</strong></span> <span class='ocrx_word' id='word_1_354' title='bbox 1013 3848 1042 3890; x_wconf 92' lang='lat' dir='ltr'><strong>v.</strong></span> <span class='ocrx_word' id='word_1_355' title='bbox 1057 3832 1098 3892; x_wconf 85' lang='grc'><strong>26</strong></span> <span class='ocrx_word' id='word_1_356' title='bbox 1112 3847 1220 3914; x_wconf 88' lang='lat' dir='ltr'><strong>aeque</strong></span> <span class='ocrx_word' id='word_1_357' title='bbox 1236 3835 1338 3914; x_wconf 85' lang='lat' dir='ltr'><strong>atque</strong></span> <span class='ocrx_word' id='word_1_358' title='bbox 1355 3849 1387 3892; x_wconf 93' lang='lat' dir='ltr'><strong>v.</strong></span> <span class='ocrx_word' id='word_1_359' title='bbox 1403 3833 1442 3892; x_wconf 85' lang='lat'><strong>19</strong></span> 
     </span>
     <span class='ocr_line' id='line_1_35' title="bbox 131 3931 1443 4002; baseline -0.002 -1"><span class='ocrx_word' id='word_1_360' title='bbox 131 3934 323 4001; x_wconf 84' lang='lat' dir='ltr'><strong>affirmatur</strong></span> <span class='ocrx_word' id='word_1_361' title='bbox 342 3936 493 4002; x_wconf 86' lang='lat' dir='ltr'><strong>futurum</strong></span> <span class='ocrx_word' id='word_1_362' title='bbox 513 3957 585 4001; x_wconf 89' lang='lat' dir='ltr'><strong>esse</strong></span> <span class='ocrx_word' id='word_1_363' title='bbox 604 3934 640 4000; x_wconf 93' lang='lat' dir='ltr'><strong>in</strong></span> <span class='ocrx_word' id='word_1_364' title='bbox 660 3932 904 4001; x_wconf 89' lang='lat' dir='ltr'><strong>testimonium.</strong></span> <span class='ocrx_word' id='word_1_365' title='bbox 932 3932 1041 3999; x_wconf 87' lang='lat' dir='ltr'><strong>Habet</strong></span> <span class='ocrx_word' id='word_1_366' title='bbox 1064 3937 1177 3999; x_wconf 89' lang='lat' dir='ltr'><strong>autem</strong></span> <span class='ocrx_word' id='word_1_367' title='bbox 1199 3954 1231 3997; x_wconf 88' lang='lat' dir='ltr'><strong>v.</strong></span> <span class='ocrx_word' id='word_1_368' title='bbox 1262 3937 1303 3997; x_wconf 69' lang='lat'><strong>2&#39;4</strong></span> <span class='ocrx_word' id='word_1_369' title='bbox 1331 3931 1443 3998; x_wconf 93' lang='lat' dir='ltr'><strong>versui</strong></span> 
     </span>
     <span class='ocr_line' id='line_1_36' title="bbox 132 4037 1441 4132; baseline -0.004 -23"><span class='ocrx_word' id='word_1_370' title='bbox 132 4048 172 4109; x_wconf 81' lang='lat'><strong>16</strong></span> <span class='ocrx_word' id='word_1_371' title='bbox 187 4043 399 4132; x_wconf 89' lang='lat' dir='ltr'><strong>antepositus</strong></span> <span class='ocrx_word' id='word_1_372' title='bbox 414 4043 503 4109; x_wconf 88' lang='lat' dir='ltr'><strong>hunc</strong></span> <span class='ocrx_word' id='word_1_373' title='bbox 514 4063 649 4108; x_wconf 89' lang='lat' dir='ltr'><strong>sensum</strong></span> <span class='ocrx_word' id='word_1_374' title='bbox 665 4039 911 4130; x_wconf 91' lang='lat' dir='ltr'><strong>planissimum,</strong></span> <span class='ocrx_word' id='word_1_375' title='bbox 927 4037 1063 4106; x_wconf 91' lang='lat' dir='ltr'><strong>nonnisi</strong></span> <span class='ocrx_word' id='word_1_376' title='bbox 1078 4051 1155 4127; x_wconf 83' lang='lat' dir='ltr'><strong>post</strong></span> <span class='ocrx_word' id='word_1_377' title='bbox 1170 4043 1278 4104; x_wconf 88' lang='lat' dir='ltr'><strong>totam</strong></span> <span class='ocrx_word' id='word_1_378' title='bbox 1293 4037 1441 4127; x_wconf 90' lang='lat' dir='ltr'><strong>descrip-</strong></span> 
     </span>
     <span class='ocr_line' id='line_1_37' title="bbox 131 4143 1439 4232; baseline -0.002 -16"><span class='ocrx_word' id='word_1_379' title='bbox 131 4156 201 4216; x_wconf 90' lang='lat' dir='ltr'><strong>tam</strong></span> <span class='ocrx_word' id='word_1_380' title='bbox 226 4150 360 4215; x_wconf 90' lang='lat' dir='ltr'><strong>thoram</strong></span> <span class='ocrx_word' id='word_1_381' title='bbox 381 4149 509 4215; x_wconf 90' lang='lat' dir='ltr'><strong>iussum</strong></span> <span class='ocrx_word' id='word_1_382' title='bbox 533 4171 604 4215; x_wconf 91' lang='lat' dir='ltr'><strong>esse</strong></span> <span class='ocrx_word' id='word_1_383' title='bbox 624 4171 644 4213; x_wconf 88' lang='lat' dir='ltr'><strong>a</strong></span> <span class='ocrx_word' id='word_1_384' title='bbox 664 4148 764 4214; x_wconf 89' lang='lat' dir='ltr'><strong>lahve</strong></span> <span class='ocrx_word' id='word_1_385' title='bbox 787 4151 935 4232; x_wconf 75' lang='lat' dir='ltr'><strong>llovsen,</strong></span> <span class='ocrx_word' id='word_1_386' title='bbox 950 4146 1054 4212; x_wconf 89' lang='lat' dir='ltr'><strong>etiam</strong></span> <span class='ocrx_word' id='word_1_387' title='bbox 1082 4144 1254 4211; x_wconf 89' lang='lat' dir='ltr'><strong>canticum</strong></span> <span class='ocrx_word' id='word_1_388' title='bbox 1279 4143 1439 4213; x_wconf 89' lang='lat' dir='ltr'><strong>scribere.</strong></span> 
     </span>
     <span class='ocr_line' id='line_1_38' title="bbox 132 4251 1441 4342; baseline -0.002 -21"><span class='ocrx_word' id='word_1_389' title='bbox 132 4257 238 4342; x_wconf 81' lang='lat' dir='ltr'><strong>lgitur</strong></span> <span class='ocrx_word' id='word_1_390' title='bbox 253 4255 337 4322; x_wconf 91' lang='lat' dir='ltr'><strong>ordo</strong></span> <span class='ocrx_word' id='word_1_391' title='bbox 352 4277 510 4322; x_wconf 91' lang='lat' dir='ltr'><strong>versuum</strong></span> <span class='ocrx_word' id='word_1_392' title='bbox 526 4261 574 4321; x_wconf 89' lang='lat' dir='ltr'><strong>est</strong></span> <span class='ocrx_word' id='word_1_393' title='bbox 595 4255 648 4321; x_wconf 89' lang='lat' dir='ltr'><strong>hic</strong></span> <span class='ocrx_word' id='word_1_394' title='bbox 669 4276 676 4319; x_wconf 93' lang='lat'>:</span> <span class='ocrx_word' id='word_1_395' title='bbox 698 4277 729 4322; x_wconf 91' lang='lat' dir='ltr'><strong>v.</strong></span> <span class='ocrx_word' id='word_1_396' title='bbox 752 4259 843 4321; x_wconf 82' lang='lat'><strong>1-15.</strong></span> <span class='ocrx_word' id='word_1_397' title='bbox 866 4259 907 4318; x_wconf 87' lang='grc'><strong>23</strong></span> <span class='ocrx_word' id='word_1_398' title='bbox 932 4274 984 4341; x_wconf 89' lang='lat' dir='ltr'><strong>sq.</strong></span> <span class='ocrx_word' id='word_1_399' title='bbox 1008 4256 1244 4319; x_wconf 81' lang='grc'><strong>16-2225-30.</strong></span> <span class='ocrx_word' id='word_1_400' title='bbox 1269 4251 1441 4320; x_wconf 76' lang='lat' dir='ltr'><strong>Priores·</strong></span> 
     </span>
     <span class='ocr_line' id='line_1_39' title="bbox 129 4358 1027 4452; baseline -0.002 -24"><span class='ocrx_word' id='word_1_401' title='bbox 129 4364 214 4450; x_wconf 83' lang='lat' dir='ltr'><strong>pitis</strong></span> <span class='ocrx_word' id='word_1_402' title='bbox 224 4361 392 4452; x_wconf 67' lang='lat' dir='ltr'><strong>prorsuqit</strong></span> <span class='ocrx_word' id='word_1_403' title='bbox 406 4361 447 4429; x_wconf 83' lang='lat' dir='ltr'><strong>dc</strong></span> <span class='ocrx_word' id='word_1_404' title='bbox 460 4362 571 4445; x_wconf 78' lang='lat' dir='ltr'><strong>thora,</strong></span> <span class='ocrx_word' id='word_1_405' title='bbox 590 4361 700 4428; x_wconf 78' lang='lat' dir='ltr'><strong>altero</strong></span> <span class='ocrx_word' id='word_1_406' title='bbox 721 4360 797 4449; x_wconf 68' lang='lat' dir='ltr'><strong>cpit</strong></span> <span class='ocrx_word' id='word_1_407' title='bbox 816 4358 858 4425; x_wconf 86' lang='lat' dir='ltr'><strong>de</strong></span> <span class='ocrx_word' id='word_1_408' title='bbox 880 4359 1027 4426; x_wconf 75' lang='lat' dir='ltr'><strong>caretico.</strong></span> 
     </span>
    </p>

    <p class='ocr_par' dir='ltr' id='par_1_8' title="bbox 132 4467 1442 4770">
     <span class='ocr_line' id='line_1_40' title="bbox 176 4467 1442 4559; baseline -0.003 -24"><span class='ocrx_word' id='word_1_409' title='bbox 176 4475 269 4535; x_wconf 82' lang='lat' dir='ltr'><strong>Nunc</strong></span> <span class='ocrx_word' id='word_1_410' title='bbox 286 4493 365 4536; x_wconf 89' lang='lat' dir='ltr'><strong>vero</strong></span> <span class='ocrx_word' id='word_1_411' title='bbox 381 4469 482 4549; x_wconf 92' lang='lat' dir='ltr'><strong>illud,</strong></span> <span class='ocrx_word' id='word_1_412' title='bbox 501 4491 638 4559; x_wconf 85' lang='lat' dir='ltr'><strong>quaeso,</strong></span> <span class='ocrx_word' id='word_1_413' title='bbox 655 4467 821 4535; x_wconf 88' lang='lat' dir='ltr'><strong>attendas.</strong></span> <span class='ocrx_word' id='word_1_414' title='bbox 843 4471 879 4531; x_wconf 89' lang='lat' dir='ltr'><strong>tu</strong></span> <span class='ocrx_word' id='word_1_415' title='bbox 896 4471 968 4533; x_wconf 87' lang='lat' dir='ltr'><strong>toto</strong></span> <span class='ocrx_word' id='word_1_416' title='bbox 983 4471 1063 4533; x_wconf 84' lang='lat' dir='ltr'><strong>ante</strong></span> <span class='ocrx_word' id='word_1_417' title='bbox 1080 4488 1156 4555; x_wconf 91' lang='lat' dir='ltr'><strong>cap.</strong></span> <span class='ocrx_word' id='word_1_418' title='bbox 1175 4472 1215 4531; x_wconf 90' lang='lat'><strong>31</strong></span> <span class='ocrx_word' id='word_1_419' title='bbox 1233 4471 1442 4532; x_wconf 83' lang='lat' dir='ltr'><strong>Deuterono-</strong></span> 
     </span>
     <span class='ocr_line' id='line_1_41' title="bbox 135 4570 1442 4664; baseline -0.003 -24"><span class='ocrx_word' id='word_1_420' title='bbox 135 4576 283 4642; x_wconf 90' lang='lat' dir='ltr'><strong>mionon</strong></span> <span class='ocrx_word' id='word_1_421' title='bbox 299 4577 447 4643; x_wconf 89' lang='lat' dir='ltr'><strong>babetur</strong></span> <span class='ocrx_word' id='word_1_422' title='bbox 468 4575 567 4654; x_wconf 77' lang='lat' dir='ltr'><strong>illud,</strong></span> <span class='ocrx_word' id='word_1_423' title='bbox 583 4574 676 4664; x_wconf 91' lang='lat' dir='ltr'><strong>quod</strong></span> <span class='ocrx_word' id='word_1_424' title='bbox 698 4573 777 4640; x_wconf 91' lang='lat' dir='ltr'><strong>libri</strong></span> <span class='ocrx_word' id='word_1_425' title='bbox 797 4577 927 4661; x_wconf 88' lang='lat' dir='ltr'><strong>priores</strong></span> <span class='ocrx_word' id='word_1_426' title='bbox 946 4578 1142 4640; x_wconf 86' lang='lat' dir='ltr'><strong>constanter</strong></span> <span class='ocrx_word' id='word_1_427' title='bbox 1159 4572 1321 4657; x_wconf 80' lang='lat' dir='ltr'><strong>agebant,</strong></span> <span class='ocrx_word' id='word_1_428' title='bbox 1341 4577 1377 4636; x_wconf 90' lang='lat' dir='ltr'><strong>nt</strong></span> <span class='ocrx_word' id='word_1_429' title='bbox 1392 4570 1442 4636; x_wconf 91' lang='lat' dir='ltr'><strong>di-</strong></span> 
     </span>
     <span class='ocr_line' id='line_1_42' title="bbox 132 4678 1441 4770; baseline -0.002 -23"><span class='ocrx_word' id='word_1_430' title='bbox 132 4688 221 4748; x_wconf 86' lang='lat' dir='ltr'><strong>recte</strong></span> <span class='ocrx_word' id='word_1_431' title='bbox 237 4683 420 4749; x_wconf 88' lang='lat' dir='ltr'><strong>recitentur</strong></span> <span class='ocrx_word' id='word_1_432' title='bbox 439 4684 497 4750; x_wconf 85' lang='lat' dir='ltr'><strong>[toi</strong></span> <span class='ocrx_word' id='word_1_433' title='bbox 516 4682 668 4770; x_wconf 92' lang='lat' dir='ltr'><strong>alloquia</strong></span> <span class='ocrx_word' id='word_1_434' title='bbox 687 4681 731 4748; x_wconf 90' lang='lat' dir='ltr'><strong>ad</strong></span> <span class='ocrx_word' id='word_1_435' title='bbox 750 4683 882 4768; x_wconf 78' lang='lat' dir='ltr'><strong>Moysen</strong></span> <span class='ocrx_word' id='word_1_436' title='bbox 903 4681 992 4747; x_wconf 83' lang='lat' dir='ltr'><strong>tacta</strong></span> <span class='ocrx_word' id='word_1_437' title='bbox 1008 4679 1040 4765; x_wconf 65' lang='lat' dir='ltr'><strong>(a</strong></span> <span class='ocrx_word' id='word_1_438' title='bbox 1059 4682 1202 4744; x_wconf 85' lang='lat' dir='ltr'><strong>Locutus</strong></span> <span class='ocrx_word' id='word_1_439' title='bbox 1217 4684 1265 4743; x_wconf 87' lang='lat' dir='ltr'><strong>ost</strong></span> <span class='ocrx_word' id='word_1_440' title='bbox 1282 4679 1382 4743; x_wconf 89' lang='lat' dir='ltr'><strong>labve</strong></span> <span class='ocrx_word' id='word_1_441' title='bbox 1398 4678 1441 4744; x_wconf 92' lang='lat' dir='ltr'><strong>ad</strong></span> 
     </span>
    </p>
   </div>
   <div class='ocr_carea' id='block_1_6' title="bbox 0 0 1698 5346">
    <p class='ocr_par' dir='ltr' id='par_1_9' title="bbox 0 0 1698 5346">
     <span class='ocr_line' id='line_1_43' title="bbox 0 0 1698 5346; baseline 0 0"><span class='ocrx_word' id='word_1_442' title='bbox 0 0 1698 5346; x_wconf 95' lang='lat' dir='ltr'><strong> </strong></span> 
     </span>
    </p>
   </div>
  </div>
 </body>
</html>
