3366 5346
225 300 296 357 ’616
711 311 823 355 enarro
845 310 952 354 uors1s
975 310 1080 353 rarus.

239 473 271 516 v.
295 455 333 514 lt
365 456 397 511 et
425 446 608 512 verborum
633 450 787 532 tempora
808 450 887 526 5,Ξῖ
908 442 996 532 (19);
1022 440 1408 531 6‚1'1(Dr.).adverle,
1441 444 1562 511 ouzm'o

243 554 405 620 mandata
421 557 499 617 ante
513 552 592 618 data
606 550 735 618 includi
755 556 788 616 60
804 550 982 639 pentalogi
1001 551 1180 628 mandato,
1203 549 1296 637 quod
1311 554 1360 616 est
1376 549 1419 616 de
1439 550 1563 617 obser-

241 660 376 727 vatione
392 658 651 740 mandatorum,
666 680 778 744 neque
795 656 906 724 ullum
919 655 1104 744 pentalogo
1121 677 1246 721 aeorum
1261 656 1395 744 imponi
1411 656 1564 723 manda-

240 774 330 840 tum,
352 766 443 854 quod
468 787 538 831 non
558 763 659 830 etiam
685 770 785 830 antea
801 763 1002 852 impositum
1030 762 1074 829 sit
1097 783 1105 827 ι
1130 769 1220 828 recte
1242 761 1351 847 igitur
1376 767 1501 849 Moyses
1524 763 1562 829 in

243 872 420 963 pentalogi
448 870 624 960 paraenesi
653 870 793 936 omnino
819 870 935 935 omnia
964 868 1115 935 inculcat
1140 867 1313 934 mandata.
1342 870 1560 957 Sequentia:

244 1008 258 1035 a
281 979 311 1042 si
330 976 590 1064 fecistiseam
619 989 725 1059 terra,
751 998 857 1064 quoue
876 975 1067 1064 possessuri
1094 974 1174 1042 estis
1203 1004 1238 1056 υ,
1263 997 1328 1041 see.
1355 978 1457 1043 Hebe.
1484 999 1564 1042 ver-

242 1083 346 1152 tenda
363 1106 371 1152 :
396 1096 431 1148 ut
452 1082 598 1172 sociatis
613 1084 662 1148 ita
686 1082 724 1147 in
740 1095 847 1165 terro,
863 1095 940 1168 eta,
964 1104 1046 1168 ergo
1062 1104 1131 1148 non
1147 1087 1226 1148 sunt
1243 1081 1286 1146 ad
1304 1105 1336 1149 v.
1355 1089 1374 1147 6
1391 1082 1564 1150 trahenda

241 1192 300 1259 sed
320 1191 364 1256 ad
388 1191 505 1280 priora
523 1211 530 1257 :
549 1189 713 1255 mandata
739 1189 801 1255 illa
821 1211 891 1255 non
906 1195 985 1255 sunt
999 1189 1080 1255 data
1100 1210 1164 1278 pro
1180 1187 1313 1254 deserto
1328 1192 1482 1270 tantum,
1500 1189 1563 1255 sed

241 1297 453 1388 potissimum
479 1319 541 1385 pro
572 1304 663 1363 terra
684 1296 863 1385 promissa.
881 1300 971 1382 Ergo
989 1296 1127 1361 nomine
1142 1307 1329 1384 praecepta
1354 1309 1385 1361 et
1406 1295 1563 1362 iustitiae

240 1427 299 1471 seu
323 1401 455 1469 iud-irio
479 1404 523 1489 (v.
555 1403 586 1488 1)
609 1423 676 1468 non
703 1402 846 1469 veniunt
864 1401 1098 1469 ordinationes
1121 1401 1258 1490 aliquae
1283 1401 1328 1467 ad
1350 1407 1487 1491 tempus
1506 1426 1563 1469 so-

242 1508 420 1577 lummodo
435 1532 455 1574 a
470 1513 578 1594 Moyse
594 1509 761 1589 sancitae,
778 1509 838 1575 sed
853 1509 946 1594 leges
960 1515 1128 1598 perpetuo
1143 1507 1245 1574 latae.

287 1639 319 1681 r.
345 1622 364 1680 6
392 1643 406 1671 a
435 1618 478 1681 Et
501 1614 718 1680 observabitis
739 1627 771 1680 et
793 1614 981 1704 implebitis
1008 1615 1129 1704 [opere]
1159 1642 1189 1678 n.
1211 1619 1335 1680 Futura
1361 1613 1477 1703 accipe
1499 1637 1565 1703 pro

244 1721 414 1810 optativis
449 1747 464 1780 κ
492 1723 582 1786 Haeo
603 1733 651 1787 est
669 1721 761 1787 cuim
789 1734 900 1788 oestro
919 1720 1093 1810 supientia
1112 1734 1144 1786 et
1159 1720 1351 1787 intellectus
1370 1742 1483 1787 eoram
1496 1743 1566 1809 po-

241 1829 350 1917 pulis,
379 1839 414 1892 ut
436 1826 615 1894 audientes
638 1828 798 1895 universe
825 1838 1009 1918 praecepta
1035 1826 1118 1893 haec
1147 1826 1265 1893 dicant
1295 1847 1307 1891 .·
1333 1828 1387 1893 Eu
1408 1825 1567 1916 populus

245 1933 382 2023 sapiens
411 1947 444 1999 et
473 1933 684 2023 iutelligeres,
712 1957 797 2023 pens
819 1957 945 2023 auoque
975 1961 1004 2000 ».
1030 1962 1046 1995 a
1068 1939 1206 1999 Summa
1233 1933 1325 1998 enim
1347 1933 1512 2022 sapientia
1530 1938 1567 2000 et

243 2041 387 2108 seientia
408 2046 458 2107 est
477 2039 669 2108 observatio
697 2042 939 2108 mandaterum
960 2039 1096 2107 Domini
1121 2069 1137 2102 »
1158 2040 1298 2129 (Prae).
1317 2044 1423 2116 Quam
1439 2061 1567 2126 agnos-

245 2153 323 2213 cent
344 2147 398 2212 vel
426 2152 562 2232 gentes
586 2147 679 2236 apud
699 2171 784 2236 quas
809 2177 823 2208 «
853 2148 1088 2239 observatione
1108 2146 1195 2232 legis
1219 2167 1346 2212 nomen
1370 2144 1564 2225 habebitis,

248 2254 339 2342 quod
363 2253 397 2318 in
420 2253 524 2319 rebus
544 2253 688 2339 agendis
707 2254 778 2320 sitis
797 2254 968 2342 sapientes
988 2258 1021 2319 et
1049 2251 1280 2345 intelligentes
1298 2281 1313 2313 a
1339 2252 1504 2340 (Barsa).
1527 2256 1569 2319 Et

248 2359 400 2448 appellat
425 2363 520 2425 Prae.
546 2365 675 2426 textum
699 2361 815 2426 Matth.
845 2366 953 2439 ata:
980 2386 995 2418 «
1027 2359 1079 2424 Sic
1104 2357 1217 2425 luceat
1243 2359 1301 2425 lux
1320 2365 1433 2425 vestra
1450 2380 1568 2424 coram

249 2466 459 2546 homiuibus,
482 2472 519 2531 ut
538 2465 677 2532 videant
698 2488 801 2555 opera
825 2471 934 2532 vestra
947 2465 1039 2531 bona
1054 2470 1118 2532 etc.
1148 2493 1177 2531 ».
1199 2464 1393 2531 Secundum
1408 2463 1569 2531 aestima·

249 2575 377 2638 tionem
391 2571 497 2656 igitur
509 2571 602 2638 illius
617 2572 692 2638 aevi
716 2573 897 2661 gentilium
919 2573 948 2638 is
965 2577 1039 2638 erat
1061 2571 1209 2661 populus
1231 2571 1383 2660 sapiens,
1402 2570 1461 2660 qui
1480 2570 1570 2657 legi-

249 2678 313 2744 bus
333 2679 401 2744 suis
428 2685 513 2744 esset
541 2679 731 2768 obsequens
753 2703 759 2748 :
786 2681 815 2746 is
834 2702 962 2746 numen
983 2679 1163 2746 habiturus
1178 2683 1252 2744 erat
1278 2679 1482 2766 propitium,
1502 2699 1569 2742 nu-

250 2785 352 2851 minis
376 2784 617 2852 benedictione
639 2787 773 2852 iuturus
797 2782 869 2851 erat
894 2807 1049 2873 prosper,
1073 2784 1236 2874 prudens,
1256 2804 1457 2869 generosus,
1481 2805 1570 2870 peras

251 2912 392 2975 arreptae,
421 2913 525 2977 quam
546 2898 665 2975 gentes
689 2892 777 2958 aliae
801 2914 870 2957 non
891 2891 989 2956 iacile
1008 2898 1107 2956 erant
1127 2890 1327 2970 adorturae,
1350 2888 1433 2978 quin
1452 2890 1570 2977 potius

252 2994 324 3061 eius
343 2996 482 3060 foedera
507 2997 743 3083 requisiturae.
778 2997 942 3076 adverte,
970 3017 1074 3085 quam
1101 2997 1170 3062 alte
1198 3002 1318 3082 gentes
1347 2994 1428 3061 illae
1450 3016 1572 3062 omnes

253 3100 415 3188 antiquae
435 3109 675 3189 supponantur
690 3103 733 3168 de
747 3102 879 3193 lepidus
891 3102 1051 3183 sensisse,
1070 3102 1303 3168 aestimatione
1319 3101 1473 3170 derivata
1489 3123 1571 3170 sane

253 3230 271 3274 e
287 3206 562 3295 patriarcharum
579 3207 746 3276 doctrina.
771 3208 940 3295 Neglcetis
959 3224 1040 3275 'vero
1063 3207 1199 3293 legibus
1222 3209 1305 3290 suis,
1323 3208 1494 3298 imprimis
1508 3230 1572 3296 per

254 3312 458 3402 apostasiam
475 3321 507 3379 et
523 3313 756 3381 idololatriam
771 3315 1005 3395 eadesianam,
1024 3313 1179 3380 exhibuit
1197 3336 1231 3380 se
1250 3315 1348 3381 lsrael
1366 3342 1381 3376 a
1401 3313 1572 3404 populum

253 3421 395 3487 stultum
417 3427 450 3485 et
473 3420 691 3510 insipientem
714 3454 751 3505 a,
777 3421 907 3489 iudicio
931 3421 1064 3508 Moysis,
1088 3421 1158 3486 imo
1178 3419 1340 3510 opinione
1362 3421 1463 3487 etiam
1487 3419 1574 3485 alio-

253 3550 330 3594 rum
358 3527 578 3615 populorum.
608 3529 750 3596 Adverte
774 3531 873 3609 item,
901 3527 1021 3617 quanti
1048 3526 1206 3592 beneficii
1234 3527 1309 3594 loeo
1330 3526 1415 3594 illud
1442 3526 1574 3593 debue-

255 3634 323 3697 rint
338 3633 482 3698 Hebraei
499 3636 616 3722 Moysis
631 3636 792 3726 aequales
815 3636 961 3716 habere,
979 3633 1074 3722 quod
1097 3634 1200 3700 lahve
1217 3633 1318 3721 ipsis,
1344 3633 1403 3723 qui
1425 3633 1573 3723 populus

256 3744 354 3804 antea
372 3739 616 3820 maluissent,
639 3743 785 3809 dedisset
800 3741 910 3829 leqem
927 3741 983 3828 (el.
1007 3740 1051 3807 ad
1071 3740 1180 3827 33,6).

299 3850 416 3927 Porro,
435 3844 495 3909 uhi
521 3868 552 3912 v.
581 3855 600 3911 7
625 3871 674 3938 sq.
694 3848 850 3938 praedis,
873 3847 1005 3929 inclito,
1029 3846 1079 3912 ibi
1099 3848 1201 3912 Heba.
1222 3844 1367 3912 eandem
1382 3867 1499 3912 vocem
1519 3867 1575 3910 re-

256 3953 482 4040 petitumque
497 3972 510 4015 :
528 3953 647 4020 eadem
658 3978 689 4022 v.
709 3964 768 4023 6-8
779 3956 856 4022 idea
869 3954 979 4021 tribus
993 3953 1145 4018 versibus
1160 3951 1403 4040 amplificatur.
1421 3949 1575 4039 Explicat

257 4062 371 4123 autem
389 4064 515 4141 orator,
531 4061 695 4126 maiorem
715 4063 819 4128 etiam
836 4063 909 4126 fore
930 4059 1063 4125 lsraelis
1075 4059 1112 4123 in
1131 4059 1233 4124 lalrve
1247 4057 1440 4148 praeceptis
1457 4056 1576 4122 obser·

257 4163 379 4228 vandis
392 4164 643 4246 excellentiam,
668 4168 759 4255 quod
782 4168 882 4232 lahve
906 4172 977 4231 tam
995 4164 1105 4231 amice
1120 4164 1251 4252 populo
1265 4186 1326 4231 suo
1341 4164 1524 4245 cohabitet,
1541 4169 1576 4228 et

257 4267 351 4356 quod
367 4270 665 4359 populusjlegibus
679 4274 722 4339 ab
744 4273 818 4362 ipso
841 4273 941 4338 lahre
960 4271 1037 4336 latis
1054 4276 1207 4357 regatur.
1225 4270 1317 4337 Unde
1334 4271 1486 4361 proiecto
1502 4292 1577 4335 ecr-

256 4372 323 4439 tior
348 4375 642 4464 lsraelemjmanet
663 4379 749 4461 vita,
771 4378 938 4445 illustrior
963 4379 1183 4466 prosperitas.
1212 4400 1242 4443 v.
1269 4384 1289 4441 7
1318 4407 1333 4438 a
1355 4377 1423 4444 Nee
1438 4375 1576 4442 astulia

257 4480 354 4547 ›zvaao
372 4492 443 4547 loru
471 4483 633 4570 praisdis,
650 4510 739 4575 quoe
755 4487 877 4552 tabeat
897 4483 976 4550 deos
1000 4482 1320 4573 appropinqua-ates
1342 4483 1423 4567 siai,
1447 4482 1538 4549 sieut
1557 4511 1573 4542 a

256 4586 357 4654 iuliae
377 4624 420 4637 —
444 4610 506 4654 vox
530 4591 565 4657 h.
588 4592 611 4656 l.
641 4614 861 4681 nequaquam
886 4588 1075 4657 omittenda
1098 4627 1142 4637 —
1167 4617 1182 4647 «
1209 4592 1298 4654 Deus
1325 4604 1438 4656 uos-ter
1458 4587 1576 4677 [celest]

256 4694 388 4767 cerrectis
404 4696 692 4766 obsecrationibus·
706 4698 830 4765 uostris
847 4726 878 4765 ».
897 4697 1000 4762 Adest
1022 4694 1152 4760 cerrectis
1167 4695 1270 4761 etiam
1286 4695 1375 4780 ideo,
1393 4697 1474 4787 quia
1489 4718 1577 4762 seru-
