3366 5346
537 300 767 347 consessurus
788 302 862 347 asvr
883 302 1008 349 runicus
1027 304 1149 350 arrius.
1464 293 1503 354 31

187 443 261 505 tum
273 435 487 503 sacerdotum
508 439 541 500 et
556 433 738 502 levitarum
756 434 939 505 discrimen
956 437 1170 522 observasse,
1185 444 1218 505 et
1233 439 1276 505 de
1291 461 1409 507 eorum
1428 465 1502 510 sus-

187 542 374 611 tentatione
386 540 698 610 fuisse'sollicitum.

231 657 263 718 3.
283 653 406 715 Verum
429 647 677 737 incompletum
696 653 747 715 est
770 654 923 717 nostrum
950 658 1208 737 argumentum,
1230 644 1395 743 quamdiu
1414 654 1501 721 illud

185 754 425 822 tantummodo
452 753 778 836 demonstravimus,
803 754 1035 823 conditionem
1058 779 1192 840 rerum,
1213 781 1319 848 quam
1342 758 1503 827 describit

185 862 448 944 collectaneum,
466 859 645 927 dissentire
668 883 689 927 a
710 860 908 928 conditione
929 884 1046 929 rerum
1067 886 1152 930 aevo
1175 865 1323 932 mosaico
1341 885 1349 932 :
1367 872 1504 956 oportet

185 991 246 1036 nos
261 968 362 1035 etiam
383 965 527 1058 aliquod
538 967 773 1033 demonstrare
788 967 951 1034 historiae
964 969 1194 1037 Hebraeorum
1212 994 1346 1055 aevum,
1364 972 1420 1039 eui
1432 972 1504 1039 col-

184 1075 378 1141 leetaneum
400 1079 569 1141 consonet.
591 1075 668 1140 Non
683 1086 846 1139 consonae
862 1073 954 1140 illud
975 1098 1057 1142 ceco
1078 1078 1184 1142 Iosrce.
1204 1077 1298 1154 Quod
1324 1086 1418 1168 patet
1432 1080 1502 1169 pri-

185 1203 318 1249 mume
340 1179 415 1247 lud.
436 1187 506 1261 ast,
525 1180 694 1246 Hebraeos
718 1180 821 1246 lahve
846 1179 994 1247 fideliter
1015 1182 1208 1256 adhaesisse
1232 1185 1364 1251 cunctis
1379 1184 1501 1253 diebus

184 1293 281 1355 losue
295 1293 329 1355 et
341 1287 532 1365 seniorum,
548 1286 609 1376 qui
624 1285 727 1372 longo
741 1290 816 1375 post
830 1308 910 1353 eum
925 1286 1070 1355 vixerint
1082 1295 1250 1379 tempore.
1269 1294 1363 1357 Patet
1377 1313 1396 1358 e
1410 1292 1500 1358 facto

185 1400 248 1461 los.
275 1400 335 1474 22,
369 1400 408 1459 11
438 1414 514 1482 sqq.
546 1412 555 1459 t
586 1391 797 1478 indignatio,
823 1415 928 1481 quam
954 1401 1027 1460 tum
1056 1417 1256 1484 persensere
1282 1396 1497 1465 eisiordauici

186 1522 315 1581 omnes,
327 1499 487 1566 certiores
505 1498 586 1565 iacti
599 1497 891 1566 transiordanicos
905 1500 942 1566 in
956 1500 1025 1567 suis
1037 1500 1166 1569 tinibus
1178 1503 1320 1569 erexisse
1332 1525 1497 1590 magnum

186 1605 360 1696 quoddam
380 1606 486 1671 altare
508 1605 628 1684 leuve,
644 1611 849 1691 argumento
872 1612 920 1673 est
938 1629 1009 1673 non
1027 1608 1239 1675 consuevisse
1252 1614 1325 1676 tum
1341 1609 1500 1677 homines

185 1712 352 1779 hebraeos
366 1711 515 1778 ubilibet
531 1711 696 1777 sacrificia
714 1712 847 1778 offerre.
860 1750 904 1763 —
923 1719 1038 1803 Neque
1058 1736 1110 1795 ea,
1130 1737 1235 1804 quam
1251 1715 1499 1784 collectaneum

184 1818 358 1899 describit,
375 1840 490 1885 rerum
503 1817 653 1884 conditio
668 1816 829 1899 obtinuit,
847 1825 1029 1908 postquam
1044 1820 1150 1886 David
1159 1843 1256 1887 saera
1266 1822 1499 1890 Hebraeorum

185 1925 395 1990 restituenda
410 1945 593 2010 aggressus
608 1930 658 1989 est
673 1946 680 1991 :
696 1923 825 2013 optime
840 1932 940 1991 norat
953 1925 1026 2014 ipse
1041 1926 1256 1994 sacerdotum
1269 1933 1303 1994 et
1317 1928 1499 1996 levitarum

184 2030 388 2110 discrimen,
403 2051 514 2118 neque
529 2052 570 2096 eo
587 2035 756 2114 regnante
774 2033 907 2097 Levitae
926 2031 1006 2117 vagi
1021 2037 1054 2097 et
1070 2034 1190 2121 inopes
1207 2032 1500 2100 circumfereban-

183 2144 250 2203 tur.
274 2174 316 2186 -
332 2135 398 2202 Sed
413 2134 597 2201 concordat
613 2134 677 2201 illa
687 2136 828 2224 penitus
840 2157 920 2204 curn
935 2159 1016 2203 aevo
1039 2136 1206 2204 iudicum.

228 2246 298 2320 Quo
311 2241 387 2308 loco
406 2240 560 2308 iudicum
575 2263 659 2307 aevo
677 2241 807 2308 fuerint
823 2243 1056 2310 Hebraeorum
1071 2265 1125 2309 res
1138 2244 1379 2334 exponendum
1396 2245 1498 2312 nobis

183 2355 244 2416 est.
264 2348 328 2416 Ubi
349 2347 438 2414 illud
463 2369 657 2431 monemus,
677 2370 739 2414 nos
761 2370 1009 2416 earumrerum
1031 2352 1066 2416 h.
1092 2351 1118 2416 l.
1143 2351 1278 2417 tradere
1297 2351 1497 2438 generalem

184 2462 401 2545 conspectum
416 2461 562 2521 tantum.
583 2454 679 2531 Quod
694 2454 738 2520 ad
760 2461 915 2521 nostrum
939 2455 975 2521 h.
995 2455 1018 2521 l.
1036 2456 1248 2546 propositum
1270 2457 1410 2524 abunde
1431 2459 1495 2524 erit

184 2563 275 2628 satis.
304 2567 377 2628 Non
401 2561 517 2626 omnia
541 2560 644 2626 modo
668 2561 944 2641 recensebamus,
968 2561 1004 2628 in
1030 2562 1156 2650 quibus
1180 2564 1426 2630 collectaneum
1448 2563 1493 2629 ab

185 2689 268 2734 aevo
281 2667 427 2734 mosaico
451 2666 622 2745 dissonat;
636 2666 735 2754 plura
750 2666 963 2751 commodius
984 2673 1094 2733 textus
1115 2667 1336 2735 discutientes
1350 2668 1496 2755 attinge-

186 2794 275 2855 mus;
294 2795 441 2863 quorum
456 2773 557 2862 plura
571 2771 713 2838 seorsim
727 2777 880 2861 spectata
900 2773 1035 2839 minora
1049 2773 1245 2853 videantur,
1262 2774 1321 2840 sed
1337 2776 1372 2839 in
1389 2795 1497 2840 unum

183 2879 326 2947 collecta
348 2881 502 2946 efficiunt
520 2879 715 2964 argumenti
734 2878 871 2968 pondus
891 2901 960 2945 non
985 2880 1228 2968 spernendum.
1247 2884 1361 2969 Neque
1382 2900 1497 2946 rerum

183 3009 268 3053 aevo
297 2986 451 3053 iudicum
484 2984 718 3053 conditionem
749 2985 982 3053 describemus
1004 2985 1074 3053 iam
1104 2985 1220 3076 quoad
1244 2986 1378 3069 omnia;
1396 2986 1498 3077 plura

184 3093 287 3159 etiam
307 3094 431 3160 horum
451 3092 698 3158 commentario
718 3091 932 3159 commodius
951 3098 1179 3161 reservantur.
1197 3093 1396 3160 Generalem
1417 3114 1498 3160 cou-

183 3207 336 3289 spectum
351 3199 529 3266 tradimus.

229 3310 323 3372 Certe
344 3328 428 3373 aevo
453 3305 606 3373 iudicum
631 3305 849 3372 habebantur
871 3305 997 3371 altreie
1023 3306 1180 3395 privata,
1196 3326 1305 3395 caque
1328 3311 1394 3372 Deo
1416 3328 1497 3396 pro-

183 3413 275 3479 bata.
293 3412 367 3479 lud.
386 3419 464 3492 635
486 3434 561 3502 sqq.
578 3411 719 3478 iubente
744 3413 869 3497 angelo
882 3412 1044 3479 exstruxit
1057 3412 1165 3478 altare
1189 3412 1323 3479 Gedeon
1343 3416 1376 3478 et
1395 3413 1431 3479 in
1454 3435 1495 3479 eo

183 3518 308 3585 obtulit
327 3518 582 3601 holocaustum3
598 3519 744 3586 alterum
766 3518 815 3584 ib.
834 3541 867 3585 v.
884 3525 926 3586 at
944 3525 1061 3608 postea
1079 3517 1241 3585 exstruxit
1259 3518 1320 3606 (cl
1341 3541 1376 3606 p.
1402 3520 1492 3591 mot.

184 3624 353 3690 Offerebat
372 3625 571 3692 holocausta
595 3626 711 3714 lephte
735 3624 771 3690 in
796 3624 1068 3691 transiordanica
1092 3623 1286 3703 lud.11,30
1308 3645 1399 3712 sqq,
1423 3645 1493 3712 quo

154 3727 157 3731 ’
183 3734 274 3795 certe
289 3752 356 3795 non
366 3732 636 3799 transferebatur
649 3733 896 3798 sanctuarium.
912 3730 1044 3797 Obtulit
1056 3730 1294 3797 holocaustum
1308 3729 1382 3796 lud.
1396 3734 1494 3809 tate

181 3841 299 3903 Hanue
316 3838 352 3902 in
367 3842 468 3925 petra
481 3838 621 3905 iubente
636 3838 771 3924 angele.
789 3836 956 3904 Samuelis
974 3835 1179 3903 sacrificium
1194 3835 1230 3902 in
1247 3835 1340 3901 Eben
1355 3836 1497 3901 ha-ezer

182 3947 298 4029 theg.
317 3950 372 4025 7,9
388 3966 462 4034 sqq.
481 3949 639 4034 portento
661 3948 747 4010 Deus
766 3941 960 4010 illustravit.
977 3941 1177 4010 Aedificavit
1193 3941 1287 4007 idem
1307 3940 1415 4007 altare
1433 3944 1497 4006 Ha-

181 4071 257 4116 mae
270 4073 303 4116 v.
327 4057 380 4135 17,
396 4050 610 4118 sacrificabat
634 4051 671 4117 in
695 4048 896 4116 Bethlehem
918 4055 996 4130 16ss
1018 4055 1081 4115 etc.
1099 4053 1230 4114 Norunt
1251 4048 1337 4113 haec
1363 4068 1493 4114 omnes.

180 4160 230 4238 Et,
245 4157 408 4245 quoniam
432 4157 519 4225 illud
545 4163 760 4246 compertum
780 4155 965 4237 habemus,
980 4154 1147 4222 sacrificia
1173 4161 1245 4220 tum
1271 4154 1308 4219 in
1330 4152 1496 4221 altaribus

180 4264 322 4353 privatis
341 4263 455 4329 offerri
476 4264 687 4330 consuevisse
706 4264 775 4328 sive
797 4284 819 4328 a
834 4259 976 4351 privatis
991 4261 1061 4328 sive
1085 4283 1147 4351 pro
1168 4260 1326 4328 universo
1345 4258 1491 4349 populo,

182 4370 283 4436 lahve
307 4392 377 4436 non
403 4370 628 4460 reprobante,
648 4368 719 4435 imo
744 4368 953 4457 quaudoque
976 4368 1036 4434 illa
1059 4366 1234 4435 miraculis
1256 4370 1491 4445 consecrante,

180 4498 249 4543 non
279 4499 428 4566 aequum
451 4498 643 4557 censemus,
660 4481 714 4556 ut,
732 4475 871 4563 quando
891 4473 930 4541 in
950 4474 1124 4543 sacrificiis
1148 4473 1373 4565 quibusdam,
1390 4469 1427 4535 in
1453 4469 1493 4534 li-

182 4580 251 4649 bris
266 4584 339 4650 lud.
358 4589 420 4651 ett
438 4590 472 4651 et
485 4590 506 4650 2
520 4589 617 4670 Heg,
639 4581 735 4650 nulla
754 4583 939 4650 sanctuarii
962 4583 1132 4650 habeatur
1149 4580 1288 4660 mentio,
1304 4600 1345 4643 ea
1363 4573 1491 4640 nihilo·

180 4690 292 4758 minus
306 4691 401 4781 apud
416 4689 647 4759 sanctuarium
669 4694 702 4757 et
716 4711 831 4756 arcam
852 4689 968 4757 oblata
982 4712 1052 4757 esse
1070 4685 1353 4779 pronuntiemus,
1370 4699 1441 4746 non
1455 4677 1490 4743 iu
