3366 5346
693 308 782 354 uuir.
807 295 856 365 Μ
880 312 944 362 soa.
1410 298 1467 355 aia

152 467 215 534 per
231 445 335 525 adest,
354 447 548 509 constanter
565 442 726 509 habitans
749 443 786 508 in
805 443 1014 509 sanctuario.
1041 449 1127 509 Deus
1141 444 1282 532 spiritus
1295 467 1400 532 purus
1414 446 1468 510 in·

154 552 272 618 finitus
282 550 471 617 secundum
485 549 711 615 substantiam
727 548 889 615 omnibus
904 555 937 615 et
950 549 1079 637 ubique
1096 572 1257 640 praesens
1273 551 1380 617 adest.
1402 552 1466 616 Sed

155 658 346 724 manifestat
367 678 464 723 suam
486 655 716 745 praesentiam
743 655 854 741 magis
881 657 923 722 iis
944 656 982 722 in
1005 656 1103 738 leem,
1123 657 1253 746 quibus
1289 679 1371 747 prae
1391 656 1466 722 aliis

153 763 325 830 consuerit
346 762 506 830 exaudire
538 762 718 828 hominum
741 762 1021 851 supplicationes.
1049 762 1177 839 Quibus
1209 763 1291 830 locis
1313 770 1468 829 censetur

151 872 293 959 propius
315 869 447 951 adesse,
467 868 646 935 habitare:
669 870 713 935 es.
740 873 797 935 Es.
816 874 918 950 29,t3
939 888 1034 958 sqq.;
1052 874 1149 936 Num.
1175 875 1254 948 7‚89
1273 875 1336 934 etc.
1359 874 1467 935 llouet

150 998 253 1065 porro
276 980 409 1066 Ilonsr„
438 997 560 1041 nexum
587 975 679 1041 inter
703 998 733 1040 v.
757 982 825 1042 'iet
843 982 863 1042 8
885 997 957 1042 non
974 998 1046 1042 esse
1060 975 1231 1042 causalem
1246 974 1383 1063 (eratum
1404 977 1467 1041 ha-

151 1082 276 1150 bentur
292 1083 360 1148 duo
373 1088 576 1169 argumenta
589 1082 798 1149 coordinata.
814 1085 907 1149 LXX
920 1081 1169 1149 vertuntdeurn
1184 1083 1467 1171 apprropz'nqoun·

152 1203 216 1256 tem
239 1189 315 1275 sibi,
340 1204 439 1279 utiq:
459 1189 592 1255 faciunt
614 1187 784 1278 pluralem
811 1188 1007 1255 maiestatis.
1033 1190 1159 1255 Poterit
1186 1188 1289 1255 otiam
1309 1190 1396 1276 (Dr.)
1411 1211 1467 1253 ex-

149 1296 278 1385 pressio
294 1295 382 1361 sumi
397 1295 660 1362 indeterminate
677 1317 684 1362 :
702 1294 771 1360 sive
790 1294 871 1361 illae
883 1301 1004 1380 gentes
1022 1317 1130 1362 unum
1145 1300 1249 1361 Deum
1269 1295 1383 1361 colant
1397 1294 1466 1359 sive

150 1403 282 1490 pluma,
307 1424 375 1467 non
397 1401 526 1467 habent
543 1423 672 1467 numen
695 1401 979 1491 appropinquans
999 1402 1081 1482 sibi,
1105 1400 1208 1490 quale
1229 1401 1334 1467 habet
1349 1401 1462 1467 lsrael.

149 1531 182 1574 v.
208 1516 228 1574 8
254 1536 269 1567 o
295 1510 389 1588 Quae
413 1520 462 1574 est
484 1507 599 1593 [enim]
624 1506 695 1573 olio
715 1530 800 1596 qens
823 1507 872 1574 sie
897 1507 1033 1587 inclita,
1052 1521 1089 1573 ot
1114 1507 1237 1574 tabeat
1256 1507 1466 1573 ceremonias

151 1615 309 1703 iustaque
325 1613 455 1680 iudicio
470 1627 503 1679 et
522 1615 714 1680 renioersom
728 1614 857 1702 leqem,
873 1637 978 1704 quom
991 1638 1053 1704 eqo
1065 1636 1257 1705 proponam
1273 1613 1374 1680 bodie
1387 1626 1466 1679 alite

150 1720 263 1786 oculos
277 1732 400 1786 cestros
416 1723 460 1786 »P
479 1722 582 1787 Hebr.
606 1742 618 1785 .·
639 1733 677 1786 ot
690 1719 812 1786 habeat
826 1733 955 1788 stataria
968 1733 1001 1787 et
1019 1721 1147 1787 leodicia
1167 1720 1273 1797 r'itsle,
1291 1720 1379 1786 sicot
1395 1733 1467 1786 tote

149 1827 247 1893 thoro
267 1826 360 1911 lieee,
380 1824 483 1916 quem
499 1849 559 1915 eqo
569 1849 726 1916 propono
738 1828 831 1894 vobis
848 1827 959 1894 hodie.
982 1833 1093 1894 Potest
1112 1827 1261 1918 proponi
1279 1828 1380 1893 thora
1403 1826 1466 1892 ali-

148 1955 217 2022 qua
233 1932 287 1998 vel
306 1933 490 2000 universali
509 1933 807 2000 commendatione
830 1932 883 1999 vel
910 1933 1112 2022 particulari
1131 1933 1355 2022 explicatione
1379 1955 1387 1996 ε
1406 1954 1465 1998 ne-

148 2061 215 2127 que
243 2041 328 2105 haec
352 2062 463 2129 neque
496 2060 642 2128 sequens
672 2039 781 2106 oratio
814 2040 920 2106 habet
945 2039 1188 2129 particularem
1223 2038 1463 2104 mandatorum

148 2145 422 2234 explicationem,
445 2145 499 2212 vel
515 2147 628 2235 ipsum
644 2145 868 2215 monolatriae
883 2145 1084 2213 mandatum
1097 2168 1167 2211 non
1185 2144 1384 2234 explicatur,
1405 2144 1462 2210 sed

146 2251 350 2331 inculcatur,
367 2251 552 2338 decalogus
565 2274 640 2340 cap.
656 2259 675 2319 5
689 2273 760 2317 non
775 2251 975 2341 explicatur,
988 2251 1047 2318 sed
1058 2251 1233 2318 recitatur.
1250 2255 1340 2337 Ergo
1352 2250 1461 2334 thore,

147 2381 234 2447 quac
248 2381 279 2423 r.
298 2366 318 2424 8
335 2381 404 2424 non
415 2357 577 2443 designat
592 2379 697 2424 unum
711 2359 857 2446 speciale
872 2357 1014 2447 aliquod
1029 2357 1273 2425 documentum
1288 2356 1461 2444 (theram),

147 2464 205 2529 sed
217 2486 405 2550 synonyme
421 2464 583 2530 scribitur
598 2465 640 2530 ad
654 2476 785 2530 statuto
800 2477 831 2530 ct
843 2464 974 2530 iudicio
990 2465 1048 2553 (cl.
1065 2487 1098 2530 r.
1117 2472 1146 2530 1.
1163 2464 1211 2552 5),
1229 2486 1297 2529 nou
1314 2469 1363 2529 est
1376 2486 1461 2529 nova
1536 2516 1542 2529 .

147 2572 263 2659 aliqua
280 2571 332 2635 lex
349 2571 402 2637 vel
431 2570 546 2657 legum
567 2570 688 2651 codex,
705 2571 766 2637 sed
786 2577 865 2638 sunt
880 2571 973 2658 ipsae
987 2571 1080 2656 leges
1091 2571 1221 2660 priores
1239 2592 1257 2636 a
1281 2571 1384 2635 Iahve
1403 2592 1465 2658 per

147 2681 278 2762 Moysen
292 2678 419 2766 populo
435 2675 692 2762 promulgatae,
707 2677 762 2743 lex
777 2699 848 2744 non
871 2698 963 2743 mere
982 2675 1128 2743 mosaica
1148 2676 1208 2742 sed
1221 2675 1350 2755 divina,
1373 2697 1463 2740 com-

146 2782 307 2871 plectitur
325 2783 419 2870 leges
440 2805 559 2850 omnes
573 2788 643 2849 tam
657 2782 773 2850 civiles
792 2805 895 2872 quam
916 2782 1091 2869 religiosas
1105 2783 1243 2848 nomine
1263 2782 1365 2847 lahve
1384 2803 1462 2869 pro-

146 2890 336 2976 mulgatas,
352 2890 477 2978 quibus
495 2897 568 2956 tum
590 2890 823 2956 Hebraeorum
845 2888 916 2956 vita
935 2889 1131 2975 regebatur,
1155 2890 1224 2955 sivo
1249 2910 1308 2954 eae
1329 2889 1365 2953 in
1385 2887 1462 2952 uni·

146 3018 222 3063 oum
247 2996 407 3062 volumen
432 2996 502 3063 iam
529 3002 640 3063 essent
664 2996 841 3077 collectae,
858 2996 929 3063 sive
950 3018 1031 3063 non.
1050 3000 1132 3061 ltem
1155 2993 1342 3084 opponitur
1360 2994 1461 3060 thora

145 3102 328 3188 gentilium
347 3102 499 3188 legibuS,
515 3125 584 3168 non
600 3103 659 3168 uni
676 3103 730 3168 vel
742 3102 858 3185 alteri,
875 3103 935 3170 sed
949 3102 1052 3170 simul
1061 3103 1242 3191 spectatis,
1258 3108 1361 3189 atque
1378 3122 1459 3189 prae

145 3208 213 3274 illis
225 3211 419 3276 affirmatur
430 3230 501 3274 esse
521 3208 623 3275 iusto.
647 3208 820 3298 Quidquid
839 3210 1110 3298 superstitiosum
1121 3216 1181 3289 cst,
1198 3207 1348 3286 crudele,
1365 3207 1459 3273 luru-

145 3315 290 3398 riosum,
308 3315 345 3382 id
363 3315 490 3381 iustum
505 3321 646 3381 nonest.

179 3517 205 3553 V·
232 3505 246 3554 7
272 3486 380 3565 Umbri,
410 3510 546 3570 sequente
570 3507 656 3556 verbo
679 3505 786 3556 iormae
811 3505 936 3568 pluralis,
961 3517 1016 3554 non
1040 3510 1132 3567 potest
1167 3504 1254 3566 accipi
1279 3506 1309 3552 ut
1341 3503 1457 3565 pluralis
1507 3520 1510 3524 ·

144 3593 305 3651 maiestatis,
323 3607 406 3657 quem
425 3596 521 3658 utique
548 3598 695 3646 contextus
715 3595 848 3645 excludit.
872 3593 1056 3656 Quandoque,
1073 3592 1119 3642 ubi
1144 3591 1262 3643 habetur
1285 3591 1453 3655 colloquium

144 3693 206 3729 cum
223 3682 336 3731 homine
358 3683 478 3744 ethnice,
494 3697 550 3734 vox
569 3683 700 3746 designat
715 3684 830 3747 spiritus
846 3682 1059 3733 indeterminate
1081 3694 1087 3730 ε
1108 3682 1178 3731 Gen.
1198 3680 1288 3743 20,13;
1305 3680 1356 3729 Ex.
1376 3680 1450 3740 3t,l;

147 3767 156 3816 1
175 3769 245 3832 Reg.
261 3769 315 3830 4,8;
334 3771 347 3819 3
365 3771 434 3832 neg.
459 3771 529 3832 ¹93.
552 3773 630 3822 Alias
650 3773 779 3835 designat
801 3773 860 3821 deos
877 3785 884 3819 :
904 3772 986 3820 Deut.
1008 3770 1033 3828 6,
1054 3769 1084 3819 it
1105 3773 1158 3820 etc.
1181 3770 1260 3829 Quae
1271 3771 1363 3819 versio
1386 3771 1413 3818 ll.
1434 3772 1453 3818 l.

145 3853 244 3922 (Veto.)
261 3864 303 3908 est
317 3858 509 3921 praeierenda‚
524 3861 679 3925 eodemque
692 3861 791 3911 recidit
806 3862 868 3909 iiix
883 3856 936 3917 θεός
951 3861 1012 3908 sinc
1027 3859 1152 3909 articulo.
1168 3860 1213 3908 Dr.

278 4074 310 4133 2.
336 4068 727 4136 commemoraremus
746 4067 846 4135 lotoe
866 4066 1049 4158 antorplios
1064 4080 1097 4133 et
1109 4066 1308 4157 prohibetor

559 4174 758 4242 idololotria
781 4179 878 4241 Dent.
907 4181 1035 4259 t,9-2t.

183 4373 268 4460 Arp.
290 4410 334 4421 —
355 4377 445 4438 bene
459 4372 624 4438 memoria
638 4371 805 4438 retineant
819 4370 963 4437 Hebraei
978 4370 1124 4459 filiisque
1138 4368 1323 4451 inculcent,
1341 4369 1378 4435 in
1397 4369 1452 4434 dio

59 4465 66 4483 ⁹
141 4497 285 4562 magnae
296 4479 544 4569 theophaniae,
563 4479 701 4568 quando
718 4480 760 4544 de
775 4477 888 4544 medio
902 4477 1061 4565 caliginis
1071 4484 1103 4544 et
1115 4477 1206 4563 ignis
1222 4498 1338 4543 vocem
1351 4477 1451 4541 Iahve

140 4581 312 4650 audierint
329 4590 362 4650 et
376 4584 580 4672 decalogum
596 4585 802 4676 acceperint,
825 4606 859 4650 se
878 4585 1010 4651 nullam
1027 4590 1141 4652 tamen
1158 4583 1279 4649 lahvee
1293 4582 1454 4646 similitu-

139 4688 258 4757 dinem
273 4691 441 4759 contuitus
461 4712 541 4759 esse.
564 4698 689 4775 Quare,
707 4713 785 4759 eum
807 4691 873 4780 ipsi
892 4691 961 4759 sint
977 4692 1123 4781 populus
1144 4689 1245 4755 lahve
1260 4686 1397 4767 electae,
1415 4708 1458 4753 ne
