3366 5346
203 289 260 347 134
726 282 728 287 '
751 296 961 341 rnrnonccrm.

244 435 366 505 Recole
379 431 615 500 narrationem
626 434 779 498 actorum
794 432 911 518 Moysis
924 433 1035 518 magis
1047 433 1151 498 etiam
1166 431 1210 498 ad
1225 431 1392 498 Hebraeos
1407 428 1512 518 perti-

200 544 331 622 nuisse,
349 561 454 630 quam
468 538 514 605 ad
529 560 590 604 nos
605 537 784 624 evangelia
800 538 974 627 pertinent
992 559 999 604 :
1019 547 1116 605 erant
1131 560 1172 605 ea
1190 543 1265 604 acta
1279 559 1348 603 non
1371 535 1514 602 historia

202 649 319 717 salutis
339 651 490 721 tantum,
514 644 572 711 sed
597 643 756 733 propriae
785 644 896 730 gentis
924 644 1079 711 historia.
1106 649 1212 722 Quam
1236 665 1333 711 nosse
1363 642 1511 722 videtur,

202 778 279 823 eam
315 759 404 820 certe
432 758 564 842 partem
590 773 678 840 quae
704 751 994 817 transiordanicos
1022 757 1206 840 spectaret,
1231 751 1336 816 homo
1365 749 1456 815 ferus
1482 757 1515 814 et

201 862 384 929 illiteratus
404 858 517 948 Iephte
545 857 633 947 (lud.
659 858 728 941 11);
747 861 781 924 ct
802 857 883 924 satis
907 863 1065 924 accurate
1092 858 1245 948 quidem.
1272 861 1443 939 Fortasse,
1463 855 1515 921 uti

201 969 287 1036 alias
302 966 394 1058 apud
410 966 565 1045 Semitas,
582 986 622 1031 ea
636 964 750 1050 gentis
764 963 907 1031 historia
923 964 1134 1031 recitabatur
1148 965 1184 1031 in
1201 963 1360 1030 domibus
1375 963 1513 1044 civium,

202 1075 237 1141 in
265 1073 390 1161 vigiliis
413 1078 604 1162 pastorum,
628 1092 697 1136 non
724 1091 896 1159 sempera
919 1073 1063 1160 scripto,
1086 1070 1145 1137 scd
1167 1093 1185 1138 e
1209 1069 1376 1136 memoria
1398 1069 1513 1135 etiam.

204 1188 223 1248 t
243 1187 326 1267 Reg.
347 1185 424 1263 t,23
441 1178 573 1253 doceris
587 1177 798 1245 consuevisse
815 1198 938 1262 regum
956 1199 1039 1243 aevo
1058 1177 1182 1243 haberi
1201 1181 1389 1243 conventus
1404 1197 1517 1242 sacros

204 1287 355 1355 sabbatis
373 1293 407 1353 et
422 1283 572 1352 calendis
588 1303 596 1351 ε
614 1283 651 1349 in
665 1282 736 1349 illis
755 1284 843 1349 sorte
856 1283 961 1350 etiam
981 1283 1064 1350 illae
1081 1282 1246 1350 historiae
1264 1281 1514 1362 recitabantur,

205 1394 297 1484 quod
316 1390 562 1483 posterioribus
582 1390 673 1458 aevis
693 1389 853 1476 religiose
875 1390 1132 1456 observabatur.
1158 1388 1235 1458 Fuit
1258 1396 1374 1457 autem
1393 1410 1516 1455 aevum

204 1500 357 1567 iudicum
375 1519 498 1566 aevum
517 1497 619 1577 rude,
638 1518 705 1586 qao
722 1495 760 1561 in
778 1495 875 1562 rebus
894 1496 1000 1562 etiam
1016 1495 1208 1562 sacerrimis
1218 1500 1354 1586 [taceret
1372 1495 1517 1584 quisquc

200 1628 266 1696 pro
285 1605 412 1690 lubitu,
429 1602 522 1694 qrtod
532 1615 663 1670 rectum
680 1601 851 1669 videretur
868 1602 905 1668 ic
920 1602 1029 1668 oeulis
1042 1602 1135 1688 saia·
1148 1623 1271 1670 aevum
1290 1609 1383 1670 certa
1398 1623 1517 1668 carens

205 1712 424 1794 auctoritate,
444 1731 531 1800 quae
547 1708 651 1776 rebus
669 1708 831 1776 civilibus
847 1715 881 1776 et
900 1709 1004 1776 sacris
1019 1709 1203 1776 efficaciter
1223 1709 1432 1796 invigilaret.
1451 1711 1516 1773 Ne-

205 1818 349 1906 gabisne
365 1840 405 1884 eo
423 1839 507 1884 aevo
526 1815 677 1907 petuisse
696 1815 807 1881 evolvi
827 1820 956 1882 textum
972 1816 1135 1898 alterum,
1153 1838 1190 1882 re
1210 1815 1351 1905 quidem
1371 1814 1516 1881 eundem

206 1947 283 1992 cum
302 1930 393 1990 textu
412 1922 639 2013 primigenio,
657 1921 734 1988 stilo
752 1923 942 2011 plurimum
962 1922 1161 1990 diversum?
1180 1922 1333 2012 potuisse
1353 1929 1518 2010 sequente

204 2052 326 2118 regum
338 2052 422 2098 aevo
438 2028 654 2096 circumferri
667 2029 875 2118 exemplaria
889 2029 1021 2096 formae
1035 2034 1101 2096 Eat
1116 2028 1327 2117 exemplaria
1342 2028 1473 2094 formae
1488 2032 1517 2108 l,

204 2138 343 2204 fortasse
358 2136 505 2203 aliarum
520 2139 697 2223 praeterea
713 2136 924 2215 formarum,
938 2157 1027 2225 qnae
1048 2136 1092 2202 ad
1106 2157 1169 2201 nos
1187 2157 1258 2201 non
1277 2133 1520 2224 pervenerint?

10 2262 19 2325 ζ
111 2317 112 2321 Ἰ
206 2243 354 2332 potuisse
374 2247 560 2309 eventuum
580 2240 812 2329 quorumdam
831 2241 1061 2308 narrationem
1082 2240 1269 2307 desiderari
1288 2241 1324 2306 in
1345 2240 1521 2330 exempla-

206 2349 301 2415 ribus
316 2349 446 2415 formae
461 2352 501 2430 E,
520 2346 667 2413 aliorum
680 2368 760 2413 vero
776 2354 960 2413 eventuum
975 2348 1011 2413 in
1025 2347 1277 2436 exemplaribus
1293 2338 1424 2414 formae
1441 2349 1478 2413 J?

250 2461 392 2522 Secutae
412 2459 490 2521 sunt
508 2454 695 2543 posteriore
714 2474 837 2539 regum
855 2475 938 2520 aevo
956 2453 1108 2520 exitiales
1126 2453 1207 2520 illae
1226 2455 1264 2520 in
1281 2453 1390 2519 libros
1410 2473 1523 2519 saeros

205 2561 473 2652 persecutiones,
489 2559 629 2650 quando
650 2582 765 2626 sacrae
787 2561 994 2627 narrationis
1016 2567 1129 2650 partes
1152 2560 1325 2651 quaedam
1339 2559 1435 2626 haud
1456 2561 1523 2625 cxi·

205 2691 294 2756 guae
309 2669 469 2735 interiere
490 2666 624 2757 penitus
647 2670 715 2753 (CN
728 2689 763 2756 p.
781 2672 845 2733 213
866 2650 971 2756 sqq).
994 2666 1236 2734 Affirmabisne
1256 2689 1324 2748 eaS,
1346 2689 1433 2755 qnae
1455 2688 1522 2733 ser-
1548 2655 1550 2658 ’

206 2781 303 2843 vatae
324 2781 403 2843 sunt
425 2773 621 2864 pericopae,
641 2773 745 2840 fuisse
766 2795 887 2840 omnes
909 2779 1065 2840 textuum
1087 2774 1235 2841 maxime
1257 2775 1519 2861 castigatorum,
1565 2834 1568 2839 .

205 2882 504 2971 primigeniorum,
522 2902 590 2946 non
605 2902 688 2946 vero
704 2879 961 2947 derivatorum?
976 2879 1013 2945 ld
1025 2881 1101 2946 lieri
1115 2880 1275 2970 potuisse,
1294 2902 1363 2946 non
1378 2878 1518 2946 infitior.

206 2989 240 3053 si
255 2988 385 3052 lactum
401 2991 462 3066 est,
478 2985 542 3051 luit
557 2985 648 3051 istud
661 3007 742 3052 sane
759 2985 917 3051 miraculi
931 2984 1051 3051 instar.
1069 2990 1193 3052 Eratne
1209 2986 1301 3053 istud
1315 2985 1520 3053 miraculum

208 3093 452 3173 necessarium,
470 3098 506 3155 ut
522 3113 600 3156 vere
623 3090 667 3156 ad
688 3112 748 3155 nos
767 3092 1056 3157 transmitteretur
1075 3092 1220 3159 verbum
1236 3093 1315 3159 Dei?
1334 3098 1448 3182 Neque
1464 3114 1521 3157 co-

208 3197 299 3284 geris
324 3197 500 3263 adstruere
524 3195 624 3261 unica
642 3196 879 3285 persecutione
900 3196 1055 3270 effectam
1076 3219 1148 3264 esse
1168 3204 1274 3265 totam
1294 3199 1388 3265 illam
1410 3221 1522 3265 sacro-

209 3326 286 3370 rum
311 3303 482 3369 librorum
509 3309 661 3389 stragem
687 3303 845 3394 :luerint
869 3303 1123 3392 persecutiones
1147 3327 1323 3371 sacrorum
1354 3305 1520 3371 librorum

209 3410 340 3501 plures,
369 3409 468 3477 sicuti
496 3411 594 3477 luere
623 3409 737 3499 plures
764 3410 1017 3498 persecutiones
1045 3410 1313 3500 prophetarum,
1338 3434 1394 3492 ea,
1419 3432 1520 3501 quam

209 3519 315 3584 movit
328 3524 503 3600 tlanasseS,
516 3515 707 3607 persecutio
723 3515 930 3583 describitur
944 3515 1047 3583 fuisse
1060 3517 1347 3606 praecedentibus
1364 3517 1524 3591 omnibus

209 3624 502 3713 persecutionibus
532 3623 690 3689 atrocior.
720 3628 809 3708 Ergo
841 3623 991 3711 primum
1021 3621 1195 3690 destructa
1222 3624 1291 3691 sint
1319 3625 1525 3713 apographa

209 3728 326 3818 plura,
354 3751 424 3794 non
450 3729 565 3794 omnia
594 3728 747 3795 eiusdem
780 3728 971 3796 necessario
997 3730 1145 3812 formae,
1170 3737 1305 3798 servata
1330 3732 1526 3816 fragmenta

209 3836 325 3925 plura;
342 3857 490 3924 quorum
501 3835 642 3901 fortasse
656 3835 752 3902 brevi
761 3842 838 3926 post
849 3835 1048 3903 tentabatur
1059 3837 1240 3920 restitutio,
1255 3860 1323 3903 non
1335 3837 1524 3903 necessario

208 3943 361 4010 numeris
389 3942 551 4009 omnibns
575 3941 747 4026 absoluta3
770 3944 912 4009 fortasse
939 3943 1008 4009 iam
1033 3944 1329 4032 permiscebantur
1359 3950 1469 4010 textus
1494 3952 1526 4009 et

210 4049 289 4113 stili.
306 4049 520 4136 Sequebatur
534 4048 726 4136 persecutio
740 4048 859 4128 altera,
876 4048 1142 4116 destruebantur
1156 4070 1296 4116 rursum
1308 4051 1522 4139 apographa,

116 4242 119 4246 .
210 4153 334 4243 parlim
355 4177 392 4219 ca
413 4177 501 4242 quae
525 4155 674 4242 priorem
695 4154 847 4219 furorem
865 4155 1081 4241 effugissent,
1099 4156 1224 4245 parlim
1244 4179 1283 4222 ea
1305 4179 1453 4246 quorum
1476 4178 1526 4221 re-

212 4259 343 4326 stitutio
364 4261 481 4348 aliqua
497 4260 565 4326 iam
584 4261 702 4326 fuisset
717 4265 893 4326 attentata.
912 4265 1022 4328 Novae
1043 4284 1120 4329 mox
1139 4262 1345 4329 restitutioni
1367 4263 1525 4329 admove-

213 4366 340 4432 bantur
354 4385 489 4443 manus3
509 4372 542 4431 et
560 4366 609 4431 ita
631 4388 745 4454 porro,
764 4372 924 4447 Quaeres,
944 4367 971 4433 si
990 4375 1086 4433 tanta
1101 4368 1302 4435 adstruatur
1316 4370 1525 4454 fragmento·

213 4495 289 4540 rum
306 4471 500 4561 permixtio,
518 4471 691 4560 quomodo
709 4472 847 4538 omnino
863 4474 1037 4561 potuerint
1057 4476 1268 4541 restitutores
1284 4482 1413 4543 textum
1429 4473 1525 4542 resti-

213 4587 320 4648 tuere.
339 4581 404 4648 Sed
421 4578 510 4645 illud
524 4578 707 4645 indubium
725 4585 790 4659 cst,
809 4579 902 4667 quod
920 4580 1022 4644 etiam
1043 4580 1286 4668 supponebant
1306 4605 1375 4649 non
1393 4589 1410 4648 t
1428 4582 1522 4648 Esdr.

215 4690 339 4769 solnm,
355 4687 414 4754 sed
429 4686 455 4753 ii
470 4709 554 4776 quos
569 4683 830 4752 recensebamus
841 4690 972 4773 qoatrcs,
991 4685 1246 4754 restitutoribus
1263 4689 1408 4756 adfuisse
1420 4712 1526 4778 prae-
