3366 5346
177 295 235 354 100
416 316 422 327 ·
626 305 856 354 0011001111οκ
877 304 1033 350 sannaus.

176 445 280 512 moris
295 444 441 511 aliarum
457 442 686 533 quarumdam
702 440 869 528 gentium,
891 447 930 507 ut
944 460 1088 528 sponsae
1100 445 1262 529 parentes
1275 463 1355 508 cum
1368 443 1494 512 amicis

175 557 365 641 neonuptos
388 550 636 618 comitarentur
655 559 763 636 usque
783 545 825 613 ad
849 544 1053 626 thalamum,
1081 544 1198 635 ibique
1218 553 1296 614 aute
1320 549 1414 616 fores
1432 573 1493 618 ex·

177 663 382 749 spectarent,
395 655 509 747 quoad
525 655 593 723 illis
605 654 731 722 sindon
745 651 913 740 sauguine
929 652 1100 719 maculata
1112 652 1320 738 traderetur,
1337 655 1493 726 studiose

176 789 240 856 pro
257 770 460 852 argumento
473 761 680 849 virginitatis
694 758 899 828 asservando
915 756 1107 847 (Michaelis
1126 782 1160 849 p.
1185 765 1248 826 152
1267 760 1348 851 sq.).
1366 766 1490 832 Vocem

177 862 269 940 abbr
290 894 322 938 v.
347 877 386 937 15
411 863 571 937 vidintur
590 868 763 935 versiones
782 866 899 956 plures
919 865 1096 955 repetiisse
1113 865 1158 932 ab
1182 887 1290 934 aram.
1309 858 1381 942 atr.
1405 893 1490 959 ergo

178 977 323 1060 occasio,
340 989 537 1068 praelectas
562 996 570 1043 :
592 977 684 1042 LXX
707 971 808 1062 Valp.
834 971 955 1041 Cbald.
973 974 1052 1062 Syr.
1077 975 1132 1039 rs.
1150 975 1222 1040 loa.
1244 978 1267 1041 E
1287 982 1406 1043 contra
1420 980 1487 1068 Aa.

179 1092 377 1154 ἐναλλάκτικα
403 1095 532 1172 ῥήματα,
555 1081 944 1149 illasioaesoerboram.
970 1077 1034 1146 Sed
1054 1079 1147 1147 vocis
1167 1067 1258 1149 abbr
1283 1082 1491 1169 significatio

177 1192 409 1281 incomperta
433 1195 482 1256 est
508 1188 686 1277 :socinum
705 1185 893 1275 etquidem
912 1185 1045 1252 lacinus
1068 1185 1199 1252 malum
1223 1209 1281 1255 seu
1302 1190 1413 1257 scelus·
1430 1195 1488 1258 Ez.

180 1296 416 1387 1t‚sa;80ph.
434 1303 508 1378 3,*1;
525 1300 577 1363 Ps.
595 1295 732 1383 13(11),
752 1299 787 1374 1;
808 1299 871 1361 110
887 1292 993 1381 (151),
1012 1296 1043 1358 l.
1059 1292 1168 1379 lgitur
1180 1295 1324 1361 maritus
1342 1296 1492 1387 imponit

178 1409 373 1495 neonuptae
392 1425 452 1470 seu
465 1402 615 1492 imputat
627 1400 661 1468 ei
674 1398 802 1467 scelera
814 1401 1003 1485 verboram,
1019 1398 1044 1465 i.
1060 1421 1092 1466 e.
1108 1399 1237 1467 scelera
1252 1401 1381 1482 inania,
1398 1425 1490 1493 quae

178 1510 259 1578 solis
277 1511 351 1578 eius
369 1508 482 1575 verbis
499 1516 532 1575 et
548 1505 838 1574 affirmationibus
853 1505 1005 1573 noudum
1024 1505 1177 1595 probatis
1202 1514 1368 1577 coustant.
1390 1530 1424 1577 v.
1447 1517 1492 1577 16

181 1646 197 1679 u
223 1618 269 1682 Et
281 1615 371 1682 dicet
381 1627 482 1705 pater
494 1637 507 1679 .·
520 1612 649 1680 Filiam
664 1635 775 1679 meam
787 1610 868 1679 dedi
883 1610 961 1679 braic
976 1633 1128 1696 acorem,
1147 1634 1253 1702 quam
1268 1614 1349 1704 qaia
1364 1615 1440 1682 odit
1457 1645 1490 1696 »‚

179 1747 211 1791 r.
236 1732 276 1791 17
298 1751 313 1786 «
336 1721 483 1813 imponit
500 1721 533 1787 ei
556 1742 680 1788 nomen
692 1718 879 1806 pessimam
897 1746 926 1802 a,
946 1740 1010 1809 pro
1030 1741 1098 1808 quo
1114 1721 1214 1787 Hebr.
1232 1721 1357 1789 scelera
1369 1725 1489 1790 verbo-

180 1853 268 1914 rum,
293 1859 309 1892 «
333 1842 371 1896 at
394 1827 486 1895 dicat
511 1849 522 1894 .·
546 1830 626 1894 Noa
646 1825 762 1893 inveni
782 1826 896 1914 filiam
918 1838 1014 1893 taam
1035 1824 1214 1916 cirpinem.
1233 1831 1278 1895 Et
1300 1850 1384 1911 ecce,
1403 1828 1491 1896 baec

179 1951 258 2005 suat
270 1937 370 2028 sipaa
387 1933 600 2024 cirqiaitatis
612 1932 710 2023 filiae
722 1954 829 2000 meac.
845 1931 1055 2022 Expandeat
1066 1932 1304 2001 vestimentum
1321 1964 1337 1997 1
1344 1988 1354 2019 ‚
1372 1937 1494 2004 sindo·

179 2066 275 2127 nem,
294 2072 310 2107 α
334 2065 451 2110 coram
471 2039 659 2107 senioribus
682 2039 829 2107 civitatis
844 2067 874 2106 ».
892 2062 925 2107 v.
948 2045 989 2107 18
1006 2067 1022 2100 o
1039 2038 1375 2130 Apprelicadeatque
1395 2064 1494 2111 seties

180 2151 272 2217 urbis
297 2149 395 2218 illias
411 2147 542 2233 oimim,
564 2158 596 2213 et
616 2145 836 2212 verberabant
856 2144 957 2214 illam
983 2174 1013 2212 1,
1035 2161 1086 2212 aar
1102 2169 1165 2236 per
1188 2169 1224 2214 se
1246 2150 1355 2216 solam
1375 2171 1493 2240 repre·

180 2257 380 2324 licusionem
395 2253 509 2320 verbis
525 2253 793 2341 1001010(11,18)
810 2251 986 2341 exprimit,
1004 2274 1082 2320 cum
1100 2258 1216 2321 autem
1234 2278 1298 2322 vox
1314 2256 1356 2324 de
1373 2256 1493 2326 verbe-

180 2363 311 2431 ratione
324 2360 428 2427 etiam
442 2357 593 2445 intelligi
609 2364 724 2448 queat,
747 2358 813 2425 hoe
832 2380 932 2425 sensu
947 2356 1059 2445 legem
1077 2358 1167 2428 hauc
1181 2361 1398 2451 interpretati
1411 2371 1491 2431 suut

179 2468 382 2558 posteriores
402 2465 521 2534 ludaei
546 2484 553 2530 :
579 2466 645 2531 103.
673 2470 715 2532 39
739 2464 861 2555 plagas
885 2464 1024 2553 infligit.
1052 2488 1083 2534 v.
1112 2474 1152 2536 19
1176 2496 1192 2528 «
1216 2467 1491 2537 Coademaaates

180 2575 319 2666 insuper
331 2586 467 2641 acutam
480 2571 575 2639 siclis
590 2571 737 2662 arpenti,
753 2593 839 2661 qaas
856 2571 951 2639 dabit
967 2572 1064 2661 patri
1069 2573 1224 2662 patellae,
1239 2575 1407 2665 quostiam
1423 2575 1492 2664 dif-

174 2683 324 2772 samaoit
353 2702 477 2747 nomen
493 2679 681 2769 pessimum
705 2701 807 2768 saper
837 2679 1007 2768 cirpiaem
1032 2680 1159 2765 lsrael,·
1186 2681 1389 2772 habebitque
1413 2706 1491 2750 eam

180 2811 331 2873 ararent,
354 2800 387 2855 et
405 2810 475 2854 aaa
491 2785 617 2876 poterit
640 2784 813 2852 dimittere
832 2808 908 2853 eam
927 2786 1082 2853 erunibus
1101 2786 1330 2856 diebusvitae
1350 2813 1434 2858 suae
1456 2819 1489 2857 ».

179 2896 296 2963 Puella
314 2893 474 2962 adulterii
493 2893 645 2959 convicta
667 2891 904 2981 lapidabatur;
930 2914 992 2959 cur
1014 2915 1084 2960 non
1105 2894 1280 2984 lapidatur
1299 2897 1489 2965 secundum

183 3009 282 3083 19,19
307 3000 465 3081 maritus,
488 2998 549 3088 qui
574 3020 649 3064 eam
679 2997 839 3064 adulterii
863 2999 949 3065 10130
974 3003 1183 3068 accusasset?
1211 2996 1362 3079 Quia'sic
1386 3002 1490 3069 vidua

180 3109 270 3175 lacta
283 3111 370 3173 esset
384 3105 512 3196 puella,
529 3126 658 3194 suoque
672 3103 747 3170 iure
761 3109 850 3170 esset
862 3105 1037 3174 frustrata.

225 3219 316 3281 010
334 3240 350 3274 «
370 3210 498 3293 Quodsi
512 3232 628 3276 oerum
648 3223 697 3276 cst
712 3209 807 3300 qaod
819 3209 948 3295 obiicit,
969 3226 1002 3278 et
1014 3236 1085 3279 aaa
1104 3227 1154 3280 est
1171 3214 1207 3281 in
1216 3216 1335 3305 proella
1351 3216 1491 3284 iuventa

181 3321 363 3411 virginitas
385 3347 415 3404 a,
443 3323 536 3385 011
565 3345 581 3378 o
600 3316 739 3384 elicient
760 3340 835 3384 eam
862 3330 960 3385 cetra
980 3320 1072 3407 sores
1089 3318 1211 3389 damus
1231 3324 1434 3413 patrissui,
1458 3339 1492 3391 et
1571 3362 1575 3367 -

181 3425 354 3518 lapidibus
367 3429 507 3493 obruent
521 3423 589 3490 oiri
603 3423 752 3490 civitatis
765 3423 872 3510 illias,
885 3438 919 3492 et
930 3427 1102 3512 ritorietar,
1116 3429 1281 3518 quoniam
1295 3431 1379 3518 fecit
1390 3432 1492 3519 nasas

181 3535 217 3601 ia
231 3533 351 3615 lsrael,
375 3545 412 3599 ut
432 3531 668 3622 fornicaretur
683 3532 720 3598 io
740 3530 838 3598 domo
852 3533 1038 3622 patrissui
1060 3556 1073 3600 :
1098 3547 1130 3602 et
1149 3535 1285 3623 auferes
1304 3537 1435 3604 malam
1449 3538 1492 3604 de

124 3688 131 3703 .
180 3641 291 3707 medio
308 3640 361 3706 tal
381 3667 411 3706 a.
430 3639 593 3725 suggerit
614 3637 793 3706 Michaelis
807 3662 842 3728 p.
870 3646 932 3707 155
957 3662 1023 3729 sq.,
1046 3647 1190 3711 matrem
1211 3665 1356 3733 sponsae
1371 3644 1406 3710 iu
1425 3647 1490 3713 hoc

180 3748 284 3814 etiam
298 3744 539 3836 inquisiturum
560 3745 674 3826 fuisse,
696 3767 812 3811 annon
830 3745 942 3835 prima
957 3753 1057 3814 nocte
1073 3748 1253 3835 virginitas
1272 3773 1416 3841 sponsae
1436 3752 1487 3819 in·

180 3860 271 3922 tacta
285 3853 462 3920 mansisset
478 3850 522 3916 ob
538 3850 707 3918 delectum
720 3851 863 3940 copulae
880 3853 986 3919 virive
1003 3853 1252 3945 impotentiam.
1271 3857 1394 3937 Quodsi
1410 3880 1492 3926 vero

181 3961 223 4028 de
238 3959 435 4047 virginitate
454 3957 546 4024 laesa
566 3958 753 4037 constabat,
778 3980 903 4048 sponsa
919 3959 1082 4028 adulterii
1096 3984 1154 4029 rea
1175 3962 1380 4046 habebatur,
1397 3965 1489 4055 quod

183 4069 318 4134 omissio
336 4063 534 4133 monitionis
552 4064 667 4153 sponsi
683 4086 789 4151 grave
808 4065 845 4131 in
859 4065 969 4155 ipsam
986 4073 1071 4135 esset
1089 4069 1351 4158 praeiudicium.
1369 4074 1490 4139 Punie-

182 4174 283 4239 batur
297 4176 335 4239 ut
348 4171 517 4252 adultera,
539 4169 632 4260 quod
650 4170 821 4237 Hebraeae
839 4177 956 4239 tenera
976 4179 1085 4242 aetate
1103 4176 1287 4258 nuberent,
1304 4179 1490 4270 desponsa-

181 4279 229 4344 tio
251 4277 395 4343 haberet
413 4277 520 4366 ipsius
539 4282 734 4344 contractus
752 4277 945 4365 coniugalis
960 4281 1042 4362 vim,
1069 4281 1249 4350 defloratio
1272 4285 1316 4351 ob
1334 4291 1488 4353 teneram

181 4390 328 4453 aetatem
352 4383 406 4449 vix
429 4385 576 4473 supponi
597 4389 710 4474 posset
729 4389 808 4453 ante
825 4384 1120 4475 desponsationem
1147 4390 1343 4459 obtinuisse.
1367 4391 1488 4460 Punie-

182 4494 284 4561 batur
301 4513 365 4581 pro
380 4489 550 4557 adulterio
569 4491 749 4559 commisso
762 4493 797 4557 in
818 4491 917 4559 dorico
926 4495 1051 4583 patris,
1068 4496 1161 4585 quod
1173 4520 1213 4564 ca
1226 4504 1334 4566 aetate
1352 4500 1489 4590 puellae

181 4622 316 4690 semper
346 4603 457 4666 essent
484 4596 548 4664 sub
568 4597 674 4664 tutela
695 4603 890 4688 pareutum.
918 4601 983 4667 Sed
1010 4601 1140 4692 aliquid
1167 4605 1270 4671 etiam
1296 4613 1413 4673 nostra
1435 4608 1490 4675 lex

183 4708 333 4776 iudicum
350 4705 554 4797 prudentiae
573 4703 804 4795 relinquebat.
830 4710 902 4772 Non
918 4707 1079 4775 dicuntur
1101 4709 1139 4776 hi
1160 4733 1295 4802 semper
1315 4714 1359 4780 ob
1376 4714 1488 4784 solum
