3366 5346
187 287 245 344 533
560 303 637 349 scra
661 303 792 347 uinaria
814 303 876 347 urai
897 303 992 347 VITAE
1012 304 1129 348 uersis.

184 436 286 503 verbu
303 437 443 504 faceret.
463 443 588 505 Tamen
604 437 839 505 additamenta
859 438 920 504 illa
938 437 1055 504 addita
1075 459 1145 504 esse
1169 436 1343 519 videntur,
1361 437 1507 528 quando

181 543 332 632 prienen
352 566 492 611 carmen
511 544 645 634 seriptis
670 543 908 611 mandabatur.
931 544 1073 610 Notulae
1096 566 1127 610 v.
1150 550 1231 611 813
1254 549 1333 611 sunt
1359 544 1506 612 omnino

185 650 407 733 necessariae,
423 657 461 718 ut
478 650 715 741 perspiciatur,
739 671 923 740 quemnam
943 672 1002 717 eae
1023 649 1206 740 respiciant
1223 651 1503 731 benedictiones;

185 757 267 822 item
283 758 399 823 notula
417 780 447 822 v.
473 763 524 836 13,
542 779 621 823 cum
650 756 784 824 nonnisi
798 780 905 847 prope
923 757 1026 823 finem
1041 764 1092 824 sat
1111 757 1208 845 longi
1228 757 1357 847 eloquii
1373 780 1505 825 nomen

128 944 134 953 Ι
185 863 306 952 loseph
329 864 510 931 scribatur.
527 863 588 941 Qui
612 864 743 955 primus
757 886 896 930 carmen
911 863 1106 952 descripsit,
1125 863 1246 931 debuit
1264 865 1399 932 notulas
1417 864 1501 932 illas

101 1052 107 1064 .
184 969 390 1049 describere,
406 976 443 1038 ut
459 993 479 1036 a
498 970 683 1037 lectoribus
698 969 960 1057 intelligeretur.
979 970 1027 1036 Cl.
1048 969 1163 1036 lb'llm.

229 1076 343 1163 Moysi
366 1077 501 1142 erectori
517 1083 606 1144 certe
630 1075 788 1142 tribuunt
812 1075 1062 1143 benedictiones
1084 1099 1116 1143 v.
1147 1083 1162 1142 1
1185 1083 1217 1143 et
1238 1077 1378 1144 notulae
1402 1078 1500 1160 illae,

185 1203 273 1270 quae
295 1181 450 1269 singulae
478 1188 608 1270 Moysen
637 1188 835 1271 supponunt
859 1183 1063 1249 subiectum.
1096 1213 1110 1243 «
1139 1183 1218 1250 Sine
1239 1183 1344 1250 dubio
1369 1184 1409 1266 is,
1440 1186 1504 1276 qui

184 1287 317 1377 scripsit
330 1312 362 1354 v.
382 1297 412 1369 1,
425 1293 557 1376 Moysen
575 1282 724 1356 babebat
734 1289 894 1355 carminis
911 1295 1096 1372 auctorem,
1112 1312 1221 1379 eaque
1238 1296 1311 1357 erat
1326 1290 1398 1356 eius
1422 1291 1504 1357 aevi

184 1397 375 1462 communis
392 1394 509 1485 opinio
526 1426 541 1455 »
561 1394 722 1485 (villae).
740 1399 1058 1483 Moysenauctorcm
1079 1395 1195 1484 prodit
1214 1396 1298 1463 item
1315 1419 1346 1464 v.
1361 1403 1417 1480 33,
1437 1395 1503 1463 ubi

184 1508 276 1568 vates
290 1507 383 1568 trans
399 1501 576 1568 Iordanem
598 1501 783 1568 subsistens
804 1503 986 1591 Nepbtbali
1003 1507 1210 1592 apprecatur
1229 1503 1326 1570 sedes
1342 1502 1503 1570 occiden-

184 1621 249 1673 tem
268 1631 397 1690 versus,
418 1609 568 1674 incertus
583 1609 655 1697 ipse
671 1631 731 1675 eae
749 1609 847 1675 sedes
861 1608 973 1674 sintne
990 1608 1229 1675 attribuendae
1249 1609 1284 1674 in
1308 1614 1405 1699 parte
1427 1632 1503 1677 mc·

184 1712 351 1781 riclioneli
379 1736 424 1779 an
451 1713 712 1804 septentrionali
749 1714 996 1798 eisiordanieae
1028 1714 1074 1798 (v.
1104 1715 1155 1802 i).
1188 1754 1232 1764 —
1260 1716 1355 1792 Quod
1379 1714 1502 1783 obiicit

186 1818 316 1903 Dillnr„
341 1826 451 1886 vatem
470 1842 664 1909 supponere
688 1825 814 1889 terram
837 1825 988 1887 sanctam
1005 1821 1073 1886 iam
1096 1842 1165 1887 esse
1187 1820 1223 1887 in
1248 1826 1414 1910 potestate
1433 1826 1501 1888 lle-

182 1925 377 2007 braeorum,
396 1924 518 1993 salsum
540 1933 601 1993 est.
624 1925 816 1993 Certissima
829 1926 906 1993 sidit
923 1925 1074 2016 antiquis
1093 1926 1391 2016 promissionibus:
1409 1933 1501 1995 cete·

184 2053 258 2097 rum
283 2055 353 2099 non
372 2039 535 2101 eventura
556 2034 795 2124 praenuntiat,
819 2033 879 2099 sed
906 2034 1017 2099 fausta
1050 2040 1269 2122 apprecatur.
1293 2038 1391 2101 Vates
1413 2056 1500 2101 aevo

182 2138 391 2205 salomonico
417 2141 568 2207 scribens
589 2139 735 2228 (oillei.)
757 2139 926 2206 illustrius
947 2140 1066 2229 utique
1084 2139 1218 2206 locutus
1230 2145 1317 2206 esset
1335 2141 1378 2207 de
1392 2141 1497 2208 luda.

182 2248 279 2311 Vates
299 2252 374 2333 post
392 2268 514 2312 aevum
535 2245 784 2313 salomonicum
801 2245 952 2311 scribens
972 2246 1076 2332 (Ero,
1099 2246 1199 2334 Grus,
1223 2250 1327 2313 Merces
1351 2245 1496 2336 aliique)

182 2372 252 2415 non
265 2352 314 2416 ita
329 2352 500 2418 extulisset
520 2352 649 2440 loseph.
669 2356 759 2428 Quae
775 2353 862 2417 ratio
874 2350 943 2417 illis
958 2351 1173 2440 temporibus
1194 2359 1267 2418 erat
1286 2358 1358 2420 tam
1378 2375 1499 2421 severe

182 2455 366 2523 invehendi
381 2457 419 2524 in
433 2457 525 2524 tlad‘l
539 2462 597 2524 aut
614 2457 790 2524 recolendi
805 2457 908 2524 ludae
922 2463 955 2524 et
969 2458 1048 2525 Levi
1063 2459 1107 2524 ad
1122 2464 1235 2547 Aquas
1248 2459 1499 2527 contradictio-

182 2562 233 2627 nis
257 2562 392 2630 fortiter
415 2567 510 2630 acta?
527 2568 622 2631 Vates
636 2587 668 2630 v.
691 2570 711 2630 8
730 2586 806 2653 sqq.
832 2562 874 2630 de
898 2563 951 2631 bis
978 2564 1081 2631 rebus
1102 2564 1254 2654 loquitur
1277 2571 1456 2654 tamquam
1479 2590 1500 2633 e

182 2671 309 2736 recenti
330 2671 507 2737 memoria.

224 2778 307 2843 Cum
335 2782 514 2859 exstarent,
540 2776 714 2866 inquiunt,
735 2775 993 2843 benedictiones
1022 2776 1132 2856 lacob,
1151 2776 1357 2844 conveniens
1385 2779 1497 2846 visum

179 2886 240 2962 est,
254 2886 292 2947 ut
306 2882 523 2950 traderentur
539 2883 641 2949 etiam
658 2883 914 2949 benedictiones
931 2882 1068 2971 aliquae
1083 2906 1103 2949 a
1117 2888 1225 2970 Moyse
1238 2906 1314 2950 mox
1325 2883 1498 2951 morituro

180 2988 352 3076 profectae
375 3009 382 3055 :
405 3012 487 3075 ergo
511 2990 682 3056 recentior
701 2989 826 3078 aliquis
847 3012 904 3055 eas
927 2989 1157 3055 concinnavit.
1184 2990 1327 3056 Omnino
1345 2992 1498 3057 concedo

178 3092 265 3158 illud
291 3094 391 3160 luisse
413 3095 785 3173 convenientissimum,
807 3104 844 3161 ut
869 3102 943 3184 post
966 3095 1065 3161 lacob
1090 3095 1192 3161 etiam
1218 3102 1343 3183 Moyses
1365 3097 1498 3185 populo

180 3199 422 3266 benediceret:
441 3223 508 3267 non
532 3208 580 3267 est
600 3223 735 3267 necesse
756 3201 979 3267 recentiorem
999 3200 1149 3289 aliquem
1173 3202 1351 3288 effingere,
1373 3200 1433 3292 qui
1457 3203 1496 3268 id

179 3308 398 3396 perspexerit,
419 3328 497 3375 cum
521 3312 647 3394 Moyses
668 3306 741 3396 ipse
767 3330 835 3374 non
856 3310 1007 3398 potuerit
1027 3308 1064 3373 id
1080 3330 1149 3374 uon
1170 3308 1376 3397 perspicere.
1394 3313 1497 3375 Prae-

177 3416 283 3492 terea,
302 3413 360 3480 ubi
382 3414 533 3504 primum
554 3414 715 3496 innotuit,
732 3418 864 3501 Moysen
880 3415 914 3479 in
938 3420 1089 3501 montem
1106 3414 1201 3481 abire
1224 3415 1363 3481 iamiam
1388 3415 1496 3482 mori-

179 3526 311 3600 turum,
333 3521 473 3588 evidens
497 3528 545 3588 est
570 3521 767 3588 universum
799 3520 964 3609 populum
997 3520 1290 3610 expostulaturum
1318 3521 1436 3601 fnisse,
1457 3529 1496 3589 ut

178 3625 241 3689 sibi
257 3627 491 3709 benediceret3
510 3628 603 3716 quod
622 3628 649 3693 si
668 3632 793 3713 Moyses
807 3626 1006 3716 petentibus
1022 3626 1209 3707 abnuisset,
1229 3626 1398 3693 inissetid
1420 3650 1495 3694 ma·

177 3730 367 3798 ledietionis
388 3735 506 3799 instar.
528 3739 616 3820 Ergo
640 3740 777 3823 praeter
799 3754 901 3799 omne
923 3732 1067 3798 dubium
1084 3732 1258 3799 benedixit
1281 3739 1407 3821 Moyses
1428 3756 1495 3823 po-

177 3836 259 3925 pulo
283 3856 290 3904 τ
317 3838 419 3906 babet
445 3861 550 3929 porro
574 3863 649 3928 cap.
677 3846 718 3906 33
744 3838 995 3927 antiquissimas
1022 3839 1189 3929 quasdam
1215 3838 1492 3923 benedictiones,

176 3966 263 4032 <quas
279 3946 378 4033 Moysi
397 3946 554 4013 attribuit
572 3967 578 4011 :
597 3969 679 4031 ergo
700 3946 764 4011 bae
780 3945 967 4011 censendae
989 3952 1069 4011 sunt
1087 3966 1157 4011 esse
1173 3946 1278 4034 ipsae,
1295 3967 1379 4034 quas
1401 3950 1494 4033 Moy-

176 4073 227 4117 ses
252 4052 487 4139 pronuntiavit
505 4052 776 4132 benedictiones,
799 4051 863 4118 nisi
886 4074 945 4118 eae
967 4053 1053 4117 iusto
1071 4051 1187 4140 aliquo
1208 4058 1411 4138 argumento
1432 4051 1493 4118 de·

177 4164 409 4225 monstrentur
439 4182 508 4225 non
537 4182 606 4225 esse
639 4159 758 4245 Moysis
791 4160 949 4225 auctoris.
979 4157 1069 4224 Licet
1099 4181 1201 4247 porro
1238 4157 1493 4224 benedictiones

176 4263 275 4349 Moysi
296 4264 488 4330 tribuamus
511 4266 653 4345 arietari,
676 4271 711 4331 at
733 4286 802 4330 non
825 4264 970 4330 dicimus
996 4270 1130 4351 Moysen
1155 4285 1210 4330 eas
1234 4265 1369 4354 seriptis
1392 4285 1493 4329 man-

176 4368 284 4435 dasse.
312 4370 509 4437 Alfirmatur
545 4374 572 4437 is
602 4371 774 4461 scripsisse
801 4371 954 4450 thorum,
984 4372 1171 4453 coriticam,
1197 4393 1264 4436 non
1299 4371 1493 4436 affirmatur

177 4476 346 4565 scripsisse
370 4476 635 4546 benedictiones.
662 4477 782 4555 Quales
814 4500 833 4542 a
861 4481 971 4563 Moyse
1002 4477 1242 4566 pronuntiatae
1272 4482 1382 4558 erant,
1407 4475 1493 4542 tales

178 4582 273 4649 brevi
288 4590 362 4672 post
376 4606 432 4651 eas
449 4588 542 4651 losue
560 4583 804 4651 describendas
819 4583 999 4649 curaverit.

221 4691 284 4756 Sed
300 4691 366 4758 alia
386 4698 437 4759 est
457 4694 626 4782 quaestio,
643 4689 859 4780 scripseritnc
874 4694 998 4776 Moyses
1014 4689 1193 4756 crordz'um
1210 4711 1241 4753 v.
1261 4694 1318 4753 3-7
1333 4694 1365 4754 01
1385 4688 1491 4777 epilo-
