3366 5346
497 304 525 360 t.
549 318 603 360 ner
624 319 663 361 ne
684 317 755 361 noco
776 317 885 362 currus
908 318 997 363 narr.
1022 303 1069 361 12.
1383 306 1441 364 305

134 454 355 520 constitutum
377 452 563 540 Moysisque
587 473 645 517 ore
665 451 872 541 loquentem.
898 453 1117 541 loquebatur
1132 475 1211 519 vero
1227 455 1292 520 hac
1311 455 1441 521 ratione

133 583 202 626 non
223 565 261 626 ut
280 557 578 647 historiographus
598 558 652 624 vel
677 557 826 639 criticus,
844 557 904 647 qui
926 565 1065 647 cuperet
1078 583 1141 626 nos
1155 560 1338 628 edoceres
1360 584 1443 650 quo-

133 688 225 746 nam,
249 666 308 732 sed
333 665 557 763 utpropheta
578 672 612 731 ct
635 664 825 751 legislator,
852 664 913 753 qui
939 665 1110 733 inculcare
1132 666 1352 748 desideraret,
1375 691 1442 757 qua

133 772 335 838 auctoritate
350 794 391 838 ea
406 772 458 837 les
472 771 631 837 ferretur.
649 775 700 836 Sc.
719 770 751 836 ei
765 770 841 847 soli,
858 772 909 837 uti
924 777 1027 862 patet,
1046 772 1110 839 bac
1129 773 1261 839 ratione
1277 774 1372 863 loqui
1392 776 1443 841 las

28 932 32 939 .
132 885 221 961 erat,
253 878 313 968 qui
344 900 432 945 unus
455 877 569 945 veluti,
590 899 667 944 cum
695 882 804 964 Moyse
829 877 1006 963 legislator
1027 879 1214 968 Moysisquo
1234 881 1444 947 auctoritatis

133 985 302 1074 particeps
317 990 411 1051 esset.
437 985 546 1071 lgitur
557 983 688 1050 idioma
703 984 802 1063 illud,
818 983 910 1073 quod
925 985 1153 1070 suggerimus,
1172 1008 1235 1074 pro
1255 993 1393 1075 recepto
1411 994 1444 1053 et

132 1091 287 1178 legitimo
313 1089 472 1157 habuisse
497 1090 632 1157 videtur
657 1090 789 1171 EsdraS,
822 1088 884 1177 qui
908 1089 1010 1157 tacito
1035 1092 1137 1158 etiam
1164 1093 1282 1180 Moysis
1305 1093 1444 1160 nomine

135 1205 147 1263 t
168 1198 262 1264 Esdr.
276 1204 351 1275 9‚11
359 1196 669 1287 propbetesomnes
685 1196 873 1263 introducit
895 1195 1001 1262 veluti
1020 1203 1114 1263 trans
1128 1198 1310 1265 Iordanem
1321 1201 1444 1267 consti·

135 1310 221 1371 tutos
237 1305 361 1371 lahvae
372 1302 534 1371 mandata
545 1303 824 1393 promulgantes:
845 1288 861 1363 l<
877 1302 1040 1369 mandata
1055 1310 1125 1387 tua,
1141 1327 1228 1393 quae
1239 1307 1443 1395 praecepisti

133 1433 195 1499 per
213 1433 327 1477 servos
348 1417 424 1476 tuos
445 1409 629 1498 prophetas
651 1409 767 1475 dicens
789 1430 796 1475 :
818 1414 919 1488 terra,
944 1409 988 1475 ad
1013 1432 1116 1498 quam
1139 1433 1199 1477 vos
1217 1411 1443 1498 ingredimini

134 1517 386 1606 possidendam,
398 1516 677 1583 terraimmunda
690 1522 810 1583 estete.
828 1543 859 1582 ».
872 1521 920 1582 En
931 1517 1120 1605 prophetae
1136 1539 1254 1584 omnes
1266 1519 1319 1584 his
1332 1519 1445 1586 verbis

133 1624 373 1712 producuntur
387 1631 466 1689 ante
481 1622 603 1712 populi
623 1623 660 1688 in
679 1626 805 1688 terram
824 1622 1026 1712 promissam
1041 1622 1234 1710 ingressum
1248 1630 1444 1714 susceptum

132 1738 191 1796 aut
210 1736 299 1796 certe
319 1731 528 1819 completum
541 1728 708 1818 populum
721 1728 953 1817 alloquentes3
971 1729 1031 1819 qui
1046 1752 1091 1796 sc.
1114 1730 1182 1797 suis
1194 1731 1343 1797 oraculis
1357 1754 1444 1798 non·

135 1836 198 1903 nisi
214 1836 426 1924 complerent
436 1841 495 1902 aut
506 1835 829 1902 circumscriberent
843 1834 938 1921 leges
953 1840 1091 1922 aMoyse
1106 1844 1185 1902 ante
1198 1837 1294 1903 illum
1312 1838 1444 1923 ingres-

134 1966 209 2010 sum
223 1943 319 2009 latas.
342 1943 429 2009 lllud
450 1964 552 2031 porro
567 1942 732 2007 sermonis
750 1941 879 2007 idioma
898 1942 1009 2027 legale
1024 1947 1120 2011 Dent.
1139 1950 1179 2008 12
1197 1944 1443 2010 adstruendum

135 2049 275 2116 omnino
296 2070 364 2115 esse
383 2049 464 2115 inde
483 2046 644 2129 efficitur,
669 2046 762 2136 quod
782 2047 989 2113 novellarius
1009 2070 1040 2113 v.
1066 2055 1086 2115 8
1112 2069 1186 2138 sqq.
1205 2050 1382 2116 evidenter
1393 2051 1443 2117 lo·

132 2163 258 2245 quatur
278 2156 313 2221 in
335 2177 482 2244 persona
502 2154 637 2241 Moysis,
659 2153 820 2242 idemque
845 2152 988 2219 indubie
1013 2154 1055 2220 sit
1082 2155 1184 2221 homo
1212 2178 1233 2221 a
1259 2161 1366 2243 Moyse
1390 2157 1443 2224 di·

133 2285 261 2330 versus.
288 2263 421 2328 Etenim
446 2267 597 2327 extrema
619 2259 738 2348 Moysis
760 2261 830 2325 vita
859 2265 930 2326 tam
954 2259 1113 2326 miseram
1138 2261 1239 2328 fuisse
1264 2285 1441 2330 sacrorum

132 2369 225 2458 apud
246 2369 415 2435 Hebraeos
439 2368 681 2447 conditionem,
704 2371 743 2434 ut
766 2365 912 2455 quilibet
934 2365 1081 2433 ubilibet
1108 2367 1263 2435 victimas
1284 2369 1444 2437 immola-

134 2477 231 2549 verit,
248 2476 345 2541 nulla
361 2481 410 2540 est
429 2473 599 2540 sufficiens
618 2473 705 2538 ratio
725 2472 953 2551 concedendi3
973 2473 1126 2539 dissonat
1141 2474 1269 2563 quippe
1288 2475 1378 2541 illud
1399 2477 1443 2543 ab

133 2581 303 2662 omnibus,
322 2602 410 2668 quae
426 2579 468 2644 de
485 2579 604 2665 Moysis
618 2579 691 2643 zelo
711 2577 897 2644 servandae
918 2578 1028 2645 cultus
1046 2579 1253 2664 integritatis
1268 2590 1442 2670 comperta

135 2687 311 2754 habemus
336 2690 377 2752 Ut
396 2689 528 2771 Moysen
552 2684 724 2770 fingamus
748 2684 790 2749 de
812 2690 882 2749 tam
907 2683 1059 2768 lugenda
1081 2685 1228 2761 licentia,
1253 2687 1282 2752 si
1304 2710 1343 2754 oa
1363 2710 1444 2777 sup-

135 2798 336 2883 ponaturco
355 2790 536 2880 superstite
557 2789 757 2869 invaluisse,
775 2788 968 2855 locuturum
991 2789 1093 2856 fuisse
1115 2798 1186 2856 tam
1209 2791 1440 2878 indulgenter,

137 2907 239 2988 atque
262 2898 414 2988 loquitur
431 2896 638 2964 novellarius
653 2919 685 2963 v.
707 2902 728 2962 8
748 2918 814 2985 sq.,
835 2895 937 2985 plane
957 2896 1177 2964 intolerabile
1193 2904 1260 2979 est;
1279 2898 1442 2966 intolera-

133 3006 234 3073 bilius
253 3006 379 3087 adhuc,
400 3008 437 3071 ut
461 3006 593 3092 Moysen
617 3001 832 3069 adstruamus
854 3002 928 3069 eius
949 3003 1107 3069 licentiae
1131 3026 1165 3071 se
1187 3005 1294 3072 veluti
1312 3006 1441 3073 socium

133 3115 365 3202 professurum
379 3111 494 3191 fuisse,
510 3109 635 3200 scripto
650 3110 708 3176 illo
726 3108 928 3199 pronomine
945 3133 1016 3176 uos.
1035 3114 1122 3196 Ergo
1136 3111 1201 3178 fuit
1218 3134 1337 3201 reapse
1348 3114 1441 3203 apud

134 3220 299 3287 Hebraeos
322 3218 408 3285 illud
432 3218 599 3285 sermonis
624 3216 751 3282 idioma
777 3214 905 3301 legale,
934 3224 972 3283 ut
998 3218 1187 3305 prophetae
1212 3220 1328 3306 Moysis
1349 3221 1442 3305 leges

132 3329 352 3416 complentes
366 3325 584 3414 explicantes
600 3322 823 3412 applicantes
838 3330 1008 3389 mutantes
1016 3324 1240 3411 loquerentur
1251 3325 1440 3412 aliquando

132 3434 169 3500 in
185 3455 326 3522 persona
342 3432 471 3518 Moysis.

177 3545 254 3604 Erat
266 3544 380 3603 autem
396 3536 552 3625 specialis
570 3536 658 3601 ratio
671 3535 743 3602 eius
758 3534 852 3600 modi
867 3533 1029 3623 loquendi
1052 3534 1241 3600 adhibendi
1256 3542 1353 3603 Deut.
1370 3544 1410 3603 12
1431 3561 1438 3602 :
1516 3572 1519 3577 ·
1614 3522 1617 3529 ¹

133 3668 178 3711 sc.
201 3651 237 3710 ut
254 3666 286 3710 ν.
309 3649 391 3709 8-10
406 3641 616 3709 novellarius
640 3640 753 3726 legem
774 3640 947 3729 explicans
966 3641 1010 3706 ab
1036 3639 1110 3729 ipso
1129 3646 1237 3728 Moyse
1252 3644 1440 3733 prolectam

132 3752 247 3837 Moysis
270 3749 373 3816 etiam
395 3769 590 3814 sermonem
608 3746 785 3813 individue
809 3747 1016 3836 produceret
1035 3753 1069 3813 et
1085 3747 1203 3834 Moysis
1228 3750 1365 3817 nomine
1387 3751 1439 3817 lo-

134 3863 309 3948 queretur,
341 3876 420 3921 usus
443 3855 556 3939 ligura
576 3852 743 3920 sermonis
763 3853 965 3934 oratoribus
989 3854 1235 3944 paraphrastis,
1258 3857 1441 3923 catechetis

132 3967 267 4031 usitata.
288 3960 412 4040 Quodsi
433 3958 640 4026 novellarius
654 3980 689 4025 se
704 3959 810 4027 alium
828 3982 849 4026 a
862 3964 970 4047 Moyse
985 3982 1055 4027 esse
1070 3967 1188 4050 aperte
1202 3963 1438 4051 profitebatur,

134 4071 322 4161 periculum
343 4074 426 4149 erat,
440 4088 483 4133 ne
503 4065 575 4133 eius
591 4064 724 4133 statutis
739 4065 976 4133 auctoritatem
991 4067 1137 4156 populus
1151 4067 1316 4135 tribueret
1331 4070 1441 4137 mino·

136 4200 206 4244 rem
228 4199 279 4257 ca,
297 4197 385 4265 quae
409 4173 544 4261 legibus
567 4173 611 4240 ab
632 4173 706 4262 ipso
727 4177 834 4261 Moyse
850 4172 928 4245 latis
951 4172 1152 4243 debebatur.
1173 4179 1215 4241 st
1237 4176 1323 4244 illud
1340 4178 1441 4267 potis-

133 4285 257 4351 simum
276 4281 477 4348 intendebat
491 4279 712 4362 novellarius,
725 4285 763 4348 ut
777 4302 837 4347 sua
852 4285 978 4347 statuta
996 4284 1111 4348 tantae
1135 4281 1344 4351 haberentur
1360 4307 1441 4352 auc-

137 4390 292 4471 toritatis,
316 4393 443 4478 quanta
467 4387 599 4455 statutis
621 4409 641 4453 a
664 4391 772 4474 Moyse
794 4386 955 4476 prosectis
979 4386 1206 4473 tribuebatur,
1230 4392 1442 4458 auctoritatis

135 4496 249 4579 legum
267 4518 345 4564 vere
366 4504 398 4563 et
415 4495 516 4585 plene
533 4495 741 4562 divinarum.

179 4625 210 4667 v.
235 4607 289 4669 8«
311 4605 389 4669 Nou
404 4601 546 4691 facietis
568 4600 638 4690 titt]
669 4630 684 4660 »
707 4601 893 4669 secundum
912 4603 1043 4685 cauria,
1069 4632 1084 4665 c
1102 4625 1189 4693 quac
1211 4627 1271 4670 aas
1287 4604 1442 4692 diescet·

135 4731 209 4776 mas
234 4707 351 4791 hodie,
374 4709 504 4801 sinqutt'
524 4708 617 4800 quod
638 4709 702 4776 sibi
723 4723 855 4778 rectum
883 4709 1020 4777 videtur
1042 4738 1071 4777 u.
1098 4714 1169 4777 Non
1191 4711 1249 4795 agi
1273 4710 1381 4794 deiis,
1399 4711 1441 4777 acl

518 4830 691 4867 priuatim.
710 4843 742 4855 -·
758 4830 873 4867 0011.Ιῆ
891 4830 961 4867 narr.
980 4844 1010 4853 -
1027 4823 1057 4865 20
