3366 5346
180 291 238 349 180
632 299 858 345 000000000οι
881 296 1033 341 0000000.

227 444 290 504 Lex
312 437 354 503 (10
381 434 553 501 iudicibus
573 440 789 517 ru,18-17,13
815 433 919 498 breve
946 435 1106 512 rats-20
1131 451 1193 520 pro
1220 429 1374 495 themate
1402 451 1519 519 prae·

180 544 284 610 mittit
310 543 464 633 priorum
484 541 526 609 de
552 539 672 607 eadem
700 540 843 606 materia
864 541 984 624 legum
1012 537 1251 617 summarium,
1265 536 1432 626 praefixa
1455 537 1518 604 ab·

179 652 286 717 solute
303 672 385 716 voce
399 662 526 725 010001,
544 670 633 737 0000
648 647 735 734 legis
750 645 929 712 materiam
946 644 1116 734 exprimit.
1131 648 1327 733 Sequuntur
1341 643 1519 711 novellae

180 758 382 846 incipientes
403 761 499 831 1621
522 775 587 844 sq,
609 761 684 835 17,1
706 754 888 841 negatione
911 739 962 825 ab,
986 757 1020 817 et
1044 757 1159 834 172.ss
1180 773 1261 817 voce
1282 765 1322 814 ³2.
1347 752 1415 818 Cui
1437 751 1518 838 legi

180 863 221 930 de
240 862 410 929 iudicibus
436 860 590 927 novellae
609 860 718 927 instar
737 859 946 926 adscribitur
970 858 1073 924 etiam
1096 863 1255 939 izit-20
1272 857 1327 924 lex
1351 857 1400 925 (10
1420 879 1516 946 rege

182 969 369 1058 aliquando
385 967 611 1035 instituendo.

222 1081 370 1144 Rursum
390 1074 444 1140 lex
468 1074 510 1140 dc
529 1073 764 1140 sacerdotibus
791 1077 905 1154 18,1-8
931 1093 992 1162 pro
1017 1069 1163 1136 themate
1187 1070 1329 1138 resumit
1351 1094 1387 1137 v.
1416 1078 1511 1162 1sq.

178 1183 327 1248 mosaica
346 1186 486 1260 statuta,
513 1180 721 1268 quibusdam
738 1179 888 1259 mutatis,
911 1176 991 1243 dein
1007 1200 1039 1243 v.
1064 1185 1083 1244 3
1111 1176 1334 1266 inscriptione
1359 1193 1512 1243 010100.

176 1303 282 1355 usum
308 1289 339 1378 (c
368 1292 456 1354 llaec
474 1309 553 1353 vero
577 1286 640 1351 erit
658 1285 773 1374 praxis
797 1285 827 1373 »)
853 1284 1004 1351 adnectit
1023 1284 1108 1351 duas
1127 1282 1276 1350 novellas
1304 1307 1337 1349 v.
1361 1291 1512 1354 seu-8

179 1397 188 1484 (
210 1418 242 1462 v.
262 1402 281 1460 6
299 1395 357 1474 1>);
375 1400 478 1483 atque
498 1414 636 1459 rursum
660 1413 741 1457 voce
758 1406 786 1455 ³2
803 1414 834 1457 v.
858 1389 1056 1473 tladucctit,
1074 1389 1181 1456 veluti
1200 1390 1303 1456 aliam
1324 1391 1509 1459 novellam

181 1501 223 1567 de
239 1503 383 1567 materia
398 1506 556 1585 cognata,
573 1498 687 1582 legem
702 1497 744 1563 (10
761 1496 948 1587 prophetis.

223 1612 305 1673 ltem
327 1607 379 1672 lex
402 1606 444 1671 de
465 1602 660 1670 civitatibus
684 1603 810 1688 refugii
837 1608 973 1684 rar-13
996 1602 1099 1668 breve
1114 1625 1146 1668 v.
1175 1603 1408 1693 tpraemittit
1429 1605 1510 1672 tlte·

178 1735 235 1780 nra
254 1734 261 1780 :
281 1741 296 1773 «
323 1719 391 1778 tres
414 1710 566 1776 civitates
587 1709 762 1798 separabis
786 1708 849 1775 tibi
874 1737 904 1789 »,
926 1709 1093 1777 intextum
1112 1716 1227 1776 tamen
1246 1732 1278 1777 v.
1304 1717 1361 1777 1-3
1388 1717 1508 1778 00010-

178 1820 230 1886 010
265 1819 401 1884 cuidam
434 1815 589 1896 exordio,
620 1815 698 1882 dein
733 1838 764 1881 v.
798 1820 816 1880 t
845 1814 1069 1905 inscriptione
1095 1831 1152 1880 mr
1176 1831 1223 1880 00
1248 1816 1507 1906 explicationes

178 1926 360 1993 adnectit:
387 1947 418 1990 v.
446 1929 477 1989 1.
506 1930 543 1989 11
576 1937 621 1997 ’κ
644 1922 814 1989 monitum
835 1943 916 1988 vero
945 1944 976 1989 v.
1013 1929 1091 1988 7-10
1120 1922 1252 1989 orditur
1279 1946 1362 1990 voce
1378 1939 1455 1990 nar.

221 2030 335 2099 Brevis
363 2030 417 2095 lex
442 2034 553 2112 19,11,
582 2051 670 2118 0000
694 2034 742 2095 001
770 2029 812 2095 (10
836 2029 1005 2109 terminis,
1029 2028 1162 2096 orditur
1189 2051 1269 2096 voce
1294 2017 1344 2092 at.
1366 2034 1433 2098 Lex
1459 2032 1505 2098 de

178 2138 319 2205 testibus
342 2142 500 2219 1s,15-21
527 2134 678 2225 primum
705 2137 864 2221 negative
886 2135 1040 2202 enuntiat
1069 2133 1181 2202 thema
1205 2158 1236 2202 v.
1267 2142 1321 2217 15,
1337 2137 1392 2204 cui
1418 2161 1515 2205 voce·

179 2262 208 2308 ³2
238 2266 270 2309 v.
291 2250 331 2309 16
351 2241 502 2309 adnectit
519 2241 700 2307 uooellam.
720 2241 871 2322 landem
892 2242 945 2307 lex
963 2241 1111 2308 debello
1132 2265 1206 2332 cap.
1224 2249 1266 2309 20
1286 2242 1396 2311 tribus
1416 2267 1503 2311 con-

176 2356 242 2418 stat
256 2349 497 2439 paragraphis
516 2370 651 2435 quaer.
672 2354 808 2415 1.10.19
824 2347 1007 2415 ordiuntur
1024 2371 1105 2416 voce
1123 2366 1163 2413 ³2.

223 2457 337 2537 Vides,
372 2457 434 2521 has
460 2455 570 2540 lech,
599 2460 785 2544 antequam
819 2455 1072 2546 rumperentur,
1100 2456 1240 2522 crevisse
1269 2479 1276 2524 :
1307 2458 1501 2546 antiquiori

178 2565 258 2649 legi,
277 2585 364 2652 quac
384 2567 442 2628 aut
456 2567 527 2627 tota
540 2568 607 2645 ¹aut
622 2563 810 2628 summario
827 2562 1124 2651 praemittebatur,
1142 2569 1202 2629 aut
1222 2563 1321 2628 unica
1335 2564 1501 2651 paucisve

178 2669 320 2736 vocibus
350 2667 578 2750 indicabatur,
605 2667 864 2735 adscribebatur
884 2668 1081 2756 posterioris
1108 2669 1185 2735 aevi
1214 2669 1354 2758 pruris,
1382 2670 1501 2760 expli·

180 2777 268 2844 cutio
285 2783 348 2842 etc.
365 2776 492 2851 Quibus
511 2774 685 2862 antiquior
704 2773 757 2839 lex
772 2773 979 2863 quandoque
995 2776 1245 2864 complebatur,
1263 2776 1399 2865 saepius
1415 2800 1500 2845 vero

179 2883 396 2951 relaxabatur
420 2888 682 2969 temporumque
708 2879 963 2946 necessitatibus
987 2881 1321 2948 accommodabatur.
1345 2889 1500 2961 Quarum

179 2992 297 3072 legum
315 2987 451 3074 aliquae
467 2985 652 3073 quamdam
670 2986 759 3050 inter
774 3008 808 3050 00
826 3008 956 3074 praese
971 2987 1087 3054 100001
1101 2989 1316 3071 affinitatem,
1333 2989 1499 3089 0000οῐ0-

179 3117 246 3183 000
272 3091 459 3181 respiciunt
481 3097 676 3178 temporum
702 3090 962 3159 conditionem:
991 3101 1147 3178 12,8-32;
1176 3100 1350 3176 rama-rm
1377 3104 1498 3179 15,19-

179 3206 239 3281 233
266 3205 423 3280 16,1-1“Ι;
453 3202 686 3278 16,18-17,13;
718 3202 845 3279 rat-8.
870 3203 959 3275 erac
977 3200 1125 3268 affinitas
1148 3208 1242 3291 patet
1266 3224 1342 3268 cum
1362 3226 1402 3269 ex
1425 3203 1498 3270 illis

181 3305 318 3392 legibus
347 3303 530 3371 universim
561 3303 737 3393 inspectiS,
769 3307 843 3369 tum
878 3327 896 3370 e
928 3305 1134 3393 quibusdam
1162 3309 1433 3399 expressionibus
1463 3317 1497 3376 et

178 3413 279 3495 ideis,
301 3435 386 3502 0000
407 3433 512 3500 00000
535 3414 750 3499 repetuntur,
773 3415 923 3499 suntque
945 3411 987 3478 dc
1012 3413 1103 3495 loco,
1121 3436 1225 3503 quem
1247 3416 1351 3502 elegit
1373 3416 1492 3497 lahve,

179 3522 222 3589 de
241 3518 473 3587 sacerdotibus
488 3516 623 3598 Levitis,
640 3516 683 3582 dc
707 3518 830 3583 Levitis
854 3518 1077 3607 pauperibus,
1095 3520 1137 3586 de
1154 3523 1258 3588 sacris
1279 3521 1372 3610 apud
1397 3544 1496 3589 sauc-

179 3629 329 3693 tuarium
343 3624 506 3690 conviviis
521 3647 541 3690 a
554 3623 682 3712 populo
702 3623 932 3703 celebrandis,
948 3625 1003 3690 cui
1027 3626 1259 3694 conceduntur
1274 3626 1388 3716 plura,
1406 3651 1497 3717 quae

178 3738 317 3817 alloyse
333 3732 468 3795 lucrant
481 3729 585 3794 tribui
597 3730 674 3795 Levi
689 3736 870 3811 reservata,
890 3737 953 3798 etc.
972 3734 1139 3813 Ceterum,
1153 3733 1181 3798 si
1193 3734 1345 3822 reliquae
1354 3733 1497 3822 primae

177 3846 210 3908 et
227 3836 397 3905 secundae
417 3835 515 3902 seriei
536 3835 630 3922 leges
652 3859 721 3902 non
744 3836 880 3903 easdem
906 3837 970 3904 has
988 3840 1219 3928 expressiones
1243 3840 1383 3922 habent,
1408 3843 1496 3909 ratio

177 3972 217 4014 ca
243 3951 303 4026 cst,
322 3943 413 4033 quod
431 3965 503 4022 eae,
520 3940 563 4007 dc
587 3943 711 4030 quibus
737 3949 894 4023 10001001,
914 3946 1077 4011 materiae
1099 3968 1168 4012 non
1192 3946 1378 4036 praebcant
1396 3969 1498 4014 occa-

136 4118 139 4124 ,
176 4053 307 4118 sionem
330 4048 528 4116 carumdem
552 4047 804 4135 expressionum
831 4048 1119 4117 adhibendorum.

221 4163 349 4241 Legum
388 4157 511 4221 harum
544 4154 758 4219 incrementa
789 4155 931 4222 omnino
965 4157 1120 4246 prolecta
1152 4164 1231 4226 suut
1264 4183 1281 4226 0
1321 4159 1498 4228 radicibus

177 4261 347 4328 neoseicis.
370 4266 433 4326 Pro
457 4260 536 4326 solis
559 4259 707 4344 legibue,
726 4283 813 4348 quac
838 4261 881 4327 de
902 4285 982 4349 rege
1005 4271 1083 4331 sunt
1103 4271 1136 4332 01
1151 4265 1193 4332 (10
1219 4266 1324 4346 bello,
1342 4289 1411 4333 non
1433 4267 1497 4333 ha-

177 4370 279 4436 betur
297 4371 468 4434 itm-Num.
491 4371 616 4448 textus,
644 4387 745 4454 quem
769 4389 1022 4458 comparemus.
1045 4371 1109 4437 Sed
1130 4372 1242 4459 legem
1266 4373 1308 4440 de
1333 4395 1413 4460 rege
1438 4395 1496 4440 os-

177 4476 354 4543 tendemus
371 4472 486 4562 quoad
500 4472 725 4538 substantiam
739 4496 809 4540 esse
827 4477 1022 4559 mosaicam,
1038 4485 1071 4543 et
1085 4477 1138 4544 lex
1156 4480 1197 4545 de
1214 4480 1306 4547 bello
1321 4481 1497 4570 cautique

176 4585 279 4651 refert
298 4585 434 4662 statuta,
453 4601 540 4668 quae
560 4579 595 4643 in
622 4578 726 4667 stirpe
753 4580 862 4648 electa
887 4583 1005 4649 saltem
1026 4584 1106 4650 iude
1132 4587 1176 4653 ab
1200 4586 1357 4673 ingressu
1383 4594 1497 4654 terrae

175 4692 361 4778 promissae
382 4685 664 4753 observabantur.
689 4685 847 4775 Reliquas
865 4687 958 4774 leges
980 4692 1072 4778 quod
1095 4693 1227 4776 attinet,
1249 4717 1326 4784 cap.
1348 4701 1386 4760 12
1401 4696 1497 4761 ordi-
