<?xml version="1.0" encoding="UTF-8"?>
<!DOCTYPE html PUBLIC "-//W3C//DTD XHTML 1.0 Transitional//EN"
    "http://www.w3.org/TR/xhtml1/DTD/xhtml1-transitional.dtd">
<html xmlns="http://www.w3.org/1999/xhtml" xml:lang="en" lang="en">
 <head>
  <title>
</title>
<meta http-equiv="Content-Type" content="text/html;charset=utf-8" />
  <meta name='ocr-system' content='tesseract 3.04.00' />
  <meta name='ocr-capabilities' content='ocr_page ocr_carea ocr_par ocr_line ocrx_word'/>
</head>
<body>
  <div class='ocr_page' id='page_1' title='image "./commentariusind00hummgoog/commentariusind00hummgoog_0583.png"; bbox 0 0 3366 5346; ppageno 0'>
   <div class='ocr_carea' id='block_1_1' title="bbox 214 302 1151 361">
    <p class='ocr_par' dir='ltr' id='par_1_1' title="bbox 214 302 1151 361">
     <span class='ocr_line' id='line_1_1' title="bbox 214 302 1151 361; baseline -0.007 -1"><span class='ocrx_word' id='word_1_1' title='bbox 214 302 274 361; x_wconf 69' lang='lat'>542</span> <span class='ocrx_word' id='word_1_2' title='bbox 586 313 662 358; x_wconf 75' lang='lat' dir='ltr'>acra</span> <span class='ocrx_word' id='word_1_3' title='bbox 686 313 819 358; x_wconf 74' lang='lat' dir='ltr'>carruae</span> <span class='ocrx_word' id='word_1_4' title='bbox 840 313 905 356; x_wconf 84' lang='lat' dir='ltr'>mm</span> <span class='ocrx_word' id='word_1_5' title='bbox 928 313 1014 356; x_wconf 77' lang='lat' dir='ltr'>rima</span> <span class='ocrx_word' id='word_1_6' title='bbox 1036 313 1151 358; x_wconf 78' lang='lat' dir='ltr'>uorsrs.</span> 
     </span>
    </p>
   </div>
   <div class='ocr_carea' id='block_1_2' title="bbox 216 444 1541 4791">
    <p class='ocr_par' dir='ltr' id='par_1_2' title="bbox 216 444 1537 1390">
     <span class='ocr_line' id='line_1_2' title="bbox 216 444 1534 534; baseline -0.002 -18"><span class='ocrx_word' id='word_1_7' title='bbox 216 453 275 516; x_wconf 75' lang='lat' dir='ltr'>bees</span> <span class='ocrx_word' id='word_1_8' title='bbox 288 458 351 517; x_wconf 86' lang='lat' dir='ltr'>etc.</span> <span class='ocrx_word' id='word_1_9' title='bbox 375 466 440 513; x_wconf 69' lang='lat' dir='ltr'>:un</span> <span class='ocrx_word' id='word_1_10' title='bbox 455 452 532 529; x_wconf 73' lang='grc' dir='ltr'>ἅπαξ</span> <span class='ocrx_word' id='word_1_11' title='bbox 556 453 738 534; x_wconf 61' lang='lat' dir='ltr'>&#39;testas-ael,</span> <span class='ocrx_word' id='word_1_12' title='bbox 755 447 793 513; x_wconf 92' lang='lat' dir='ltr'>in</span> <span class='ocrx_word' id='word_1_13' title='bbox 807 446 934 533; x_wconf 84' lang='lat' dir='ltr'>linguis</span> <span class='ocrx_word' id='word_1_14' title='bbox 950 445 1044 512; x_wconf 87' lang='lat' dir='ltr'>arab.</span> <span class='ocrx_word' id='word_1_15' title='bbox 1065 451 1099 512; x_wconf 88' lang='lat' dir='ltr'>et</span> <span class='ocrx_word' id='word_1_16' title='bbox 1114 467 1220 512; x_wconf 86' lang='lat' dir='ltr'>aram.</span> <span class='ocrx_word' id='word_1_17' title='bbox 1238 444 1534 532; x_wconf 85' lang='lat' dir='ltr'>significationem</span> 
     </span>
     <span class='ocr_line' id='line_1_3' title="bbox 217 551 1534 645; baseline -0.002 -22"><span class='ocrx_word' id='word_1_18' title='bbox 217 557 351 624; x_wconf 90' lang='lat' dir='ltr'>habeus</span> <span class='ocrx_word' id='word_1_19' title='bbox 363 554 534 644; x_wconf 65' lang='lat' dir='ltr'>elipenai·</span> <span class='ocrx_word' id='word_1_20' title='bbox 550 574 557 619; x_wconf 90' lang='lat'><strong>:</strong></span> <span class='ocrx_word' id='word_1_21' title='bbox 576 557 666 620; x_wconf 79' lang='lat' dir='ltr'>LXX</span> <span class='ocrx_word' id='word_1_22' title='bbox 678 560 809 640; x_wconf 61' lang='grc' dir='ltr'>ἐφείσατο</span> <span class='ocrx_word' id='word_1_23' title='bbox 822 574 1018 642; x_wconf 82' lang='lat' dir='ltr'><strong>supponere</strong></span> <span class='ocrx_word' id='word_1_24' title='bbox 1029 551 1166 618; x_wconf 89' lang='lat' dir='ltr'>videtur</span> <span class='ocrx_word' id='word_1_25' title='bbox 1180 553 1326 619; x_wconf 81' lang='lat' dir='ltr'>formam</span> <span class='ocrx_word' id='word_1_26' title='bbox 1344 569 1396 645; x_wconf 68' lang='lat' dir='ltr'>pn</span> <span class='ocrx_word' id='word_1_27' title='bbox 1409 553 1534 642; x_wconf 84' lang='lat' dir='ltr'>(etiam</span> 
     </span>
     <span class='ocr_line' id='line_1_4' title="bbox 217 658 1537 748; baseline -0.003 -18"><span class='ocrx_word' id='word_1_28' title='bbox 217 669 274 730; x_wconf 79' lang='lat' dir='ltr'>Ex.</span> <span class='ocrx_word' id='word_1_29' title='bbox 296 670 396 743; x_wconf 64' lang='lat' dir='ltr'>aare</span> <span class='ocrx_word' id='word_1_30' title='bbox 419 666 481 729; x_wconf 90' lang='lat' dir='ltr'>etc.</span> <span class='ocrx_word' id='word_1_31' title='bbox 506 682 584 728; x_wconf 92' lang='lat' dir='ltr'>eum</span> <span class='ocrx_word' id='word_1_32' title='bbox 612 659 834 747; x_wconf 73' lang='lat' dir='ltr'>accusativo),</span> <span class='ocrx_word' id='word_1_33' title='bbox 853 666 953 748; x_wconf 87' lang='lat' dir='ltr'>atque</span> <span class='ocrx_word' id='word_1_34' title='bbox 979 680 1098 748; x_wconf 86' lang='lat' dir='ltr'>reapse</span> <span class='ocrx_word' id='word_1_35' title='bbox 1121 658 1279 725; x_wconf 78' lang='lat' dir='ltr'>literae:</span> <span class='ocrx_word' id='word_1_36' title='bbox 1302 667 1367 732; x_wconf 90' lang='lat' dir='ltr'>ot:</span> <span class='ocrx_word' id='word_1_37' title='bbox 1388 660 1426 735; x_wconf 86' lang='lat' dir='ltr'>in</span> <span class='ocrx_word' id='word_1_38' title='bbox 1444 659 1537 727; x_wconf 81' lang='lat' dir='ltr'>anti-</span> 
     </span>
     <span class='ocr_line' id='line_1_5' title="bbox 219 765 1534 869; baseline -0.002 -35"><span class='ocrx_word' id='word_1_39' title='bbox 219 792 286 858; x_wconf 91' lang='lat' dir='ltr'>qua</span> <span class='ocrx_word' id='word_1_40' title='bbox 312 770 479 856; x_wconf 89' lang='lat' dir='ltr'>scriptura</span> <span class='ocrx_word' id='word_1_41' title='bbox 501 766 695 833; x_wconf 79' lang='lat' dir='ltr'>simillimae</span> <span class='ocrx_word' id='word_1_42' title='bbox 717 771 796 833; x_wconf 90' lang='lat' dir='ltr'>suut</span> <span class='ocrx_word' id='word_1_43' title='bbox 819 765 910 831; x_wconf 88' lang='lat' dir='ltr'>inter</span> <span class='ocrx_word' id='word_1_44' title='bbox 933 789 978 832; x_wconf 90' lang='lat' dir='ltr'>se.</span> <span class='ocrx_word' id='word_1_45' title='bbox 1006 770 1094 852; x_wconf 65' lang='lat' dir='ltr'>ango</span> <span class='ocrx_word' id='word_1_46' title='bbox 1119 787 1126 833; x_wconf 75' lang='grc' dir='ltr'>ε</span> <span class='ocrx_word' id='word_1_47' title='bbox 1154 767 1310 853; x_wconf 76' lang='lat' dir='ltr'>Profecto</span> <span class='ocrx_word' id='word_1_48' title='bbox 1336 767 1534 869; x_wconf 71' lang='lat' dir='ltr'>pretiosam</span> 
     </span>
     <span class='ocr_line' id='line_1_6' title="bbox 216 871 1534 964; baseline -0.002 -23"><span class='ocrx_word' id='word_1_49' title='bbox 216 899 252 943; x_wconf 82' lang='lat' dir='ltr'>se</span> <span class='ocrx_word' id='word_1_50' title='bbox 267 875 419 941; x_wconf 63' lang='lat' dir='ltr'>exhibuit</span> <span class='ocrx_word' id='word_1_51' title='bbox 436 873 564 964; x_wconf 69' lang='lat' dir='ltr'>popello</span> <span class='ocrx_word' id='word_1_52' title='bbox 587 895 660 939; x_wconf 81' lang='lat' dir='ltr'>suo.</span> <span class='ocrx_word' id='word_1_53' title='bbox 678 912 721 923; x_wconf 90' lang='lat'>·-</span> <span class='ocrx_word' id='word_1_54' title='bbox 744 900 759 932; x_wconf 90' lang='lat'>«</span> <span class='ocrx_word' id='word_1_55' title='bbox 787 874 909 938; x_wconf 67' lang='lat' dir='ltr'>Orsines</span> <span class='ocrx_word' id='word_1_56' title='bbox 928 871 1040 937; x_wconf 79' lang='lat' dir='ltr'>sancti</span> <span class='ocrx_word' id='word_1_57' title='bbox 1059 902 1073 931; x_wconf 76' lang='lat' dir='ltr'>o</span> <span class='ocrx_word' id='word_1_58' title='bbox 1093 871 1165 937; x_wconf 82' lang='lat' dir='ltr'>eius</span> <span class='ocrx_word' id='word_1_59' title='bbox 1187 873 1302 959; x_wconf 65' lang='lat' dir='ltr'>(Hebe.</span> <span class='ocrx_word' id='word_1_60' title='bbox 1317 875 1412 940; x_wconf 70' lang='lat' dir='ltr'>Satn.</span> <span class='ocrx_word' id='word_1_61' title='bbox 1432 873 1534 962; x_wconf 74' lang='lat' dir='ltr'>Syr.)</span> 
     </span>
     <span class='ocr_line' id='line_1_7' title="bbox 219 976 1537 1069; baseline 0.002 -27"><span class='ocrx_word' id='word_1_62' title='bbox 219 1012 234 1042; x_wconf 67' lang='grc' dir='ltr'><strong>α</strong></span> <span class='ocrx_word' id='word_1_63' title='bbox 257 983 293 1048; x_wconf 76' lang='lat' dir='ltr'>in</span> <span class='ocrx_word' id='word_1_64' title='bbox 312 1004 416 1047; x_wconf 72' lang='lat' dir='ltr'>iliona</span> <span class='ocrx_word' id='word_1_65' title='bbox 439 980 533 1046; x_wconf 81' lang='lat' dir='ltr'>illius</span> <span class='ocrx_word' id='word_1_66' title='bbox 554 992 632 1046; x_wconf 75' lang='lat' dir='ltr'>sterit</span> <span class='ocrx_word' id='word_1_67' title='bbox 655 1010 685 1045; x_wconf 74' lang='lat' dir='ltr'>n.</span> <span class='ocrx_word' id='word_1_68' title='bbox 707 980 786 1067; x_wconf 69' lang='lat' dir='ltr'>Syr.</span> <span class='ocrx_word' id='word_1_69' title='bbox 805 993 876 1066; x_wconf 64' lang='grc' dir='ltr'>ΤΞ,</span> <span class='ocrx_word' id='word_1_70' title='bbox 897 976 1087 1059; x_wconf 65' lang='lat' dir='ltr'>benedicit,</span> <span class='ocrx_word' id='word_1_71' title='bbox 1106 977 1197 1044; x_wconf 92' lang='lat' dir='ltr'>unde</span> <span class='ocrx_word' id='word_1_72' title='bbox 1218 978 1319 1045; x_wconf 83' lang='lat' dir='ltr'>facilc</span> <span class='ocrx_word' id='word_1_73' title='bbox 1341 980 1537 1069; x_wconf 80' lang='lat' dir='ltr'>explicatur</span> 
     </span>
     <span class='ocr_line' id='line_1_8' title="bbox 216 1084 1534 1178; baseline -0.003 -22"><span class='ocrx_word' id='word_1_74' title='bbox 216 1090 392 1178; x_wconf 79' lang='lat' dir='ltr'>corruptio</span> <span class='ocrx_word' id='word_1_75' title='bbox 411 1087 446 1153; x_wconf 93' lang='lat' dir='ltr'>in</span> <span class='ocrx_word' id='word_1_76' title='bbox 469 1099 546 1176; x_wconf 56' lang='lat'>‘0²2</span> <span class='ocrx_word' id='word_1_77' title='bbox 571 1085 688 1175; x_wconf 77' lang='lat' dir='ltr'>(Hebe.</span> <span class='ocrx_word' id='word_1_78' title='bbox 713 1087 808 1152; x_wconf 74' lang='lat' dir='ltr'>Seru.</span> <span class='ocrx_word' id='word_1_79' title='bbox 832 1086 932 1172; x_wconf 73' lang='lat' dir='ltr'>LXX)</span> <span class='ocrx_word' id='word_1_80' title='bbox 955 1084 1254 1173; x_wconf 81' lang='lat' dir='ltr'>corruptionisque</span> <span class='ocrx_word' id='word_1_81' title='bbox 1275 1087 1470 1153; x_wconf 78' lang='lat' dir='ltr'>emendatio</span> <span class='ocrx_word' id='word_1_82' title='bbox 1496 1087 1534 1152; x_wconf 92' lang='lat' dir='ltr'>in</span> 
     </span>
     <span class='ocr_line' id='line_1_9' title="bbox 216 1190 1535 1283; baseline 0.001 -24"><span class='ocrx_word' id='word_1_83' title='bbox 216 1211 283 1259; x_wconf 66' lang='grc' dir='ltr'><em>Ἣ</em></span> <span class='ocrx_word' id='word_1_84' title='bbox 304 1196 314 1282; x_wconf 86' lang='grc'>(</span> <span class='ocrx_word' id='word_1_85' title='bbox 325 1194 441 1283; x_wconf 75' lang='lat' dir='ltr'>Vulp.;</span> <span class='ocrx_word' id='word_1_86' title='bbox 459 1194 503 1260; x_wconf 87' lang='lat' dir='ltr'>cl.</span> <span class='ocrx_word' id='word_1_87' title='bbox 527 1191 664 1279; x_wconf 75' lang='lat' dir='ltr'>Glale.)</span> <span class='ocrx_word' id='word_1_88' title='bbox 683 1213 690 1260; x_wconf 74' lang='grc' dir='ltr'><strong><em>ε</em></strong></span> <span class='ocrx_word' id='word_1_89' title='bbox 709 1190 885 1257; x_wconf 76' lang='lat' dir='ltr'>benedixit</span> <span class='ocrx_word' id='word_1_90' title='bbox 901 1192 1021 1273; x_wconf 79' lang='lat' dir='ltr'>lehre,</span> <span class='ocrx_word' id='word_1_91' title='bbox 1040 1190 1212 1257; x_wconf 89' lang='lat' dir='ltr'>benedicit</span> <span class='ocrx_word' id='word_1_92' title='bbox 1224 1191 1292 1258; x_wconf 89' lang='lat' dir='ltr'>iam</span> <span class='ocrx_word' id='word_1_93' title='bbox 1309 1192 1413 1259; x_wconf 89' lang='lat' dir='ltr'>etiam</span> <span class='ocrx_word' id='word_1_94' title='bbox 1432 1194 1478 1281; x_wconf 92' lang='lat' dir='ltr'>(v.</span> <span class='ocrx_word' id='word_1_95' title='bbox 1502 1194 1535 1279; x_wconf 84' lang='lat'>1)</span> 
     </span>
     <span class='ocr_line' id='line_1_10' title="bbox 219 1302 641 1390; baseline -0.012 -21"><span class='ocrx_word' id='word_1_96' title='bbox 219 1307 354 1390; x_wconf 70' lang='lat' dir='ltr'>Moyses.</span> <span class='ocrx_word' id='word_1_97' title='bbox 373 1302 420 1367; x_wconf 87' lang='lat' dir='ltr'>Cl.</span> <span class='ocrx_word' id='word_1_98' title='bbox 437 1304 535 1366; x_wconf 90' lang='lat' dir='ltr'>Num.</span> <span class='ocrx_word' id='word_1_99' title='bbox 551 1304 641 1380; x_wconf 69' lang='lat'>23,8.</span> 
     </span>
    </p>

    <p class='ocr_par' dir='ltr' id='par_1_3' title="bbox 218 1403 1541 3927">
     <span class='ocr_line' id='line_1_11' title="bbox 267 1403 1532 1498; baseline 0.004 -30"><span class='ocrx_word' id='word_1_100' title='bbox 267 1438 282 1469; x_wconf 88' lang='lat'>«</span> <span class='ocrx_word' id='word_1_101' title='bbox 298 1410 341 1474; x_wconf 82' lang='lat' dir='ltr'>El</span> <span class='ocrx_word' id='word_1_102' title='bbox 352 1406 413 1498; x_wconf 84' lang='lat' dir='ltr'>qui</span> <span class='ocrx_word' id='word_1_103' title='bbox 427 1405 713 1496; x_wconf 76' lang='lat' dir='ltr'>appropinquant</span> <span class='ocrx_word' id='word_1_104' title='bbox 723 1403 869 1494; x_wconf 80' lang='lat' dir='ltr'>pedibas</span> <span class='ocrx_word' id='word_1_105' title='bbox 880 1403 964 1487; x_wconf 81' lang='lat' dir='ltr'>eius,</span> <span class='ocrx_word' id='word_1_106' title='bbox 978 1403 1150 1492; x_wconf 78' lang='lat' dir='ltr'>accipient</span> <span class='ocrx_word' id='word_1_107' title='bbox 1164 1403 1204 1470; x_wconf 86' lang='lat' dir='ltr'>de</span> <span class='ocrx_word' id='word_1_108' title='bbox 1220 1404 1378 1472; x_wconf 69' lang='lat' dir='ltr'>electrina</span> <span class='ocrx_word' id='word_1_109' title='bbox 1391 1404 1483 1471; x_wconf 82' lang='lat' dir='ltr'>illius</span> <span class='ocrx_word' id='word_1_110' title='bbox 1500 1432 1532 1473; x_wconf 75' lang='lat' dir='ltr'>n.</span> 
     </span>
     <span class='ocr_line' id='line_1_12' title="bbox 221 1509 1536 1605; baseline -0.002 -24"><span class='ocrx_word' id='word_1_111' title='bbox 221 1519 408 1605; x_wconf 87' lang='lat' dir='ltr'>Corruptus</span> <span class='ocrx_word' id='word_1_112' title='bbox 430 1513 548 1602; x_wconf 89' lang='lat' dir='ltr'>utique</span> <span class='ocrx_word' id='word_1_113' title='bbox 568 1518 617 1578; x_wconf 91' lang='lat' dir='ltr'>est</span> <span class='ocrx_word' id='word_1_114' title='bbox 640 1516 764 1591; x_wconf 75' lang='lat' dir='ltr'>textus,</span> <span class='ocrx_word' id='word_1_115' title='bbox 783 1509 955 1599; x_wconf 85' lang='lat' dir='ltr'>imprimis</span> <span class='ocrx_word' id='word_1_116' title='bbox 973 1509 1087 1599; x_wconf 89' lang='lat' dir='ltr'>quoad</span> <span class='ocrx_word' id='word_1_117' title='bbox 1108 1509 1240 1578; x_wconf 81' lang='lat' dir='ltr'>sullixa.</span> <span class='ocrx_word' id='word_1_118' title='bbox 1265 1512 1442 1579; x_wconf 85' lang='lat' dir='ltr'>Variorum</span> <span class='ocrx_word' id='word_1_119' title='bbox 1459 1517 1536 1578; x_wconf 88' lang='lat' dir='ltr'>ten-</span> 
     </span>
     <span class='ocr_line' id='line_1_13' title="bbox 220 1604 1537 1708; baseline -0.002 -21"><span class='ocrx_word' id='word_1_120' title='bbox 220 1621 351 1687; x_wconf 86' lang='lat' dir='ltr'>tamina</span> <span class='ocrx_word' id='word_1_121' title='bbox 372 1643 403 1686; x_wconf 91' lang='lat' dir='ltr'>v.</span> <span class='ocrx_word' id='word_1_122' title='bbox 437 1617 528 1708; x_wconf 90' lang='lat' dir='ltr'>apud</span> <span class='ocrx_word' id='word_1_123' title='bbox 555 1617 666 1683; x_wconf 88' lang='lat' dir='ltr'>llillm.</span> <span class='ocrx_word' id='word_1_124' title='bbox 695 1628 840 1704; x_wconf 57' lang='lat' dir='ltr'>‘ponus</span> <span class='ocrx_word' id='word_1_125' title='bbox 857 1631 919 1679; x_wconf 51' lang='lat' dir='ltr'>aa*</span> <span class='ocrx_word' id='word_1_126' title='bbox 937 1604 1028 1705; x_wconf 51' lang='lat' dir='ltr'>&#39;litii</span> <span class='ocrx_word' id='word_1_127' title='bbox 1046 1632 1098 1679; x_wconf 70' lang='lat' dir='ltr'>un</span> <span class='ocrx_word' id='word_1_128' title='bbox 1116 1632 1185 1679; x_wconf 60' lang='lat' dir='ltr'>naz</span> <span class='ocrx_word' id='word_1_129' title='bbox 1212 1622 1274 1684; x_wconf 90' lang='lat' dir='ltr'>Pro</span> <span class='ocrx_word' id='word_1_130' title='bbox 1297 1617 1441 1708; x_wconf 79' lang='lat' dir='ltr'>pedibus</span> <span class='ocrx_word' id='word_1_131' title='bbox 1460 1618 1537 1684; x_wconf 79' lang='lat' dir='ltr'>eius</span> 
     </span>
     <span class='ocr_line' id='line_1_14' title="bbox 224 1722 1533 1814; baseline -0.001 -23"><span class='ocrx_word' id='word_1_132' title='bbox 224 1725 377 1814; x_wconf 52' lang='lat' dir='ltr'>(Velm,</span> <span class='ocrx_word' id='word_1_133' title='bbox 393 1724 484 1812; x_wconf 92' lang='lat' dir='ltr'>quod</span> <span class='ocrx_word' id='word_1_134' title='bbox 506 1723 624 1812; x_wconf 87' lang='lat' dir='ltr'>utique</span> <span class='ocrx_word' id='word_1_135' title='bbox 639 1722 811 1788; x_wconf 83' lang='lat' dir='ltr'>contextui</span> <span class='ocrx_word' id='word_1_136' title='bbox 826 1729 1000 1801; x_wconf 84' lang='lat' dir='ltr'>consonat,</span> <span class='ocrx_word' id='word_1_137' title='bbox 1019 1725 1119 1788; x_wconf 77' lang='lat' dir='ltr'>Hebe.</span> <span class='ocrx_word' id='word_1_138' title='bbox 1138 1726 1218 1811; x_wconf 71' lang='lat' dir='ltr'>Syr.</span> <span class='ocrx_word' id='word_1_139' title='bbox 1238 1724 1326 1813; x_wconf 80' lang='lat' dir='ltr'>pede</span> <span class='ocrx_word' id='word_1_140' title='bbox 1344 1737 1413 1811; x_wconf 79' lang='lat' dir='ltr'>luo,</span> <span class='ocrx_word' id='word_1_141' title='bbox 1436 1724 1533 1791; x_wconf 76' lang='lat' dir='ltr'>Sana.</span> 
     </span>
     <span class='ocr_line' id='line_1_15' title="bbox 218 1828 1537 1922; baseline 0.001 -25"><span class='ocrx_word' id='word_1_142' title='bbox 218 1830 364 1922; x_wconf 80' lang='lat' dir='ltr'>pedibus</span> <span class='ocrx_word' id='word_1_143' title='bbox 377 1829 455 1896; x_wconf 81' lang='lat' dir='ltr'>tais.</span> <span class='ocrx_word' id='word_1_144' title='bbox 476 1828 622 1895; x_wconf 90' lang='lat' dir='ltr'>Verbum</span> <span class='ocrx_word' id='word_1_145' title='bbox 645 1844 707 1892; x_wconf 71' lang='lat' dir='ltr'>uzu</span> <span class='ocrx_word' id='word_1_146' title='bbox 734 1850 829 1894; x_wconf 87' lang='lat' dir='ltr'>secus</span> <span class='ocrx_word' id='word_1_147' title='bbox 851 1850 920 1894; x_wconf 89' lang='lat' dir='ltr'>non</span> <span class='ocrx_word' id='word_1_148' title='bbox 936 1829 1097 1895; x_wconf 87' lang='lat' dir='ltr'>occurrit.</span> <span class='ocrx_word' id='word_1_149' title='bbox 1115 1830 1180 1918; x_wconf 77' lang='lat' dir='ltr'>aq.</span> <span class='ocrx_word' id='word_1_150' title='bbox 1202 1839 1392 1916; x_wconf 74' lang='grc' dir='ltr'>ἐπλήγησαν,</span> <span class='ocrx_word' id='word_1_151' title='bbox 1411 1831 1467 1897; x_wconf 92' lang='lat' dir='ltr'>cui</span> <span class='ocrx_word' id='word_1_152' title='bbox 1480 1852 1537 1898; x_wconf 90' lang='lat' dir='ltr'>re·</span> 
     </span>
     <span class='ocr_line' id='line_1_16' title="bbox 222 1934 1537 2028; baseline -0.002 -24"><span class='ocrx_word' id='word_1_153' title='bbox 222 1938 365 2028; x_wconf 89' lang='lat' dir='ltr'>spondet</span> <span class='ocrx_word' id='word_1_154' title='bbox 384 1937 495 2003; x_wconf 84' lang='lat' dir='ltr'>forma</span> <span class='ocrx_word' id='word_1_155' title='bbox 509 1951 551 2000; x_wconf 63' lang='lat' dir='ltr'>ini</span> <span class='ocrx_word' id='word_1_156' title='bbox 578 1958 598 2002; x_wconf 89' lang='lat' dir='ltr'>a</span> <span class='ocrx_word' id='word_1_157' title='bbox 623 1951 693 2008; x_wconf 66' lang='grc' dir='ltr'>ηκς</span> <span class='ocrx_word' id='word_1_158' title='bbox 711 1944 814 2023; x_wconf 87' lang='lat' dir='ltr'>atque</span> <span class='ocrx_word' id='word_1_159' title='bbox 840 1935 980 2001; x_wconf 89' lang='lat' dir='ltr'>lortasse</span> <span class='ocrx_word' id='word_1_160' title='bbox 1004 1934 1069 2002; x_wconf 91' lang='lat' dir='ltr'>hoc</span> <span class='ocrx_word' id='word_1_161' title='bbox 1088 1935 1248 2016; x_wconf 82' lang='lat' dir='ltr'>verbum,</span> <span class='ocrx_word' id='word_1_162' title='bbox 1264 1935 1421 2003; x_wconf 91' lang='lat' dir='ltr'>similiter</span> <span class='ocrx_word' id='word_1_163' title='bbox 1432 1944 1537 2025; x_wconf 88' lang='lat' dir='ltr'>atque</span> 
     </span>
     <span class='ocr_line' id='line_1_17' title="bbox 221 2040 1537 2132; baseline -0.002 -22"><span class='ocrx_word' id='word_1_164' title='bbox 221 2064 450 2132; x_wconf 80' lang='lat' dir='ltr'>synonymum</span> <span class='ocrx_word' id='word_1_165' title='bbox 473 2057 536 2114; x_wconf 69' lang='lat' dir='ltr'>uis,</span> <span class='ocrx_word' id='word_1_166' title='bbox 558 2040 816 2131; x_wconf 70' lang='lat' dir='ltr'>apiereulieaeli</span> <span class='ocrx_word' id='word_1_167' title='bbox 839 2042 882 2107; x_wconf 85' lang='lat' dir='ltr'>ad</span> <span class='ocrx_word' id='word_1_168' title='bbox 904 2040 1143 2130; x_wconf 73' lang='lat' dir='ltr'>protendendi</span> <span class='ocrx_word' id='word_1_169' title='bbox 1164 2043 1451 2128; x_wconf 85' lang='lat' dir='ltr'>significationem</span> <span class='ocrx_word' id='word_1_170' title='bbox 1475 2042 1537 2109; x_wconf 91' lang='lat' dir='ltr'>de-</span> 
     </span>
     <span class='ocr_line' id='line_1_18' title="bbox 221 2145 1538 2239; baseline -0.001 -23"><span class='ocrx_word' id='word_1_171' title='bbox 221 2149 353 2217; x_wconf 90' lang='lat' dir='ltr'>scendit</span> <span class='ocrx_word' id='word_1_172' title='bbox 373 2149 491 2239; x_wconf 75' lang='lat' dir='ltr'>(Valq.</span> <span class='ocrx_word' id='word_1_173' title='bbox 516 2150 624 2238; x_wconf 65' lang='lat' dir='ltr'>Spa).</span> <span class='ocrx_word' id='word_1_174' title='bbox 658 2153 721 2213; x_wconf 84' lang='lat' dir='ltr'>Pro</span> <span class='ocrx_word' id='word_1_175' title='bbox 759 2162 822 2210; x_wconf 59' lang='lat' dir='ltr'>atri</span> <span class='ocrx_word' id='word_1_176' title='bbox 839 2149 933 2213; x_wconf 78' lang='lat' dir='ltr'>Sam.</span> <span class='ocrx_word' id='word_1_177' title='bbox 958 2145 1048 2219; x_wconf 55' lang='lat' dir='ltr'>*aaa</span> <span class='ocrx_word' id='word_1_178' title='bbox 1072 2148 1162 2214; x_wconf 92' lang='lat' dir='ltr'>unde</span> <span class='ocrx_word' id='word_1_179' title='bbox 1188 2149 1364 2233; x_wconf 80' lang='lat' dir='ltr'>colligitur</span> <span class='ocrx_word' id='word_1_180' title='bbox 1383 2149 1538 2236; x_wconf 89' lang='lat' dir='ltr'>genuina</span> 
     </span>
     <span class='ocr_line' id='line_1_19' title="bbox 221 2253 1537 2344; baseline 0 -22"><span class='ocrx_word' id='word_1_181' title='bbox 221 2257 319 2322; x_wconf 88' lang='lat' dir='ltr'>lectio</span> <span class='ocrx_word' id='word_1_182' title='bbox 342 2269 445 2328; x_wconf 58' lang='lat' dir='ltr'>*auru</span> <span class='ocrx_word' id='word_1_183' title='bbox 465 2256 509 2321; x_wconf 88' lang='lat' dir='ltr'>ad</span> <span class='ocrx_word' id='word_1_184' title='bbox 534 2277 636 2343; x_wconf 90' lang='lat' dir='ltr'>quam</span> <span class='ocrx_word' id='word_1_185' title='bbox 664 2262 869 2320; x_wconf 85' lang='lat' dir='ltr'>revocantur</span> <span class='ocrx_word' id='word_1_186' title='bbox 889 2257 953 2342; x_wconf 68' lang='lat' dir='ltr'>riq.</span> <span class='ocrx_word' id='word_1_187' title='bbox 987 2254 1085 2342; x_wconf 72' lang='lat' dir='ltr'>l&#39;ulq.</span> <span class='ocrx_word' id='word_1_188' title='bbox 1116 2253 1234 2322; x_wconf 74' lang='lat' dir='ltr'>chald.</span> <span class='ocrx_word' id='word_1_189' title='bbox 1259 2256 1338 2344; x_wconf 74' lang='lat' dir='ltr'>Spe.</span> <span class='ocrx_word' id='word_1_190' title='bbox 1364 2255 1428 2322; x_wconf 83' lang='lat' dir='ltr'>Sed</span> <span class='ocrx_word' id='word_1_191' title='bbox 1452 2255 1537 2344; x_wconf 86' lang='lat' dir='ltr'>quid</span> 
     </span>
     <span class='ocr_line' id='line_1_20' title="bbox 221 2359 1538 2454; baseline -0.001 -26"><span class='ocrx_word' id='word_1_192' title='bbox 221 2369 271 2429; x_wconf 90' lang='lat' dir='ltr'>est</span> <span class='ocrx_word' id='word_1_193' title='bbox 283 2362 438 2450; x_wconf 80' lang='lat' dir='ltr'>occipere</span> <span class='ocrx_word' id='word_1_194' title='bbox 454 2359 495 2425; x_wconf 84' lang='lat' dir='ltr'>de</span> <span class='ocrx_word' id='word_1_195' title='bbox 508 2360 653 2449; x_wconf 80' lang='lat' dir='ltr'>eloquiis</span> <span class='ocrx_word' id='word_1_196' title='bbox 669 2359 792 2425; x_wconf 90' lang='lat' dir='ltr'>divinis</span> <span class='ocrx_word' id='word_1_197' title='bbox 810 2361 914 2448; x_wconf 79' lang='lat' dir='ltr'><em>(LXX</em></span> <span class='ocrx_word' id='word_1_198' title='bbox 925 2363 988 2454; x_wconf 64' lang='lat' dir='ltr'>rlq.</span> <span class='ocrx_word' id='word_1_199' title='bbox 1011 2361 1148 2449; x_wconf 55' lang='lat' dir='ltr'>ialal?</span> <span class='ocrx_word' id='word_1_200' title='bbox 1164 2384 1277 2428; x_wconf 92' lang='lat' dir='ltr'>nonne</span> <span class='ocrx_word' id='word_1_201' title='bbox 1288 2362 1404 2428; x_wconf 74' lang='lat' dir='ltr'>omelia</span> <span class='ocrx_word' id='word_1_202' title='bbox 1418 2361 1538 2429; x_wconf 88' lang='lat' dir='ltr'>divina</span> 
     </span>
     <span class='ocr_line' id='line_1_21' title="bbox 222 2465 1536 2557; baseline 0.004 -22"><span class='ocrx_word' id='word_1_203' title='bbox 222 2467 358 2557; x_wconf 91' lang='lat' dir='ltr'>eloquia</span> <span class='ocrx_word' id='word_1_204' title='bbox 377 2467 501 2556; x_wconf 91' lang='lat' dir='ltr'>accipit</span> <span class='ocrx_word' id='word_1_205' title='bbox 526 2467 648 2532; x_wconf 82' lang='lat' dir='ltr'>lsrael?</span> <span class='ocrx_word' id='word_1_206' title='bbox 669 2480 734 2530; x_wconf 67' lang='lat' dir='ltr'>atri</span> <span class='ocrx_word' id='word_1_207' title='bbox 758 2465 840 2532; x_wconf 89' lang='lat' dir='ltr'>item</span> <span class='ocrx_word' id='word_1_208' title='bbox 862 2466 1075 2533; x_wconf 84' lang='lat' dir='ltr'>intransitive</span> <span class='ocrx_word' id='word_1_209' title='bbox 1096 2468 1306 2535; x_wconf 89' lang='lat' dir='ltr'>construitur</span> <span class='ocrx_word' id='word_1_210' title='bbox 1330 2473 1381 2534; x_wconf 81' lang='lat' dir='ltr'>l‘s.</span> <span class='ocrx_word' id='word_1_211' title='bbox 1406 2468 1536 2557; x_wconf 83' lang='lat'>88(89).</span> 
     </span>
     <span class='ocr_line' id='line_1_22' title="bbox 225 2572 1536 2663; baseline -0.002 -21"><span class='ocrx_word' id='word_1_212' title='bbox 225 2582 281 2656; x_wconf 77' lang='lat'>103</span> <span class='ocrx_word' id='word_1_213' title='bbox 302 2575 385 2641; x_wconf 86' lang='lat' dir='ltr'>Nab.</span> <span class='ocrx_word' id='word_1_214' title='bbox 405 2581 473 2657; x_wconf 82' lang='lat'><strong>1,5‚</strong></span> <span class='ocrx_word' id='word_1_215' title='bbox 491 2572 741 2659; x_wconf 85' lang='lat' dir='ltr'>significatione</span> <span class='ocrx_word' id='word_1_216' title='bbox 759 2572 975 2661; x_wconf 74' lang='lat' dir='ltr'>asserrpendi,</span> <span class='ocrx_word' id='word_1_217' title='bbox 992 2574 1074 2640; x_wconf 91' lang='lat' dir='ltr'>hinc</span> <span class='ocrx_word' id='word_1_218' title='bbox 1086 2574 1329 2662; x_wconf 77' lang='lat' dir='ltr'>proficiscendi</span> <span class='ocrx_word' id='word_1_219' title='bbox 1344 2578 1456 2663; x_wconf 87' lang='lat' dir='ltr'>(Num.</span> <span class='ocrx_word' id='word_1_220' title='bbox 1482 2582 1536 2654; x_wconf 85' lang='lat'>10,</span> 
     </span>
     <span class='ocr_line' id='line_1_23' title="bbox 225 2678 1535 2770; baseline 0.004 -26"><span class='ocrx_word' id='word_1_221' title='bbox 225 2688 264 2747; x_wconf 75' lang='lat'>:33</span> <span class='ocrx_word' id='word_1_222' title='bbox 280 2681 360 2770; x_wconf 87' lang='lat' dir='ltr'>etc.)</span> <span class='ocrx_word' id='word_1_223' title='bbox 379 2703 386 2749; x_wconf 92' lang='lat'>:</span> <span class='ocrx_word' id='word_1_224' title='bbox 399 2679 551 2770; x_wconf 76' lang='lat' dir='ltr'>profecti</span> <span class='ocrx_word' id='word_1_225' title='bbox 565 2693 643 2746; x_wconf 77' lang='lat' dir='ltr'>salal</span> <span class='ocrx_word' id='word_1_226' title='bbox 657 2678 704 2744; x_wconf 70' lang='lat' dir='ltr'>orl</span> <span class='ocrx_word' id='word_1_227' title='bbox 719 2682 853 2746; x_wconf 76' lang='lat' dir='ltr'>verbam</span> <span class='ocrx_word' id='word_1_228' title='bbox 871 2693 966 2745; x_wconf 70' lang='lat' dir='ltr'>terrem</span> <span class='ocrx_word' id='word_1_229' title='bbox 988 2680 1125 2767; x_wconf 77' lang='lat' dir='ltr'>(Chald.</span> <span class='ocrx_word' id='word_1_230' title='bbox 1145 2687 1177 2746; x_wconf 88' lang='lat' dir='ltr'>et</span> <span class='ocrx_word' id='word_1_231' title='bbox 1201 2682 1245 2747; x_wconf 89' lang='lat' dir='ltr'>el.</span> <span class='ocrx_word' id='word_1_232' title='bbox 1267 2687 1287 2746; x_wconf 73' lang='lat'><strong>2</strong></span> <span class='ocrx_word' id='word_1_233' title='bbox 1306 2686 1382 2747; x_wconf 90' lang='lat' dir='ltr'>Par.</span> <span class='ocrx_word' id='word_1_234' title='bbox 1405 2680 1535 2769; x_wconf 61' lang='lat' dir='ltr'>tw).</span> 
     </span>
     <span class='ocr_line' id='line_1_24' title="bbox 224 2786 1538 2877; baseline 0 -24"><span class='ocrx_word' id='word_1_235' title='bbox 224 2787 453 2877; x_wconf 67' lang='lat' dir='ltr'>supponenda</span> <span class='ocrx_word' id='word_1_236' title='bbox 468 2787 531 2852; x_wconf 90' lang='lat' dir='ltr'>erit</span> <span class='ocrx_word' id='word_1_237' title='bbox 543 2788 653 2852; x_wconf 82' lang='lat' dir='ltr'>forma</span> <span class='ocrx_word' id='word_1_238' title='bbox 668 2787 749 2854; x_wconf 88' lang='lat' dir='ltr'>fem.</span> <span class='ocrx_word' id='word_1_239' title='bbox 768 2786 902 2875; x_wconf 86' lang='lat' dir='ltr'>poetica</span> <span class='ocrx_word' id='word_1_240' title='bbox 913 2798 994 2849; x_wconf 63' lang='lat' dir='ltr'>unzi</span> <span class='ocrx_word' id='word_1_241' title='bbox 1014 2809 1077 2876; x_wconf 92' lang='lat' dir='ltr'>pro</span> <span class='ocrx_word' id='word_1_242' title='bbox 1091 2802 1160 2861; x_wconf 66' lang='lat' dir='ltr'>izi,</span> <span class='ocrx_word' id='word_1_243' title='bbox 1170 2809 1375 2876; x_wconf 86' lang='lat' dir='ltr'>rursumque</span> <span class='ocrx_word' id='word_1_244' title='bbox 1386 2787 1538 2854; x_wconf 85' lang='lat' dir='ltr'>admira-</span> 
     </span>
     <span class='ocr_line' id='line_1_25' title="bbox 223 2892 1539 2981; baseline -0.002 -21"><span class='ocrx_word' id='word_1_245' title='bbox 223 2894 353 2961; x_wconf 91' lang='lat' dir='ltr'>tionem</span> <span class='ocrx_word' id='word_1_246' title='bbox 384 2893 466 2959; x_wconf 84' lang='lat' dir='ltr'>lacit</span> <span class='ocrx_word' id='word_1_247' title='bbox 498 2892 654 2959; x_wconf 82' lang='lat' dir='ltr'>suffixum</span> <span class='ocrx_word' id='word_1_248' title='bbox 683 2893 798 2979; x_wconf 75' lang='lat' dir='ltr'>(Hebe.</span> <span class='ocrx_word' id='word_1_249' title='bbox 823 2893 918 2958; x_wconf 75' lang='lat' dir='ltr'>Sani.</span> <span class='ocrx_word' id='word_1_250' title='bbox 943 2906 1019 2973; x_wconf 76' lang='lat' dir='ltr'>teia,</span> <span class='ocrx_word' id='word_1_251' title='bbox 1048 2892 1166 2960; x_wconf 80' lang='lat' dir='ltr'>Chald.</span> <span class='ocrx_word' id='word_1_252' title='bbox 1192 2894 1272 2981; x_wconf 68' lang='lat' dir='ltr'>Syr.</span> <span class='ocrx_word' id='word_1_253' title='bbox 1309 2906 1421 2976; x_wconf 67' lang='lat' dir='ltr'>taciem,</span> <span class='ocrx_word' id='word_1_254' title='bbox 1449 2895 1539 2958; x_wconf 76' lang='lat' dir='ltr'>LXX</span> 
     </span>
     <span class='ocr_line' id='line_1_26' title="bbox 232 2999 1539 3089; baseline 0 -23"><span class='ocrx_word' id='word_1_255' title='bbox 232 3000 329 3088; x_wconf 76' lang='lat' dir='ltr'>l&#39;ulp.</span> <span class='ocrx_word' id='word_1_256' title='bbox 348 2999 470 3087; x_wconf 82' lang='lat' dir='ltr'>illius).</span> <span class='ocrx_word' id='word_1_257' title='bbox 488 2999 622 3064; x_wconf 85' lang='lat' dir='ltr'>Stichus</span> <span class='ocrx_word' id='word_1_258' title='bbox 640 2999 721 3064; x_wconf 89' lang='lat' dir='ltr'>item</span> <span class='ocrx_word' id='word_1_259' title='bbox 744 2999 849 3084; x_wconf 85' lang='lat' dir='ltr'>exigit</span> <span class='ocrx_word' id='word_1_260' title='bbox 873 3021 971 3064; x_wconf 88' lang='lat' dir='ltr'>voces</span> <span class='ocrx_word' id='word_1_261' title='bbox 989 3005 1057 3065; x_wconf 90' lang='lat' dir='ltr'>tres</span> <span class='ocrx_word' id='word_1_262' title='bbox 1071 2999 1186 3088; x_wconf 90' lang='lat' dir='ltr'>potius</span> <span class='ocrx_word' id='word_1_263' title='bbox 1207 3022 1310 3089; x_wconf 88' lang='lat' dir='ltr'>quam</span> <span class='ocrx_word' id='word_1_264' title='bbox 1332 3000 1430 3067; x_wconf 88' lang='lat' dir='ltr'>duas.</span> <span class='ocrx_word' id='word_1_265' title='bbox 1452 3004 1539 3086; x_wconf 88' lang='lat' dir='ltr'>Sug-</span> 
     </span>
     <span class='ocr_line' id='line_1_27' title="bbox 224 3103 1536 3195; baseline -0.001 -24"><span class='ocrx_word' id='word_1_266' title='bbox 224 3128 305 3191; x_wconf 85' lang='lat' dir='ltr'>geco</span> <span class='ocrx_word' id='word_1_267' title='bbox 330 3105 437 3171; x_wconf 84' lang='lat' dir='ltr'>levem</span> <span class='ocrx_word' id='word_1_268' title='bbox 461 3103 734 3170; x_wconf 87' lang='lat' dir='ltr'>emendationem</span> <span class='ocrx_word' id='word_1_269' title='bbox 754 3117 839 3168; x_wconf 62' lang='lat' dir='ltr'>&#39;lm</span> <span class='ocrx_word' id='word_1_270' title='bbox 856 3120 912 3191; x_wconf 70' lang='lat' dir='ltr'>&#39;pu</span> <span class='ocrx_word' id='word_1_271' title='bbox 928 3119 1031 3169; x_wconf 53' lang='lat' dir='ltr'>iacui,</span> <span class='ocrx_word' id='word_1_272' title='bbox 1050 3105 1203 3195; x_wconf 72' lang='lat' dir='ltr'>profecti</span> <span class='ocrx_word' id='word_1_273' title='bbox 1225 3119 1306 3172; x_wconf 73' lang='lat' dir='ltr'>seriel</span> <span class='ocrx_word' id='word_1_274' title='bbox 1325 3105 1362 3172; x_wconf 81' lang='lat' dir='ltr'>in</span> <span class='ocrx_word' id='word_1_275' title='bbox 1384 3105 1536 3172; x_wconf 70' lang='lat' dir='ltr'>circellum</span> 
     </span>
     <span class='ocr_line' id='line_1_28' title="bbox 223 3207 1539 3280; baseline 0 -1"><span class='ocrx_word' id='word_1_276' title='bbox 223 3212 402 3279; x_wconf 74' lang='lat' dir='ltr'>deseruere.</span> <span class='ocrx_word' id='word_1_277' title='bbox 422 3210 564 3276; x_wconf 84' lang='lat' dir='ltr'>Hebraei</span> <span class='ocrx_word' id='word_1_278' title='bbox 584 3215 625 3274; x_wconf 80' lang='lat'>37</span> <span class='ocrx_word' id='word_1_279' title='bbox 641 3209 739 3274; x_wconf 88' lang='lat' dir='ltr'>annis</span> <span class='ocrx_word' id='word_1_280' title='bbox 759 3207 876 3275; x_wconf 82' lang='lat' dir='ltr'>divisis</span> <span class='ocrx_word' id='word_1_281' title='bbox 893 3211 1011 3275; x_wconf 86' lang='lat' dir='ltr'>castris</span> <span class='ocrx_word' id='word_1_282' title='bbox 1030 3212 1251 3278; x_wconf 86' lang='lat' dir='ltr'>substiterant</span> <span class='ocrx_word' id='word_1_283' title='bbox 1271 3213 1361 3279; x_wconf 85' lang='lat' dir='ltr'>eirea</span> <span class='ocrx_word' id='word_1_284' title='bbox 1375 3211 1539 3280; x_wconf 84' lang='lat' dir='ltr'>Cadesam</span> 
     </span>
     <span class='ocr_line' id='line_1_29' title="bbox 223 3315 1539 3407; baseline 0 -22"><span class='ocrx_word' id='word_1_285' title='bbox 223 3319 423 3406; x_wconf 87' lang='lat' dir='ltr'>futurasque</span> <span class='ocrx_word' id='word_1_286' title='bbox 443 3315 706 3383; x_wconf 87' lang='lat' dir='ltr'>Simeouitarum</span> <span class='ocrx_word' id='word_1_287' title='bbox 723 3315 829 3399; x_wconf 68' lang='lat' dir='ltr'>sedes</span> <span class='ocrx_word' id='word_1_288' title='bbox 854 3317 890 3382; x_wconf 90' lang='lat' dir='ltr'>in</span> <span class='ocrx_word' id='word_1_289' title='bbox 914 3323 1025 3383; x_wconf 86' lang='lat' dir='ltr'>tractu</span> <span class='ocrx_word' id='word_1_290' title='bbox 1047 3317 1159 3383; x_wconf 90' lang='lat' dir='ltr'>minus</span> <span class='ocrx_word' id='word_1_291' title='bbox 1172 3319 1305 3385; x_wconf 87' lang='lat' dir='ltr'>desorto</span> <span class='ocrx_word' id='word_1_292' title='bbox 1322 3342 1377 3399; x_wconf 89' lang='lat' dir='ltr'>eo,</span> <span class='ocrx_word' id='word_1_293' title='bbox 1397 3318 1457 3407; x_wconf 90' lang='lat' dir='ltr'>qui</span> <span class='ocrx_word' id='word_1_294' title='bbox 1477 3323 1539 3385; x_wconf 87' lang='lat' dir='ltr'>Ca-</span> 
     </span>
     <span class='ocr_line' id='line_1_30' title="bbox 223 3422 1541 3514; baseline 0.002 -24"><span class='ocrx_word' id='word_1_295' title='bbox 223 3424 304 3492; x_wconf 86' lang='lat' dir='ltr'>dcsa</span> <span class='ocrx_word' id='word_1_296' title='bbox 327 3423 570 3514; x_wconf 82' lang='lat' dir='ltr'>porrigebatur</span> <span class='ocrx_word' id='word_1_297' title='bbox 594 3445 709 3490; x_wconf 89' lang='lat' dir='ltr'>versus</span> <span class='ocrx_word' id='word_1_298' title='bbox 733 3422 828 3489; x_wconf 86' lang='lat' dir='ltr'>Sinai</span> <span class='ocrx_word' id='word_1_299' title='bbox 847 3429 881 3488; x_wconf 89' lang='lat' dir='ltr'>et</span> <span class='ocrx_word' id='word_1_300' title='bbox 899 3423 1113 3511; x_wconf 44' lang='lat' dir='ltr'>elsiongaber</span> <span class='ocrx_word' id='word_1_301' title='bbox 1132 3424 1242 3512; x_wconf 75' lang='lat' dir='ltr'>(Num.</span> <span class='ocrx_word' id='word_1_302' title='bbox 1269 3424 1541 3512; x_wconf 73' lang='lat' dir='ltr'>33‚35).1tedin-</span> 
     </span>
     <span class='ocr_line' id='line_1_31' title="bbox 224 3528 1537 3618; baseline 0.001 -21"><span class='ocrx_word' id='word_1_303' title='bbox 224 3537 392 3617; x_wconf 87' lang='lat' dir='ltr'>tegratam</span> <span class='ocrx_word' id='word_1_304' title='bbox 411 3551 496 3615; x_wconf 88' lang='lat' dir='ltr'>erga</span> <span class='ocrx_word' id='word_1_305' title='bbox 519 3534 651 3615; x_wconf 67' lang='lat' dir='ltr'>lloysen</span> <span class='ocrx_word' id='word_1_306' title='bbox 674 3528 836 3595; x_wconf 86' lang='lat' dir='ltr'>fiduciam</span> <span class='ocrx_word' id='word_1_307' title='bbox 860 3553 900 3594; x_wconf 91' lang='lat' dir='ltr'>eo</span> <span class='ocrx_word' id='word_1_308' title='bbox 921 3529 1135 3618; x_wconf 88' lang='lat' dir='ltr'>potissimum</span> <span class='ocrx_word' id='word_1_309' title='bbox 1156 3531 1269 3597; x_wconf 82' lang='lat' dir='ltr'>testati</span> <span class='ocrx_word' id='word_1_310' title='bbox 1288 3536 1366 3597; x_wconf 90' lang='lat' dir='ltr'>sunt</span> <span class='ocrx_word' id='word_1_311' title='bbox 1381 3531 1537 3614; x_wconf 83' lang='lat' dir='ltr'>Hebraei,</span> 
     </span>
     <span class='ocr_line' id='line_1_32' title="bbox 223 3634 1540 3725; baseline 0.003 -24"><span class='ocrx_word' id='word_1_312' title='bbox 223 3635 312 3725; x_wconf 88' lang='lat' dir='ltr'>quod</span> <span class='ocrx_word' id='word_1_313' title='bbox 340 3660 357 3701; x_wconf 89' lang='lat' dir='ltr'>e</span> <span class='ocrx_word' id='word_1_314' title='bbox 381 3635 463 3701; x_wconf 91' lang='lat' dir='ltr'>loeis</span> <span class='ocrx_word' id='word_1_315' title='bbox 491 3634 716 3700; x_wconf 81' lang='lat' dir='ltr'>fertilioribus</span> <span class='ocrx_word' id='word_1_316' title='bbox 739 3658 853 3702; x_wconf 90' lang='lat' dir='ltr'>rursus</span> <span class='ocrx_word' id='word_1_317' title='bbox 872 3639 980 3722; x_wconf 80' lang='lat' dir='ltr'>lloyse</span> <span class='ocrx_word' id='word_1_318' title='bbox 1002 3635 1087 3702; x_wconf 88' lang='lat' dir='ltr'>duce</span> <span class='ocrx_word' id='word_1_319' title='bbox 1113 3638 1148 3702; x_wconf 95' lang='lat' dir='ltr'>in</span> <span class='ocrx_word' id='word_1_320' title='bbox 1171 3638 1247 3703; x_wconf 87' lang='lat' dir='ltr'>loca</span> <span class='ocrx_word' id='word_1_321' title='bbox 1269 3638 1380 3724; x_wconf 86' lang='lat' dir='ltr'>magis</span> <span class='ocrx_word' id='word_1_322' title='bbox 1405 3637 1540 3705; x_wconf 86' lang='lat' dir='ltr'>deserta</span> 
     </span>
     <span class='ocr_line' id='line_1_33' title="bbox 222 3740 1541 3824; baseline 0.001 -16"><span class='ocrx_word' id='word_1_323' title='bbox 222 3742 437 3822; x_wconf 87' lang='lat' dir='ltr'>secesserint,</span> <span class='ocrx_word' id='word_1_324' title='bbox 459 3740 502 3807; x_wconf 87' lang='lat' dir='ltr'>ad</span> <span class='ocrx_word' id='word_1_325' title='bbox 527 3741 644 3807; x_wconf 81' lang='lat' dir='ltr'>sinum</span> <span class='ocrx_word' id='word_1_326' title='bbox 670 3743 894 3808; x_wconf 75' lang='lat' dir='ltr'>Aelaniticum</span> <span class='ocrx_word' id='word_1_327' title='bbox 921 3741 1179 3824; x_wconf 85' lang='lat' dir='ltr'>descenderint,</span> <span class='ocrx_word' id='word_1_328' title='bbox 1206 3751 1357 3809; x_wconf 86' lang='lat' dir='ltr'>montem</span> <span class='ocrx_word' id='word_1_329' title='bbox 1379 3745 1452 3811; x_wconf 83' lang='lat' dir='ltr'>Seir</span> <span class='ocrx_word' id='word_1_330' title='bbox 1475 3745 1541 3810; x_wconf 88' lang='lat' dir='ltr'>cir-</span> 
     </span>
     <span class='ocr_line' id='line_1_34' title="bbox 222 3847 560 3927; baseline -0.006 -11"><span class='ocrx_word' id='word_1_331' title='bbox 222 3847 416 3916; x_wconf 88' lang='lat' dir='ltr'>cumierint.</span> <span class='ocrx_word' id='word_1_332' title='bbox 555 3917 560 3927; x_wconf 68' lang='grc'><strong>,</strong></span> 
     </span>
    </p>

    <p class='ocr_par' dir='ltr' id='par_1_4' title="bbox 225 3954 1540 4791">
     <span class='ocr_line' id='line_1_35' title="bbox 268 3954 1535 4044; baseline 0.002 -22"><span class='ocrx_word' id='word_1_333' title='bbox 268 3961 357 4042; x_wconf 83' lang='lat' dir='ltr'>Ergo</span> <span class='ocrx_word' id='word_1_334' title='bbox 383 3978 413 4021; x_wconf 89' lang='lat' dir='ltr'>v.</span> <span class='ocrx_word' id='word_1_335' title='bbox 438 3961 456 4019; x_wconf 74' lang='lat'><strong>2</strong></span> <span class='ocrx_word' id='word_1_336' title='bbox 475 3976 525 4044; x_wconf 91' lang='lat' dir='ltr'>sq.</span> <span class='ocrx_word' id='word_1_337' title='bbox 547 3954 750 4039; x_wconf 88' lang='lat' dir='ltr'>gravissima</span> <span class='ocrx_word' id='word_1_338' title='bbox 770 3956 870 4020; x_wconf 87' lang='lat' dir='ltr'>lahve</span> <span class='ocrx_word' id='word_1_339' title='bbox 892 3962 967 4021; x_wconf 91' lang='lat' dir='ltr'>acta</span> <span class='ocrx_word' id='word_1_340' title='bbox 988 3955 1139 4021; x_wconf 82' lang='lat' dir='ltr'>breviter</span> <span class='ocrx_word' id='word_1_341' title='bbox 1154 3962 1186 4022; x_wconf 92' lang='lat' dir='ltr'>et</span> <span class='ocrx_word' id='word_1_342' title='bbox 1205 3979 1348 4023; x_wconf 84' lang='lat' dir='ltr'>nervoso</span> <span class='ocrx_word' id='word_1_343' title='bbox 1368 3957 1535 4024; x_wconf 90' lang='lat' dir='ltr'>resumit:</span> 
     </span>
     <span class='ocr_line' id='line_1_36' title="bbox 225 4060 1539 4148; baseline 0.001 -21"><span class='ocrx_word' id='word_1_344' title='bbox 225 4062 376 4148; x_wconf 80' lang='lat' dir='ltr'>imagine</span> <span class='ocrx_word' id='word_1_345' title='bbox 407 4061 484 4127; x_wconf 86' lang='lat' dir='ltr'>solis</span> <span class='ocrx_word' id='word_1_346' title='bbox 515 4061 673 4127; x_wconf 89' lang='lat' dir='ltr'>omnibus</span> <span class='ocrx_word' id='word_1_347' title='bbox 703 4083 798 4127; x_wconf 90' lang='lat' dir='ltr'>suam</span> <span class='ocrx_word' id='word_1_348' title='bbox 833 4062 943 4128; x_wconf 90' lang='lat' dir='ltr'>lucem</span> <span class='ocrx_word' id='word_1_349' title='bbox 970 4060 1175 4130; x_wconf 78' lang='lat' dir='ltr'>effundentis</span> <span class='ocrx_word' id='word_1_350' title='bbox 1204 4063 1343 4130; x_wconf 86' lang='lat' dir='ltr'>exhibet</span> <span class='ocrx_word' id='word_1_351' title='bbox 1375 4062 1539 4130; x_wconf 88' lang='lat' dir='ltr'>beneficia</span> 
     </span>
     <span class='ocr_line' id='line_1_37' title="bbox 227 4167 1540 4256; baseline 0.002 -25"><span class='ocrx_word' id='word_1_352' title='bbox 227 4167 341 4233; x_wconf 84' lang='lat' dir='ltr'>israeli</span> <span class='ocrx_word' id='word_1_353' title='bbox 360 4189 380 4232; x_wconf 87' lang='lat' dir='ltr'>a</span> <span class='ocrx_word' id='word_1_354' title='bbox 402 4168 494 4233; x_wconf 91' lang='lat' dir='ltr'>Sinai</span> <span class='ocrx_word' id='word_1_355' title='bbox 518 4167 678 4233; x_wconf 85' lang='lat' dir='ltr'>Cadosem</span> <span class='ocrx_word' id='word_1_356' title='bbox 701 4190 807 4256; x_wconf 88' lang='lat' dir='ltr'>usque</span> <span class='ocrx_word' id='word_1_357' title='bbox 830 4168 969 4247; x_wconf 89' lang='lat' dir='ltr'>collata;</span> <span class='ocrx_word' id='word_1_358' title='bbox 989 4169 1145 4234; x_wconf 91' lang='lat' dir='ltr'>meminit</span> <span class='ocrx_word' id='word_1_359' title='bbox 1167 4169 1275 4236; x_wconf 87' lang='lat' dir='ltr'>severi</span> <span class='ocrx_word' id='word_1_360' title='bbox 1296 4169 1413 4236; x_wconf 90' lang='lat' dir='ltr'>iudicii</span> <span class='ocrx_word' id='word_1_361' title='bbox 1436 4169 1540 4236; x_wconf 85' lang='lat' dir='ltr'>lahve</span> 
     </span>
     <span class='ocr_line' id='line_1_38' title="bbox 227 4273 1540 4366; baseline 0.002 -27"><span class='ocrx_word' id='word_1_362' title='bbox 227 4275 264 4339; x_wconf 90' lang='lat' dir='ltr'>in</span> <span class='ocrx_word' id='word_1_363' title='bbox 288 4279 474 4361; x_wconf 80' lang='lat' dir='ltr'>apostatas3</span> <span class='ocrx_word' id='word_1_364' title='bbox 498 4274 690 4339; x_wconf 88' lang='lat' dir='ltr'>restitutum</span> <span class='ocrx_word' id='word_1_365' title='bbox 715 4273 860 4341; x_wconf 88' lang='lat' dir='ltr'>Cadesao</span> <span class='ocrx_word' id='word_1_366' title='bbox 888 4274 1006 4341; x_wconf 89' lang='lat' dir='ltr'>foedus</span> <span class='ocrx_word' id='word_1_367' title='bbox 1026 4281 1128 4364; x_wconf 90' lang='lat' dir='ltr'>atque</span> <span class='ocrx_word' id='word_1_368' title='bbox 1148 4275 1229 4342; x_wconf 91' lang='lat' dir='ltr'>inde</span> <span class='ocrx_word' id='word_1_369' title='bbox 1247 4282 1460 4365; x_wconf 90' lang='lat' dir='ltr'>resumptum</span> <span class='ocrx_word' id='word_1_370' title='bbox 1478 4298 1540 4366; x_wconf 92' lang='lat' dir='ltr'>per</span> 
     </span>
     <span class='ocr_line' id='line_1_39' title="bbox 227 4379 1539 4464; baseline 0.002 -19"><span class='ocrx_word' id='word_1_371' title='bbox 227 4379 400 4445; x_wconf 86' lang='lat' dir='ltr'>desertum</span> <span class='ocrx_word' id='word_1_372' title='bbox 421 4379 485 4445; x_wconf 89' lang='lat' dir='ltr'>iter</span> <span class='ocrx_word' id='word_1_373' title='bbox 509 4388 765 4447; x_wconf 87' lang='lat' dir='ltr'>commemorat.</span> <span class='ocrx_word' id='word_1_374' title='bbox 793 4380 867 4447; x_wconf 78' lang='lat' dir='ltr'>Alia</span> <span class='ocrx_word' id='word_1_375' title='bbox 897 4381 1009 4448; x_wconf 89' lang='lat' dir='ltr'>minus</span> <span class='ocrx_word' id='word_1_376' title='bbox 1031 4382 1161 4464; x_wconf 70' lang='lat' dir='ltr'>gravia,</span> <span class='ocrx_word' id='word_1_377' title='bbox 1187 4383 1317 4449; x_wconf 84' lang='lat' dir='ltr'>cladem</span> <span class='ocrx_word' id='word_1_378' title='bbox 1343 4382 1468 4450; x_wconf 84' lang='lat' dir='ltr'>Seboni</span> <span class='ocrx_word' id='word_1_379' title='bbox 1487 4382 1539 4448; x_wconf 93' lang='lat' dir='ltr'>in·</span> 
     </span>
     <span class='ocr_line' id='line_1_40' title="bbox 228 4485 1540 4580; baseline 0.002 -27"><span class='ocrx_word' id='word_1_380' title='bbox 228 4487 354 4553; x_wconf 86' lang='lat' dir='ltr'>lliclam</span> <span class='ocrx_word' id='word_1_381' title='bbox 369 4492 432 4553; x_wconf 87' lang='lat' dir='ltr'>etc.</span> <span class='ocrx_word' id='word_1_382' title='bbox 449 4485 568 4552; x_wconf 84' lang='lat' dir='ltr'>reticet</span> <span class='ocrx_word' id='word_1_383' title='bbox 582 4494 685 4569; x_wconf 61' lang='lat' dir='ltr'>vates</span> <span class='ocrx_word' id='word_1_384' title='bbox 702 4495 804 4577; x_wconf 89' lang='lat' dir='ltr'>atque</span> <span class='ocrx_word' id='word_1_385' title='bbox 819 4487 910 4553; x_wconf 89' lang='lat' dir='ltr'>illico</span> <span class='ocrx_word' id='word_1_386' title='bbox 927 4490 1048 4554; x_wconf 84' lang='lat' dir='ltr'>transit</span> <span class='ocrx_word' id='word_1_387' title='bbox 1063 4512 1094 4555; x_wconf 84' lang='lat' dir='ltr'>v.</span> <span class='ocrx_word' id='word_1_388' title='bbox 1117 4497 1133 4557; x_wconf 79' lang='lat' dir='ltr'>t</span> <span class='ocrx_word' id='word_1_389' title='bbox 1151 4513 1202 4580; x_wconf 89' lang='lat' dir='ltr'>sq.</span> <span class='ocrx_word' id='word_1_390' title='bbox 1217 4490 1260 4556; x_wconf 89' lang='lat' dir='ltr'>ad</span> <span class='ocrx_word' id='word_1_391' title='bbox 1275 4489 1540 4556; x_wconf 86' lang='lat' dir='ltr'>describendam</span> 
     </span>
     <span class='ocr_line' id='line_1_41' title="bbox 229 4594 1537 4680; baseline 0.002 -21"><span class='ocrx_word' id='word_1_392' title='bbox 229 4599 304 4680; x_wconf 88' lang='lat' dir='ltr'>post</span> <span class='ocrx_word' id='word_1_393' title='bbox 327 4594 519 4659; x_wconf 83' lang='lat' dir='ltr'>restitutum</span> <span class='ocrx_word' id='word_1_394' title='bbox 548 4595 692 4661; x_wconf 75' lang='lat' dir='ltr'>lladcsae</span> <span class='ocrx_word' id='word_1_395' title='bbox 719 4594 838 4661; x_wconf 87' lang='lat' dir='ltr'>loedus</span> <span class='ocrx_word' id='word_1_396' title='bbox 860 4596 991 4661; x_wconf 87' lang='lat' dir='ltr'>lsraelis</span> <span class='ocrx_word' id='word_1_397' title='bbox 1016 4597 1060 4661; x_wconf 90' lang='lat' dir='ltr'>ad</span> <span class='ocrx_word' id='word_1_398' title='bbox 1085 4597 1211 4663; x_wconf 85' lang='lat' dir='ltr'>lalrvon</span> <span class='ocrx_word' id='word_1_399' title='bbox 1230 4596 1430 4663; x_wconf 83' lang='lat' dir='ltr'>relationem</span> <span class='ocrx_word' id='word_1_400' title='bbox 1455 4617 1462 4663; x_wconf 91' lang='lat'>:</span> <span class='ocrx_word' id='word_1_401' title='bbox 1491 4619 1537 4664; x_wconf 89' lang='lat' dir='ltr'>sc.</span> 
     </span>
     <span class='ocr_line' id='line_1_42' title="bbox 229 4698 1539 4791; baseline 0.006 -29"><span class='ocrx_word' id='word_1_402' title='bbox 229 4698 296 4765; x_wconf 91' lang='lat' dir='ltr'>duo</span> <span class='ocrx_word' id='word_1_403' title='bbox 317 4699 527 4789; x_wconf 86' lang='lat' dir='ltr'>polissiuuun</span> <span class='ocrx_word' id='word_1_404' title='bbox 551 4702 783 4768; x_wconf 85' lang='lat' dir='ltr'>emolumenta</span> <span class='ocrx_word' id='word_1_405' title='bbox 805 4701 918 4768; x_wconf 84' lang='lat' dir='ltr'>israeli</span> <span class='ocrx_word' id='word_1_406' title='bbox 943 4701 1089 4768; x_wconf 85' lang='lat' dir='ltr'>contulit</span> <span class='ocrx_word' id='word_1_407' title='bbox 1114 4704 1227 4783; x_wconf 69' lang='lat' dir='ltr'>labae,</span> <span class='ocrx_word' id='word_1_408' title='bbox 1246 4726 1264 4768; x_wconf 88' lang='lat' dir='ltr'>e</span> <span class='ocrx_word' id='word_1_409' title='bbox 1280 4703 1405 4791; x_wconf 89' lang='lat' dir='ltr'>quibus</span> <span class='ocrx_word' id='word_1_410' title='bbox 1424 4725 1539 4770; x_wconf 90' lang='lat' dir='ltr'>consc-</span> 
     </span>
    </p>
   </div>
   <div class='ocr_carea' id='block_1_3' title="bbox 0 0 1700 5346">
    <p class='ocr_par' dir='ltr' id='par_1_5' title="bbox 0 0 1700 5346">
     <span class='ocr_line' id='line_1_43' title="bbox 0 0 1700 5346; baseline 0 0"><span class='ocrx_word' id='word_1_411' title='bbox 0 0 1700 5346; x_wconf 95' lang='lat' dir='ltr'> </span> 
     </span>
    </p>
   </div>
  </div>
 </body>
</html>
