3366 5346
591 352 690 396 ruona
712 350 865 397 acariosx
887 354 994 397 anoux.
1391 338 1446 397 101

139 488 320 577 phalarum
336 487 442 566 vivus,
456 487 516 576 qui
531 486 768 575 explicaretur,
784 492 960 566 cresceret,
974 490 1177 553 mutaretur.
1192 485 1283 552 Sicut
1298 486 1446 574 partium

139 595 262 661 Esdrae
284 617 353 660 non
373 599 446 659 erat
464 592 570 659 verba
591 598 685 660 losuc
707 599 766 659 aut
780 593 1027 661 collectaneum
1042 592 1206 660 Samuelis
1226 614 1243 658 e
1266 592 1367 657 thora
1387 592 1443 657 eli·

139 701 279 779 minare,
302 700 349 767 ita
367 721 480 788 neque
499 698 571 766 eius
589 698 740 789 partium
760 705 833 765 crat
852 700 981 766 librum
1003 699 1206 789 bipartitum
1225 705 1285 765 aut
1304 699 1447 765 Genesin

138 829 346 896 expungere,
364 805 552 873 dummodo
571 811 742 872 constaret
757 828 796 871 ea
813 828 883 872 esse
898 805 1050 892 genuina
1064 809 1191 895 scripta
1205 827 1312 873 sacra.

182 913 287 996 Dices,
304 915 353 981 ita
371 913 493 980 saltem
515 912 607 1002 apud
630 912 773 980 ludaeos
794 913 1011 979 obscuratam
1031 934 1101 979 esse
1123 912 1296 979 notionem
1312 912 1447 989 thorae,

137 1021 333 1110 impositum
349 1019 419 1085 illis
435 1041 505 1086 csse
526 1024 608 1086 teste
625 1024 657 1086 S.
679 1024 777 1086 Petro
799 1042 885 1086 onus
902 1018 1134 1101 intolerabile,
1154 1018 1248 1109 quod
1268 1018 1447 1085 nunciam

139 1126 377 1214 obligarentur
396 1126 432 1192 ri
446 1125 598 1213 foederis
618 1126 798 1193 observare
817 1125 980 1214 plurima,
998 1147 1086 1214 quac
1104 1130 1206 1192 antea
1224 1147 1294 1192 uon
1313 1126 1448 1192 fuerant

138 1255 216 1323 pars
238 1233 474 1300 conditionum
500 1231 659 1299 foederis.
678 1232 715 1299 ld
740 1232 901 1313 concedo,
924 1232 985 1298 sed
1007 1232 1207 1320 providente
1230 1237 1297 1298 Deo
1317 1231 1445 1297 factum

138 1361 208 1406 esse
223 1339 314 1406 infra
329 1338 519 1419 ostendam,
537 1362 606 1430 quo
621 1341 677 1404 via
690 1338 783 1428 apud
803 1338 944 1406 ludaeos
964 1344 1144 1428 pararetur
1162 1360 1249 1406 novo
1268 1336 1400 1405 foederi
1415 1343 1448 1403 et

137 1447 291 1513 messiae.

183 1560 235 1620 17.
258 1556 375 1620 Tuonx
398 1558 575 1620 anxcous
599 1574 721 1619 aaoux.
744 1592 788 1601 -
806 1558 936 1619 aevum
954 1550 1053 1634 illud,
1072 1552 1166 1642 quod
1184 1551 1337 1642 proxime
1352 1573 1449 1617 exce·

138 1660 188 1748 pit
212 1659 418 1726 destructam
442 1681 460 1725 a
485 1656 663 1726 Chaldaeis
687 1658 889 1741 Ierusalem,
912 1663 1126 1749 compertum
1149 1657 1318 1726 habemus
1346 1656 1447 1723 fuisse

136 1764 249 1831 studio
265 1787 439 1832 sacrorum
454 1764 620 1831 librorum
637 1763 741 1854 plane
758 1764 995 1854 conspicuum.
1013 1765 1129 1832 ludaei
1149 1770 1222 1832 tum
1238 1763 1446 1851 Babylonem

138 1871 268 1938 devecti
288 1871 430 1960 plurimi
451 1876 548 1938 erant
564 1871 600 1937 in
622 1871 824 1957 colligendis
839 1878 873 1938 et
894 1870 1112 1939 restituendis
1128 1870 1315 1961 scripturis.
1336 1869 1449 1936 Palla-

137 1977 234 2043 dium
258 1979 370 2064 gentis
391 1977 461 2044 iam
481 1977 675 2045 habebatur
693 1979 792 2044 thora
810 1978 940 2065 Moysis,
958 1979 982 2046 i.
1002 2001 1032 2044 e.
1055 1978 1314 2065 pentateuchus.
1338 1980 1448 2062 Reges

136 2085 246 2172 iniqui
261 2083 430 2173 persecuti
444 2089 540 2150 erant
553 2085 708 2168 thoram;
724 2084 896 2151 destructo
909 2106 1017 2172 reguo
1031 2084 1122 2151 iuter
1134 2084 1264 2151 exsules
1276 2082 1447 2171 Babylone

136 2190 299 2277 degentes
323 2191 446 2257 revixit
465 2189 634 2258 librorum
658 2212 834 2257 sacrorum
859 2198 893 2258 et
910 2190 1080 2280 imprimis
1101 2190 1222 2257 thorae
1240 2189 1392 2257 studium
1413 2195 1446 2255 et

134 2317 241 2363 amor.
265 2300 326 2362 Por
342 2296 537 2383 neglectum
557 2297 676 2364 thorae
695 2296 871 2363 interierat
890 2319 1038 2385 regnum
1057 2320 1064 2366 :
1087 2319 1149 2386 per
1166 2296 1390 2364 reverentiam
1414 2304 1448 2361 et

136 2401 409 2469 observationem
435 2404 557 2469 thorae
582 2402 800 2493 impetranda
823 2403 892 2469 iam
918 2410 991 2470 erat
1019 2403 1186 2471 restitutio
1213 2405 1312 2490 regni
1337 2403 1442 2488 longe

135 2508 328 2595 gloriosior,
348 2530 495 2595 regnum
518 2509 770 2576 messiauicum.
792 2513 898 2587 Quam
923 2510 1077 2591 thoram,
1101 2510 1275 2597 Babylone
1299 2509 1444 2596 degens,

136 2616 334 2705 eloquenter
351 2614 502 2682 celebrat
522 2617 657 2681 Baruch
677 2616 847 2705 propheta
866 2622 1004 2695 aaut.
1025 2616 1087 2682 Ubi
1107 2616 1256 2704 primum
1278 2614 1444 2680 martileio

136 2720 226 2788 citae
240 2721 357 2789 Israeli
376 2721 501 2788 tradita
514 2721 664 2788 affirmat
679 2743 749 2788 esse
764 2720 955 2788 doctrinam
970 2721 1178 2812 sapientiae;
1193 2743 1338 2810 quorum
1354 2743 1448 2786 man·

135 2827 291 2895 datorum
306 2828 483 2915 neglectus
496 2850 596 2894 causa
610 2827 664 2909 sit,
680 2851 741 2894 cur
754 2828 856 2894 lsrael
875 2827 966 2895 inter
980 2828 1138 2894 inimicos
1152 2827 1282 2894 exsulat
1292 2828 1314 2893 ¹.

136 3027 161 3087 3,
183 3029 198 3078 9
214 3028 296 3081 Audi.
314 3028 400 3079 Israel
415 3028 544 3077 mandata
557 3029 640 3087 citae,
656 3055 692 3065 -
705 3028 833 3078 ausculta
847 3028 1172 3103 doctriacmuscpientc'ae.

169 3117 199 3166 10
216 3116 290 3176 Quid
305 3116 409 3167 iactum
427 3122 470 3167 est
484 3116 592 3177 Israeli,
610 3143 646 3153 -
667 3119 696 3167 et
714 3130 762 3167 cur
783 3120 911 3167 versatur
933 3119 962 3166 in
986 3123 1060 3167 terra
1085 3117 1272 3175 inimieorum,
1286 3115 1394 3178 deperit
1418 3117 1447 3165 tn

215 3212 290 3255 terra
301 3206 403 3266 aliena,
418 3232 454 3242 -
475 3211 504 3256 et
517 3218 580 3255 oum
594 3208 712 3256 mortuis
726 3205 939 3269 coinquinatur?

167 3294 196 3343 11
215 3293 271 3344 Cur
282 3295 383 3344 similis
397 3293 486 3345 iactus
499 3302 541 3345 est
560 3293 794 3346 descendentibus
808 3296 836 3343 in
856 3294 1009 3355 infernum,
1026 3321 1061 3331 -
1075 3307 1103 3345 r.
1123 3294 1153 3343 12
1169 3302 1197 3345 ct
1216 3294 1364 3358 dereliquit
1379 3293 1446 3344 fon·

216 3388 273 3432 tam
284 3382 376 3433 ritae?
501 3438 505 3448 ⁸

167 3472 198 3521 13
215 3470 245 3520 Si
259 3471 431 3522 ambulasses
445 3474 474 3520 in
488 3473 541 3521 viis
555 3471 651 3532 Iatrvc,
665 3498 701 3507 -
715 3485 812 3535 pacem
827 3473 984 3522 invenisses
998 3477 1172 3534 perpetuam.

168 3559 198 3609 11
215 3561 310 3613 Disce.
322 3560 370 3609 ubl
383 3562 539 3622 reperiatur
552 3562 698 3625 sapientia,
713 3588 748 3597 -
762 3559 810 3609 ubi
825 3562 919 3615 robur.
935 3568 963 3610 ct
978 3561 1025 3609 uhi
1039 3560 1200 3623 prudentia,
1218 3561 1263 3609 ubi
1282 3561 1439 3612 intellectus

217 3652 244 3697 et
258 3649 453 3712 longiturnitas
463 3649 546 3707 ritae,
562 3675 598 3687 -
610 3650 657 3698 uhi
669 3650 837 3699 illuminatio
852 3650 996 3700 oculorum
1010 3652 1038 3698 ot
1053 3647 1180 3698 felicitas

180 3812 341 3879 Describit
355 3835 458 3901 porro
472 3812 617 3889 Baruch,
633 3814 783 3901 reliquas
797 3820 916 3899 gentes
930 3812 1104 3899 ignorasse
1117 3814 1205 3880 hauc
1222 3816 1439 3903 sapientiam.

134 3940 238 4008 (luam
258 3924 342 3986 Deus
361 3918 438 3985 unis
453 3919 610 3984 israelitis
627 3921 839 3986 concesserit.
857 3924 926 3996 Qua
946 3920 983 3985 iu
1002 3942 1038 3986 re
1058 3928 1193 3987 secutus
1214 3944 1285 3987 csso
1308 3921 1444 3985 videtur

133 4025 265 4091 Baruch
277 4025 470 4114 exemplum
483 4025 667 4115 antiquius,
681 4026 868 4115 sapientiae
881 4026 999 4093 laudes
1012 4027 1071 4093 lob
1085 4034 1143 4105 28,
1158 4029 1218 4116 qui
1230 4027 1441 4107 affirmabat,

132 4132 333 4221 sapientiam
359 4134 401 4199 dc
425 4155 459 4198 se
484 4154 553 4197 esse
581 4131 778 4199 hominibus
803 4132 1025 4223 imperviam,
1052 4134 1115 4199 soli
1140 4139 1204 4199 Deo
1228 4140 1357 4216 notam,
1382 4137 1441 4223 qui

133 4260 209 4304 eam
234 4239 431 4305 hominibus
453 4238 654 4304 revelaverit
677 4262 817 4306 mouens
839 4262 846 4307 ε
872 4271 886 4299 «
909 4246 990 4307 Ecce
1012 4239 1114 4306 timor
1137 4241 1271 4306 Domini
1299 4243 1370 4330 ipsc
1395 4246 1444 4307 cst

132 4346 313 4434 sapientia,
330 4352 363 4412 et
379 4346 537 4412 recedere
553 4370 571 4411 a
587 4346 677 4412 malo
689 4346 933 4433 intelligentia.
947 4347 1110 4415 Similiter
1124 4348 1256 4414 Baruch
1267 4348 1438 4431 describit,

167 4529 188 4572 1.
207 4526 315 4573 Tritum
335 4537 452 4585 graecum
467 4538 496 4572 cu
504 4540 525 4573 ,11
539 4525 653 4574 versione
665 4523 806 4587 aeilriopiea
816 4525 973 4587 compararit
988 4527 1009 4574 i.
1028 4527 1056 4573 li'.
1072 4527 1180 4575 Zenucr
1196 4530 1220 4576 S.
1236 4528 1255 4575 i.
1276 4543 1281 4573 ε
1299 4521 1443 4573 zeitschrift

132 4602 175 4653 fiir
190 4604 265 4653 liallr.
280 4603 421 4665 Tlreologic.
440 4603 579 4653 lunsbruck
601 4610 668 4659 1397,
685 4606 748 4667 xxi,
765 4609 810 4653 555
826 4618 881 4668 sqq.
898 4608 968 4662 Quae
983 4606 1067 4655 versio
1087 4610 1185 4656 textum
1200 4606 1276 4654 babet
1297 4606 1321 4652 in
1336 4601 1443 4664 quibus-

132 4683 395 4733 11111111111111111111111
411 4688 435 4731 et
451 4683 555 4733 fortasse
572 4684 705 4733 veriorem.
721 4699 746 4734 v.
760 4688 788 4734 37
801 4686 933 4748 aethiops:
948 4688 973 4733 ci
989 4685 1063 4745 sarto
1079 4689 1118 4735 est
1132 4689 1202 4734 sicut
1216 4684 1303 4737 ltonw,
1318 4704 1329 4724 «ι
1346 4682 1377 4730 dc
1389 4694 1441 4743 quo

132 4763 217 4813 dicere
233 4777 369 4827 possumus
384 4781 390 4811 :
407 4762 444 4810 lbi
456 4760 562 4819 habitat,
578 4763 624 4811 hac
638 4765 680 4812 ria
694 4778 753 4813 eum
768 4765 910 4827 assequeris
925 4784 938 4808 11
954 4764 1093 4825 (21111111).
