3366 5346
645 317 732 361 onor.
758 301 851 371 33,iii
872 316 934 366 suo.
1383 304 1441 360 iiiii

131 475 145 505 u
166 462 198 514 ct
212 449 446 516 holocaustum
465 473 566 540 super
579 450 690 517 altore
708 464 803 516 turuu
823 478 852 515 r.
871 448 1048 515 Concludit
1064 447 1256 515 benedictio
1269 443 1458 540 appellato

130 579 263 622 rursum
285 556 424 623 nominc
437 557 539 622 lahve
560 580 567 625 :
597 578 629 624 v.
656 564 728 623 11«
753 555 913 636 Berredic,
928 555 1083 634 Doriciue,
1103 555 1308 643 fortitudini
1320 557 1393 623 eius
1409 586 1439 625 ».

130 663 194 728 Sed
214 663 326 751 potins
351 684 428 728 cum
459 661 579 728 stata.
606 669 699 730 verte
716 661 924 753 possessioni
945 661 1019 727 cius
1047 661 1104 749 (oi.
1128 666 1210 729 Gen.
1236 669 1356 745 3'4,29;
1382 665 1441 730 iob

130 774 247 849 20,15;
264 774 359 835 Dent.
381 776 461 850 s,17
477 791 549 858 sq.;
573 769 663 835 Ruth
680 775 770 851 t,ii;
794 776 891 836 Pror.
910 772 1039 852 3i,iti);
1058 768 1320 858 prosperitatem
1336 769 1440 837 etiam

77 892 80 897 ·
130 897 233 964 opum
254 881 460 965 apprecatur
480 876 611 956 Levitis,
637 899 783 964 quorum
801 896 883 965 opes
905 897 984 942 cum
1008 874 1179 964 imprimis
1200 880 1355 942 constent
1373 876 1442 965 pri-

129 980 235 1047 mitiis
258 989 291 1046 et
314 980 466 1061 decimis,
492 1004 562 1048 non
586 988 744 1071 poterant
764 1005 823 1049 eae
842 982 980 1062 florere,
999 981 1062 1047 nisi
1081 982 1182 1047 simul
1203 981 1306 1048 totius
1321 982 1442 1072 populi

128 1088 288 1153 florerent
308 1110 372 1154 res,
397 1116 413 1150 «
435 1091 480 1154 Et
500 1110 603 1178 opera
623 1110 789 1155 muncrum
814 1088 909 1154 illius
928 1088 1060 1177 suscipe
1075 1117 1111 1167 »‚
1129 1110 1234 1177 opera
1247 1087 1368 1154 cultus.
1384 1092 1443 1155 Se·

130 1193 248 1282 quitur
270 1193 519 1262 benedictionis
549 1216 627 1284 pars
657 1197 818 1283 negativa
846 1215 852 1260 :
884 1222 899 1255 a
925 1198 1068 1260 Pcrcute
1095 1193 1195 1260 (torsa
1224 1194 1442 1261 iuiuu'corum

130 1300 201 1365 cius
223 1329 238 1361 υ
254 1340 295 1349 -
310 1303 412 1368 chr.
434 1325 440 1368 :
459 1301 739 1390 cousurpeutium
756 1302 791 1367 in
805 1324 895 1382 cirris,
916 1301 1005 1367 ludit
1024 1323 1102 1368 oum
1122 1307 1285 1390 sequente
1301 1323 1442 1368 corurrr·

127 1419 212 1494 posit
231 1447 274 1456 -
296 1436 311 1469 «
335 1420 380 1489 et,
400 1407 461 1497 qui
482 1406 626 1474 oderunt
640 1431 735 1488 curri,
752 1430 820 1474 uon
835 1419 1044 1496 coresurpuut
1061 1437 1091 1475 ».
1118 1410 1218 1473 Hebr.
1238 1420 1293 1473 :et
1308 1429 1440 1474 osorum

129 1513 214 1595 circs,
238 1514 287 1579 itu
307 1527 342 1580 ut
357 1537 427 1580 non
448 1528 668 1603 consurpoui.
694 1516 793 1582 Cuius
809 1537 893 1581 coro
908 1514 1119 1596 vulneratur,
1140 1515 1169 1580 is
1182 1535 1358 1600 assurgere
1382 1534 1442 1580 ne·

129 1620 215 1707 quii.

673 1791 800 1836 Beniamin
818 1805 841 1838 v.
862 1792 897 1836 12.

128 1965 154 1999 r.
176 1951 205 2000 ii
221 1951 320 2001 iianus
337 1966 342 1999 :
361 1964 459 2002 manus
480 1953 566 2002 Iahrc
581 1979 616 1988 -
634 1955 791 2015 requiescat
813 1965 909 2001 secure
929 1965 1013 2014 super
1032 1953 1133 2015 ipsum.

218 2040 383 2103 impendens
405 2042 428 2090 si
445 2043 503 2091 tota
516 2040 569 2099 dic,
585 2068 619 2076 -
635 2043 707 2092 inter
722 2041 854 2091 inuneros
869 2042 930 2089 eius
944 2042 1079 2104 quiescat.

173 2234 256 2320 rirp.
276 2231 545 2309 —·Beniamino,
567 2231 628 2320 qui
643 2231 723 2297 forti
739 2253 844 2298 rrrouu
860 2232 978 2319 Moysis
992 2237 1108 2320 partes
1122 2231 1228 2297 tuitus
1241 2235 1301 2308 est,
1319 2253 1442 2321 appre-

128 2343 223 2404 catur
242 2344 347 2415 vates,
366 2343 402 2403 ut
418 2360 523 2403 rrcouu
539 2337 641 2404 lahve
655 2343 850 2404 constanter
870 2342 1084 2426 protegatur.

173 2436 209 2507 ri
232 2451 271 2508 ie
295 2472 311 2504 α
336 2445 381 2508 Et
401 2443 583 2510 Beniamin
604 2443 655 2509 uit
680 2463 688 2509 ι
714 2443 977 2509 Arrrarrrissimus
993 2443 1132 2509 Douriui
1147 2442 1316 2510 habitabit
1333 2445 1441 2533 coasi-

129 2548 257 2631 dentcr,
281 2550 317 2613 in
333 2570 370 2613 eo
387 2548 499 2637 [quiesi
512 2549 549 2613 c'u
565 2548 730 2634 thalamo]
748 2561 820 2614 totu
844 2549 899 2614 die
919 2549 1120 2629 morabitur,
1134 2562 1166 2614 et
1181 2550 1270 2614 iuter
1284 2550 1441 2616 brrurcros

130 2653 226 2720 illius
241 2655 427 2743 requiescet
446 2681 475 2720 s.

162 2869 226 2941 uzu
242 2857 304 2919 ἅπαξ
317 2858 466 2928 λεγόμενον.
489 2861 559 2913 Cum
578 2862 653 2924 Vuip.
676 2862 762 2925 (quusi
782 2864 812 2911 iu
833 2863 953 2911 thalamo
972 2861 1130 2927 morabitur)
1147 2840 1285 2914 consentit
1305 2866 1353 2925 Aq.
1376 2879 1441 2913 πασ-

127 2949 214 3010 circen
235 2963 298 2999 curn
320 2951 384 3000 tir
406 2947 520 3012 inridier)
543 2953 722 3002 consentiunt
746 2952 841 3000 Theou.
863 2948 988 3012 σκεπᾶσει,
1016 2951 1111 3002 Chald.
1134 2953 1185 3000 crit
1204 2953 1352 3015 protectio,
1376 2955 1437 3014 sps.

126 3047 200 3123 epp:
219 3046 313 3119 aqui,
331 3039 399 3102 ferri
412 3053 505 3108 supro,
520 3040 671 3103 impendere
687 3040 732 3104 ian
747 3040 815 3090 torte
831 3042 953 3102 genuina
972 3035 1055 3090 lectio
1068 3048 1127 3124 qm
1140 3053 1191 3103 pro
1204 3037 1311 3121 quiri).
1326 3040 1439 3091 t'ersio.

127 3141 178 3178 nes
193 3129 280 3192 igitur
295 3129 357 3178 roci
374 3126 611 3191 significationem
628 3128 752 3178 tribuunt
768 3128 824 3179 iere
839 3141 1023 3192 synonymum
1037 3129 1115 3179 rerhi
1131 3133 1200 3211 put.
1215 3154 1251 3165 ·-
1266 3129 1343 3178 Varii
1363 3128 1440 3179 codi-

126 3229 173 3266 ces
187 3217 301 3267 hebraei
313 3217 608 3268 omittuntsecundum
621 3197 696 3276 iiim
714 3217 816 3268 habent
833 3217 901 3267 iliud
916 3217 1027 3281 quidem
1045 3219 1137 3268 textus
1149 3220 1252 3281 recepti
1267 3231 1376 3276 omnes,
1391 3217 1440 3268 seii

127 3306 203 3367 prius
217 3286 279 3361 ’,ἦῖ
294 3307 425 3367 ignorant
439 3309 512 3355 Sam.
527 3308 601 3367 Spa,
620 3307 683 3354 LIX
698 3320 795 3368 proco
812 3307 971 3367 legentibus
989 3307 1028 3354 uti
1043 3306 1208 3355 crediderim
1227 3287 1309 3385 3¹:53.
1327 3332 1362 3342 -
1377 3307 1439 3353 Non
1500 3310 1504 3315 '

126 3392 217 3440 ierem
237 3392 429 3441 ‹litlicultatem
450 3393 514 3441 iacit
536 3394 638 3449 textus,
653 3393 676 3440 si
698 3405 732 3440 co
756 3405 840 3440 sensu
860 3394 1093 3453 summarorium
1113 3392 1209 3439 ituror.
1231 3391 1389 3441 indicavere
1414 3394 1441 3440 et

127 3481 272 3529 versiones
287 3491 463 3541 expressere.

166 3568 188 3616 t.
205 3567 267 3616 Non
287 3568 463 3631 perspicitur,
480 3580 529 3617 eur
549 3568 695 3617 Beniamin
718 3563 771 3615 κατ’
792 3563 881 3631 ἐξοχήν
897 3567 1004 3616 ‹licaiur
1027 3566 1138 3615 dilectus
1160 3569 1250 3619 tutior.
1266 3570 1350 3618 etiarn
1374 3580 1440 3630 prae

126 3656 204 3714 Lcri,
225 3655 292 3705 luda
308 3660 336 3704 et
351 3656 462 3717 Ioseph.
480 3656 604 3718 Exiguos
620 3656 707 3704 trihus
723 3668 854 3705 nutrieros
874 3657 912 3703 ait
928 3656 984 3707 Dr..
1002 3656 1084 3704 simui
1103 3669 1164 3704 eum
1183 3657 1317 3705 memoria
1331 3655 1440 3718 praedi·
1506 3654 1510 3663 ’

126 3745 253 3794 lectionis
265 3743 357 3794 iacobi
371 3744 545 3805 patriarchae
561 3756 629 3804 erga
642 3744 847 3801 Beniaminurn,
866 3744 893 3791 in
909 3755 994 3792 causa
1009 3742 1104 3800 tuisse,
1122 3757 1172 3794 cur
1184 3743 1212 3792 h.
1229 3743 1248 3792 i.
1266 3746 1354 3794 tribus
1369 3746 1440 3795 Ben-

125 3835 211 3882 iamin
231 3833 333 3882 blando
350 3833 461 3881 nornine
478 3837 547 3885 iiiiii
562 3839 625 3885 'tt'it
641 3830 807 3895 appelletur.
828 3831 933 3880 Vernus
954 3833 982 3879 in
1004 3831 1127 3881 secunda
1143 3834 1335 3883 numeratione
1352 3833 1436 3882 Num.

85 3988 90 3993 -
126 3922 160 3970 rs
176 3924 277 3984 reperti
292 3923 357 3970 sunt
373 3920 515 3982 Ephraim,
532 3920 640 3976 liuhan,
657 3918 780 3975 Simeon,
796 3919 865 3976 Gari,
885 3919 1037 3981 Nephthali
1053 3922 1177 3970 numeris
1192 3919 1357 3970 infirmiores
1376 3934 1438 3970 esse

124 4023 207 4072 quam
225 4009 381 4059 Beniamin.
402 4009 532 4059 Numeris
550 4008 665 4057 interior
682 4010 819 4069 imprimis
841 4016 901 4057 erat
923 4009 1008 4057 eiiam
1029 4007 1106 4058 Lori.
1125 4009 1188 4058 Non
1207 4008 1270 4058 ideo
1290 4009 1377 4059 tribus
1396 4008 1439 4059 di-

125 4097 214 4148 ccnda
232 4104 274 4148 cst
297 4097 408 4146 dilectus
428 4098 518 4155 tutare,
535 4099 602 4160 quia
624 4098 786 4159 progenitor
809 4098 913 4146 exstitit
940 4096 1057 4146 dilectus
1080 4097 1176 4155 iacoh;
1194 4096 1319 4147 dilectior
1341 4097 1442 4149 Iacobo

126 4187 227 4249 ioseph
243 4199 309 4249 prae
324 4187 480 4235 Beniamin.
501 4186 653 4235 Penitusnc
671 4199 685 4234 e
703 4189 795 4235 ruente
814 4187 903 4234 nostri
922 4187 994 4234 vatis
1013 4187 1127 4235 evanuit
1143 4185 1221 4249 iupus
1234 4185 1290 4244 iiie.
1308 4187 1352 4236 cui
1367 4187 1438 4238 Gen.

125 4273 205 4334 itini
223 4276 369 4324 Beniamin
384 4274 616 4335 comparabatur?
628 4273 657 4324 Si
670 4273 773 4322 dixeris
788 4274 920 4323 dilectum
936 4275 1029 4323 vocari
1046 4274 1203 4329 Beniamin,
1218 4273 1292 4337 quod
1304 4275 1440 4339 templum

126 4364 302 4422 postmodum
325 4364 397 4412 intra
421 4363 481 4412 eius
503 4362 573 4412 lines
597 4363 772 4412 certificatum
786 4363 822 4411 sit
837 4344 932 4425 (Cois,
948 4361 1102 4424 respondes
1122 4363 1160 4415 iri.
1182 4362 1284 4427 quode
1299 4377 1437 4427 perpenso

126 4451 185 4498 toto
207 4462 267 4513 cap.
297 4452 328 4500 ‘2³
355 4452 478 4511 elicitur,
500 4451 605 4500 nullam
627 4464 728 4501 noram
758 4451 933 4512 prophetiam
954 4452 1079 4499 nostrum
1100 4458 1193 4502 ratem
1213 4452 1309 4508 edere,
1330 4452 1438 4513 priores

127 4538 289 4600 prophetias
304 4539 472 4602 qirandoque
487 4541 622 4603 repetere,
647 4539 696 4588 sed
714 4543 803 4587 totum
820 4540 847 4586 in
872 4551 905 4588 co
922 4550 994 4599 esse,
1012 4541 1041 4589 ut
1060 4539 1268 4591 benedictiones
1282 4550 1332 4599 pro
1347 4537 1439 4588 iuturo

127 4627 296 4688 apprecatur

163 4715 187 4764 2.
208 4715 237 4764 Si
257 4717 409 4778 accipiatur
427 4718 520 4766 versio
541 4716 653 4766 ditectus
676 4717 765 4773 iohrc,
783 4718 953 4767 constructio
972 4729 998 4765 r.
1019 4716 1050 4765 i‘t
1066 4716 1095 4764 iit
1119 4715 1203 4777 piano
1226 4715 1353 4765 obscura.
1368 4721 1439 4802 proi
