3366 5346
344 1281 372 1340 1.
399 1276 499 1339 16666
523 1272 594 1365 <lue
618 1271 926 1363 (repeteremus.
955 1279 1056 1352 31,1t
1082 1297 1132 1363 sq.
1161 1280 1215 1340 23.

167 1575 251 1661 rtrq.
279 1612 321 1620 -
345 1573 457 1651 lahve,
483 1573 587 1658 Moysi
614 1571 854 1638 imminentem
883 1576 1028 1638 mortem
1053 1571 1225 1649 indicens,
1249 1592 1328 1636 eum
1359 1594 1437 1638 cum

124 1683 219 1745 losue
235 1678 276 1744 ad
297 1677 560 1744 tabernaculum
581 1677 733 1759 accersit,
752 1683 870 1744 Iosuen
889 1678 1013 1744 ducem
1032 1676 1192 1767 deputat,
1210 1683 1243 1743 et
1257 1677 1349 1744 hono
1365 1700 1438 1744 esse

124 1786 239 1852 animo
254 1785 349 1852 iubet
369 1787 405 1850 in
420 1785 558 1871 negotio
574 1790 685 1852 terrae
701 1790 837 1852 sanetae
856 1783 1080 1871 subigendae.

170 1892 262 1968 Quod
290 1892 325 1958 h.
352 1891 376 1956 1.
403 1897 575 1972 narratur,
598 1891 726 1979 partim
751 1890 844 1956 idem
870 1897 920 1957 est
943 1913 1021 1956 cum
1048 1895 1171 1957 eventu
1190 1913 1223 1957 v.
1251 1899 1271 1956 7
1295 1913 1345 1980 sq.
1378 1891 1435 1979 (61.

124 2019 159 2086 p.
178 1997 268 2085 190).
287 2002 384 2063 Estne
399 1997 501 2063 etiam
516 1996 610 2063 idem
626 2018 702 2062 eum
717 2002 840 2063 eventu
857 2001 957 2064 Num.
976 1996 1230 2076 6615666111
1247 1997 1331 2062 item
1346 2019 1378 2062 v.
1397 2003 1439 2062 20

126 2103 209 2192 (19),
229 2104 279 2170 611
302 2103 337 2168 h.
362 2103 386 2169 l.
414 2127 444 2168 v.
472 2109 524 2170 11.
553 2102 946 2183 1316161666661616
974 2117 1040 2184 ais,
1065 2103 1253 2190 deputare?
1273 2104 1322 2173 Gi.
1351 2125 1439 2191 quae

122 2233 156 2299 p.
176 2216 217 2275 92
232 2232 307 2300 sqq.
321 2210 603 2296 suggerebamus,
619 2213 718 2275 Num.
737 2216 777 2274 27
795 2208 967 2289 excidisse,
983 2230 1086 2297 quam
1103 2213 1231 2296 Moyses
1246 2216 1320 2275 tum
1331 2211 1438 2298 petie-

124 2315 168 2382 rit
184 2323 216 2381 et
235 2316 336 2382 lehre
352 2317 566 2396 6666666661,
580 2316 837 2404 permissionem
852 2314 1003 2402 foederis*
1013 2314 1211 2381 solemniter
1222 2315 1436 2398 restituendi,

125 2420 185 2487 ubi
217 2423 317 2489 simul
347 2425 447 2489 lahve
475 2429 595 2488 losuen
623 2424 777 2489 futurum
811 2421 932 2488 ducem
960 2421 1151 2510 deputavit.
1181 2421 1254 2497 Mic,
1284 2422 1438 2489 61661616

125 2527 322 2593 narratione
348 2527 442 2593 illius
466 2526 708 2608 solemnitatis,
734 2548 869 2594 rursum
891 2526 1074 2615 deputatur
1097 2532 1201 2594 Iosue.
1228 2527 1439 2594 Crediderim

124 2638 222 2700 Num.
257 2639 359 2715 *2722
394 2656 445 2722 sq.
475 2633 626 2700 breviter
652 2633 833 2722 anticipari
859 2632 1109 2716 narrationem,
1140 2656 1208 2723 quo
1243 2634 1311 2701 ritu
1344 2639 1439 2700 16666
1511 2718 1517 2732 .

126 2739 306 2828 deputatus
327 2742 380 2821 sit,
399 2763 471 2806 rem
492 2762 611 2828 reapse
626 2745 736 2806 actam
757 2762 827 2806 esse
849 2761 1009 2829 supremo
1030 2739 1119 2806 ritae
1140 2740 1257 2828 Moysis
1272 2739 1338 2823 die,
1360 2747 1440 2831 post

126 2848 318 2913 restitutum
341 2846 471 2914 foedus.
501 2853 572 2924 Quo
603 2846 658 2912 die
689 2845 840 2935 primum
868 2846 969 2912 lahve
998 2850 1132 2933 Moysen
1163 2867 1240 2913 cum
1272 2851 1369 2914 16666
1397 2847 1439 2912 ad

126 2975 160 3017 66
182 2952 342 3018 accedere
364 2953 458 3019 iussit
483 2954 592 3041 (Dent.
621 2958 721 3032 31‚1e
744 2973 797 3041 sq.
819 2951 874 3037 13)
901 2958 935 3017 61
953 2957 1075 3018 166666
1100 2951 1278 3041 deputavit
1302 2952 1436 3032 ducem,

125 3058 206 3124 dein
232 3063 366 3145 Moyses
391 3057 560 3126 mediator
583 3058 674 3124 inter
700 3058 827 3124 lahven
849 3064 882 3124 et
906 3059 1088 3147 poputum,
1107 3057 1367 3147 deputationem
1383 3081 1439 3124 co-

124 3187 199 3231 ram
223 3166 351 3255 populo
376 3169 550 3232 exsecutus
578 3169 627 3231 est
653 3166 879 3254 pronuntiatis
903 3164 1019 3231 verbis
1046 3170 1141 3231 Deut.
1168 3172 1296 3248 31,1-o,
1320 3172 1440 3255 postea

126 3271 293 3360 impositis
308 3277 403 3338 losuc
420 3271 580 3339 manibus
602 3276 700 3337 Num.
724 3278 825 3350 11,Βὲ
846 3277 878 3335 61
893 3271 1123 3357 pronuntiatis
1139 3272 1252 3337 verbis
1268 3277 1363 3337 lteut.
1383 3279 1436 3352 31,

128 3384 217 3465 7sq.

172 3504 204 3546 v.
230 3487 269 3547 11
291 3512 305 3542 «
323 3485 368 3548 m
391 3483 442 3548 eit
466 3482 628 3548 Duratium
648 3480 696 3547 od
718 3485 861 3568 Moysen
875 3503 886 3546 .·
903 3484 988 3547 Eece
1005 3504 1112 3571 prope
1130 3494 1209 3547 6661
1230 3481 1302 3547 alies
1322 3481 1441 3548 mortis

130 3600 207 3654 1666
222 3615 253 3654 u.
271 3588 336 3654 Sed
354 3591 454 3655 Hebr.
475 3587 780 3678 :appropinquant
795 3586 867 3653 dies
883 3587 946 3669 tui,
967 3589 989 3654 i.
1014 3611 1044 3653 e.
1063 3587 1132 3654 vita
1147 3593 1217 3670 tua,
1236 3588 1355 3670 morti;
1377 3589 1439 3660 im·

128 3695 238 3776 minet
252 3700 310 3759 166
326 3716 427 3760 mors.
442 3699 515 3760 Non
534 3695 752 3760 affirmantur
766 3678 881 3782 plures
895 3693 1008 3761 adhuc
1023 3694 1130 3762 futuri
1147 3716 1219 3761 6666
1236 3694 1308 3762 dies
1323 3697 1414 3761 vitae
1430 3717 1436 3763 :

130 3801 203 3866 dies
224 3806 254 3865 1⁰
270 3800 393 3865 mensis
410 3800 459 3867 11i
480 3800 564 3890 (1,3)
580 3805 631 3868 661
649 3800 723 3888 ipsa
742 3798 815 3865 dies
837 3800 965 3866 mortis.
987 3828 1002 3860 6
1027 3803 1385 3884 maurocenum
1405 3801 1440 3866 iu

131 3905 350 3972 tabernaculo
371 3906 568 3988 testimonii,
586 3919 624 3972 61
641 3905 856 3995 praecipiam
871 3905 904 3971 61
925 3934 954 3986 »,
974 3911 1012 3974 ut
1032 3907 1194 3995 deputem
1212 3928 1290 3974 eum
1313 3906 1439 3973 ducem

119 4015 189 4098 ⁴(cf.
208 4017 258 4079 CN
272 4036 306 4101 p.
325 4014 416 4100 329).
434 4015 526 4079 LXX
538 4012 655 4100 (etiam
669 4035 701 4078 v.
722 4011 775 4101 15)
798 4033 804 4078 :
824 4011 860 4077 in
878 4012 963 4078 ostiu
977 4001 1192 4079 tabernaculi
1208 4012 1365 4080 foederis.
1384 4018 1436 4080 Se.

131 4120 208 4209 ipsi,
235 4119 285 4185 uti
309 4119 367 4185 alii
389 4122 590 4208 interpretes
615 4118 742 4206 plures
767 4118 951 4185 censebant
976 4118 1070 4185 haud
1094 4141 1165 4186 esse
1191 4119 1385 4201 ferendum,
1403 4126 1439 4186 ut

134 4225 757 4292 16666666666661661616666661616
774 4225 815 4290 sit
831 4224 1015 4311 ingressus.
1034 4225 1099 4291 Sed
1116 4229 1298 4307 memento,
1319 4232 1440 4292 Iosuen

132 4331 235 4416 seligi
253 4333 296 4398 ad
313 4333 481 4399 honorem
496 4332 635 4398 omnino
650 4331 822 4418 insignem
839 4331 964 4398 661666
981 4331 1124 4399 dixerim
1142 4335 1296 4400 unicum.
1316 4337 1439 4399 Sensus

135 4437 316 4504 uerborum
343 4438 463 4506 obvius
486 4438 604 4527 utiquc
632 4437 661 4504 is
685 4441 745 4520 est,
766 4441 887 4504 losuen
911 4460 989 4504 eum
1014 4443 1124 4526 Moyse
1150 4440 1341 4526 ingressum
1369 4460 1439 4503 esse

134 4542 224 4608 intra
242 4545 514 4628 tabernaculum,
532 4544 582 4610 ibi
600 4544 668 4610 illis
686 4544 792 4611 visam
810 4565 882 4610 esse
901 4544 1095 4612 columnam
1110 4545 1224 4624 66116,
1243 4566 1282 4610 66
1301 4542 1441 4610 tandem

135 4648 278 4716 candem
301 4650 337 4717 in
367 4652 517 4719 omnium
542 4655 723 4740 conspeetu
748 4651 1007 4718 etabcrnaculo
1029 4652 1135 4719 veluti
1158 4656 1441 4740 prorumpentem

525 4771 703 4809 6666616666.
718 4770 839 4808 -66616
858 4762 1016 4809 166666-
1033 4762 1062 4808 ³2
