3366 5346
576 297 690 343 rosbes
711 298 868 344 SECUNDUM
889 299 1086 344 MOAHITICUM.
1454 290 1492 348 93

183 439 329 501 revocat.
352 433 500 498 Tandem
524 436 612 498 Deus
631 437 728 498 [teut.
751 433 1073 514 32,t81nandatum
1094 433 1346 500 conscendendi
1367 438 1490 502 montis

182 540 283 607 iterat
306 544 497 627 Moysesque
516 537 570 604 illi
589 537 802 628 obsequitur.
827 541 859 606 Si
879 541 927 605 ita
943 562 996 606 res
1015 539 1186 622 habuerit,
1203 562 1359 630 quaeres,
1377 563 1438 608 cur
1453 564 1491 607 ea

182 647 217 713 h.
242 647 265 712 l.
290 668 360 712 non
383 649 562 712 enarretur
581 644 786 712 distinctius.
812 646 860 729 ld,
882 647 976 735 quod
998 651 1157 713 narrator
1176 646 1211 712 b.
1231 646 1255 713 l.
1280 647 1491 736 potissimum

181 753 394 834 intendebat,
412 774 480 818 non
494 759 567 818 erat
580 751 697 838 Moysis
712 752 915 842 supplicatio
930 757 1031 820 alteo
1046 752 1184 836 reiecta,
1202 752 1262 819 sed
1281 753 1494 843 principatus

181 860 218 926 in
237 864 358 926 losuen
376 859 571 925 translatus.
593 863 776 926 Praeterea
797 859 936 940 recolas,
954 881 1092 947 quaese,
1110 881 1199 948 quae
1215 859 1297 926 inde
1316 861 1360 926 ab
1382 860 1494 928 Exodo

181 985 252 1031 non
269 962 376 1030 semel
396 961 664 1028 observabamus
685 983 693 1029 :
714 962 977 1054 supprimuntur
996 985 1043 1030 sc.
1064 963 1237 1030 narranda
1256 964 1387 1054 aliqua,
1406 988 1494 1055 qnae

183 1069 227 1136 ad
251 1069 523 1148 aedificationem
543 1067 677 1135 lectoris
696 1068 841 1136 hebraei
860 1069 954 1136 haud
973 1076 1198 1136 censerentur
1218 1092 1289 1137 esse
1306 1072 1440 1138 lactura
1463 1101 1492 1139 ».

183 1182 273 1254 Quae
293 1182 408 1243 nostra
426 1175 489 1241 illa
507 1174 613 1241 verba
633 1174 850 1241 illustrantur
868 1176 919 1258 iis,
935 1198 1024 1265 quae
1042 1198 1135 1243 nunc
1154 1176 1197 1242 de
1219 1176 1359 1243 historia
1374 1179 1494 1244 thorae

182 1284 373 1350 statuimus.
389 1286 485 1348 Dent.
501 1287 580 1363 333
593 1303 667 1371 sqq.
686 1280 877 1348 distinctius
893 1283 1064 1370 quaedam
1080 1288 1276 1366 narrantur,
1295 1307 1383 1374 quae
1400 1307 1496 1351 man-

183 1390 302 1456 datum
326 1387 576 1455 conscendendi
598 1386 723 1453 montis
744 1386 943 1454 immediate
963 1395 1192 1469 antecessere,
1212 1411 1257 1455 sc.
1281 1394 1415 1477 Moysen
1431 1414 1495 1480 pc·

185 1496 290 1581 tir'sse,
318 1501 356 1562 ut
385 1493 450 1561 sibi
478 1494 659 1560 Iordanem
686 1493 844 1561 traiicere
873 1494 1008 1578 liceret,
1032 1496 1139 1585 petita
1166 1495 1294 1564 iratum
1322 1520 1495 1565 recusasse

184 1603 319 1668 lahven.
340 1606 429 1687 Ergo
443 1599 532 1666 illud
552 1599 752 1666 mandatnm
773 1605 872 1667 Num.
891 1607 1052 1683 arna-tt
1068 1624 1188 1690 reapse
1208 1608 1282 1669 erat
1296 1625 1495 1693 responsam

182 1708 226 1773 ad
241 1705 382 1796 aliquod
396 1707 514 1793 Moysis
533 1707 690 1795 petitum.

225 1813 414 1881 Petieratne
433 1812 521 1879 illud
540 1812 681 1879 unicum
698 1815 843 1899 Moyses?
858 1819 951 1882 Dent.
973 1822 993 1881 3
1013 1821 1118 1882 totam
1135 1815 1255 1882 relerri
1269 1815 1387 1903 Moysis
1405 1817 1496 1906 peti·

182 1921 325 1999 tionem,
343 1918 494 2005 gratuito
507 1922 734 2008 supposueris.
749 1920 894 2006 attingit
909 1919 959 1986 ibi
974 1927 1090 1987 orator
1104 1922 1194 1988 laeta
1208 1927 1360 2003 eatenus,
1379 1930 1496 2012 quate-

184 2048 248 2094 nus
271 2025 309 2092 id
333 2024 438 2112 exigit
460 2025 675 2115 propositum
697 2025 861 2092 orationis
885 2047 893 2094 :
919 2027 1122 2093 meminerat
1144 2050 1177 2093 v.
1202 2033 1241 2093 21
1271 2033 1365 2095 losue
1390 2030 1497 2095 futuri

184 2133 412 2200 Hebraeorum
428 2131 536 2214 duciS,
554 2153 586 2199 v.
608 2137 714 2199 23-27
729 2137 880 2215 enarrat,
903 2154 972 2221 qua
986 2132 1160 2200 occasione
1181 2139 1278 2200 losue
1292 2134 1496 2203 constitutus

183 2239 225 2306 sit
247 2238 327 2319 dux,
349 2260 394 2304 se.
420 2236 485 2303 sibi
505 2238 649 2326 petenti,
671 2244 709 2303 ut
728 2224 987 2327 permitteretur
1009 2239 1177 2328 populum
1199 2244 1294 2306 trans
1316 2241 1494 2308 lordanem

184 2344 319 2425 ducere,
339 2342 454 2410 renuit
470 2349 556 2410 Deus
574 2341 681 2432 petita
696 2344 896 2427 concedere,
914 2366 997 2431 ergo
1012 2367 1149 2412 necesse
1165 2346 1231 2412 fuit
1246 2347 1354 2413 alium
1374 2347 1495 2414 ducem

185 2450 355 2519 constitui.
368 2454 455 2516 Num
470 2471 554 2536 crgo
570 2471 610 2516 ea
623 2452 800 2517 occasione
815 2456 938 2537 Moyses
953 2457 1090 2540 practer
1106 2451 1283 2541 repulsam
1298 2453 1376 2519 tulit
1388 2453 1496 2520 nihil?

183 2562 268 2624 Num
295 2557 436 2624 unicum
457 2557 613 2621 favorem
634 2554 782 2642 rogavit,
807 2562 841 2623 et
862 2556 929 2623 sibi
956 2556 1112 2644 quidem,
1139 2580 1209 2624 non
1231 2559 1383 2648 populo?
1406 2560 1496 2625 Alias

183 2664 437 2732 attendebamus
451 2667 587 2749 Moysen
601 2661 816 2748 flagitantem
834 2662 949 2728 animo
964 2683 1105 2748 magno,
1123 2663 1251 2752 populo
1267 2665 1493 2753 potissimum,

184 2769 351 2836 nonsibi.
378 2774 436 2836 Ex.
456 2758 568 2836 ’32-33
591 2769 729 2856 plenam
758 2767 878 2858 populi
902 2767 1051 2855 gratiam
1072 2769 1231 2858 precibus
1255 2792 1275 2835 a
1299 2776 1364 2837 Deo
1391 2769 1497 2836 veluti

183 2879 335 2956 extorsit3
368 2881 466 2942 Num.
500 2881 540 2941 1t
573 2896 709 2941 rursum
740 2876 875 2941 veniam
907 2875 1036 2964 populo
1062 2875 1275 2964 impetravit;
1308 2875 1496 2943 rebellibus

182 2984 290 3051 scelus
303 2989 412 3050 morte
423 2982 588 3050 luendum
601 2981 678 3063 fnit,
693 2981 744 3049 uti
756 2980 931 3071 prioribus
945 2980 1211 3048 illisrebellibus
1222 2987 1280 3050 Ex.
1296 2989 1339 3049 33
1354 3005 1362 3052 :
1380 2984 1495 3066 crede,

182 3091 263 3157 item
283 3095 381 3157 Num.
404 3096 446 3155 27
465 3093 600 3176 Moysen
621 3087 797 3173 flagitasse
820 3093 854 3154 et
876 3088 1077 3177 impetrasse
1099 3087 1247 3175 gratiam
1268 3111 1330 3179 pro
1354 3090 1494 3179 populo.

182 3201 334 3275 Quanam
350 3196 461 3282 gratia
472 3201 545 3261 tum
559 3196 689 3284 populo
704 3216 790 3284 opus
804 3196 898 3261 erat?
914 3198 1004 3283 Opus
1018 3202 1092 3262 erat
1105 3195 1321 3263 restitutione
1333 3197 1493 3285 foederis,

183 3327 253 3394 quo
263 3302 405 3394 plurimi
420 3302 565 3368 Cadesae
580 3300 790 3367 exciderant.
808 3304 900 3367 Hane
912 3301 1057 3387 rogavit,
1075 3301 1165 3368 hanc
1179 3300 1347 3386 obtinuit,·
1358 3325 1494 3370 revoca-

184 3412 313 3477 tionem
333 3415 448 3476 autem
466 3408 652 3474 sententiae
674 3406 850 3474 mortisia
871 3428 906 3472 se
930 3408 1020 3473 latae
1041 3428 1109 3472 non
1129 3406 1290 3489 obtinuit,
1313 3408 1363 3474 uti
1382 3431 1494 3497 neque

184 3524 340 3584 revocata
361 3522 411 3583 est
432 3513 600 3582 sententia
622 3518 722 3581 Num.
752 3518 791 3579 m
814 3512 850 3578 in
875 3512 1056 3602 populum,
1079 3513 1249 3578 sententia
1272 3517 1370 3580 Num.
1395 3520 1438 3580 30
1459 3515 1494 3581 in

185 3629 355 3690 Aaronem
376 3623 457 3690 lata.

230 3728 563 3815 Conieeerimigitur,
579 3727 733 3795 divinum
747 3725 948 3793 restituendi
962 3723 1109 3791 foederis
1121 3726 1324 3794 mandatum
1337 3727 1496 3816 primitus

184 3834 392 3925 descriptum
420 3834 522 3901 luisse
553 3839 632 3901 ante
660 3838 906 3913 Num.27,12;
934 3833 1043 3920 ipsam
1068 3831 1216 3899 foederis
1244 3832 1494 3899 restitutionem

183 3949 357 4009 narratam
376 3965 445 4009 esse
465 3947 615 4007 extremo
634 3943 732 4005 Num.
752 3945 794 4005 36
815 3958 823 4004 :
844 3937 984 4019 etenim,
1007 3937 1145 4027 quando
1164 3961 1205 4004 ea
1224 3938 1391 4003 restitutio
1413 3938 1496 4004 cele-

182 4048 363 4129 brabatur,
384 4049 453 4114 iam
474 4053 548 4114 erat
569 4046 677 4135 (Dent.
700 4044 734 4133 3)
754 4044 1028 4111 transiordanica
1048 4043 1213 4111 attributa
1232 4042 1367 4110 duabus
1385 4045 1494 4111 tribu·

182 4154 246 4222 bus
272 4161 305 4222 et
329 4154 505 4221 dimidiae.
535 4157 657 4220 Verum
689 4151 810 4218 loedus
835 4150 923 4217 illud
951 4150 1146 4219 restitutum
1176 4155 1250 4216 erat
1274 4150 1393 4218 foedus
1416 4173 1493 4218 cum

182 4262 382 4346 maledieto,
407 4260 567 4328 Hebraeis
592 4258 797 4348 apostasiam
824 4257 987 4325 continuo
1011 4258 1047 4323 in
1072 4255 1272 4324 memoriam
1299 4258 1491 4337 revocabat,

183 4391 347 4457 maguam
361 4369 482 4458 populi
495 4372 627 4457 partem
644 4364 841 4432 declarabat
853 4387 922 4430 non
936 4364 1010 4430 inre
1024 4365 1149 4446 nativo,
1168 4362 1230 4430 sed
1243 4363 1376 4432 liberali
1394 4364 1494 4430 lahvc

182 4475 399 4563 indulgentia
410 4474 534 4542 semini
548 4473 657 4540 electo
676 4471 859 4539 accenseri.
873 4471 911 4537 ld
922 4470 1084 4537 Hebraeis
1098 4471 1343 4560 posterioribus
1354 4471 1490 4549 durum,

183 4605 334 4651 exosum.
357 4588 466 4660 Quare
495 4587 600 4648 totam
628 4579 774 4647 restituti
800 4576 947 4646 foederis
970 4576 1148 4643 historiam
1172 4600 1190 4642 e
1215 4577 1306 4642 libro
1328 4575 1490 4663 bipartito

183 4694 429 4780 expunxerunt.
