3366 5346
194 301 254 360 300
564 315 640 359 Acri
664 315 792 358 ULTIMAE
815 316 877 358 DlEl
900 315 994 358 Vll'AE
1015 314 1133 360 Marsis.

240 461 399 548 Sequitur
416 482 518 549 porro
530 457 675 525 alterum
697 457 742 525 ad
759 464 893 546 Moysen
912 457 1066 524 divinum
1087 457 1289 545 alloquium,
1310 457 1407 546 quod
1422 457 1519 525 allo·

194 567 313 656 quium
326 589 356 631 v.
372 571 411 631 11
421 565 450 631 si
460 587 528 631 non
538 564 749 644 immediate,
765 571 799 630 at
811 571 901 631 certe
912 565 1006 631 brevi
1017 564 1433 631 intervalloeonsecutum
1447 570 1517 641 est,

193 696 270 739 cum
287 679 382 739 lleut.
400 677 501 738 31-31
517 673 583 738 sint
597 676 674 737 acta
688 679 861 738 extremae
876 670 942 738 dici
960 670 1047 737 vilae
1064 671 1193 757 tloysis.
1212 671 1375 737 Videatur
1390 671 1460 737 tibi
1475 695 1516 738 ea

192 779 264 846 dies
279 779 380 846 luisse
396 779 605 867 occupatior,
622 784 760 867 practer
779 777 896 866 aliqua
912 778 1014 844 lalrve
1027 783 1061 843 et
1076 777 1195 866 populi
1211 776 1363 865 alloquia
1376 777 1518 845 habens

192 887 362 953 canticum
381 884 611 974 conscriptum
628 894 662 951 et
681 883 872 963 recitatum,
895 870 1151 951 benedictiones
1171 885 1428 972 pronuntiatas.
1445 889 1516 952 Nee

191 997 265 1059 erat
287 1015 348 1059 eur
369 1014 408 1058 ea
433 991 487 1057 die
507 997 567 1057 aut
588 996 714 1078 Moyses
731 995 887 1080 parceret
908 990 986 1070 sibi,
1014 996 1072 1056 aut
1087 989 1189 1056 lulive
1204 990 1317 1076 Moysi.
1336 994 1512 1080 Suprema

191 1099 279 1165 vitae
296 1098 352 1165 die
367 1099 508 1165 scaturit
520 1097 652 1164 insueto
669 1096 787 1183 vigore
806 1102 840 1163 et
856 1096 1071 1164 abundantia
1084 1095 1286 1186 prophetiae
1302 1119 1403 1163 vena.
1420 1096 1516 1165 Fluit

190 1207 354 1272 acclamo
386 1204 570 1283 canticum,
594 1203 678 1292 qiiin
704 1225 844 1291 operose
874 1202 1097 1291 requirantur
1126 1225 1236 1291 aeque
1263 1201 1369 1270 verba
1395 1226 1513 1294 neque

188 1335 358 1392 caesurae,
382 1317 586 1377 convocatur
600 1308 759 1399 populus,
779 1310 1010 1398 disponuntur
1022 1309 1130 1392 chori,
1151 1310 1319 1376 canticum
1344 1309 1513 1376 solemni·

188 1418 424 1485 terrocitatur.
448 1420 593 1484 llonitus
608 1416 734 1482 deinde
751 1423 902 1483 montem
917 1415 1144 1483 conscendere
1155 1419 1279 1502 lloyses
1293 1415 1511 1483 benedictio·

188 1548 247 1591 nes
268 1524 488 1612 pronuntiat,
506 1522 645 1589 tandem
661 1528 802 1611 vegetus
818 1527 850 1588 et
870 1522 966 1589 fortis
992 1523 1094 1606 (aar)
1119 1528 1268 1588 montem
1290 1523 1508 1605 conscendit,

188 1653 258 1696 non
275 1631 331 1695 lux
351 1629 594 1709 defervesceus,
617 1627 677 1694 sed
700 1628 749 1694 sol
770 1627 944 1695 occiduus.
969 1669 1012 1677 —
1037 1629 1134 1694 initio
1155 1627 1331 1716 utriusque
1357 1629 1510 1719 alloquii

187 1759 217 1801 v.
240 1741 339 1802 1116
358 1735 415 1823 (cl.
434 1757 464 1801 v.
488 1737 519 1820 2)
538 1739 623 1801 Deus
642 1733 744 1822 lloysi
767 1740 911 1800 mortem
937 1734 1090 1821 proxime
1112 1736 1296 1801 atl'uturam
1316 1735 1354 1800 in
1370 1757 1508 1803 memo-

186 1842 274 1908 riam
300 1847 435 1908 revocat
455 1863 462 1908 :
485 1848 533 1907 est
556 1839 685 1930 quippe
709 1841 765 1906 hic
787 1840 859 1906 dies
881 1862 1070 1930 supremus
1095 1847 1133 1907 Et
1154 1846 1247 1922 nota,
1270 1841 1338 1907 duo
1361 1843 1509 1929 negotia

186 1950 312 2016 lahven
334 1971 373 2015 eo
392 1947 448 2014 die
471 1947 682 2037 expedienda
703 1948 808 2033 Moysi
826 1947 1040 2036 imposuisse,
1061 1952 1177 2014 losuae
1190 1948 1457 2037 deputationem
1475 1956 1508 2017 et

185 2055 356 2123 canticum
375 2077 381 2122 :
400 2061 449 2121 est
463 2077 546 2141 ergo
567 2053 739 2121 canticum
754 2053 819 2120 hoc
834 2060 865 2119 et
881 2053 993 2143 ipsum
1009 2076 1062 2120 res
1076 2055 1227 2143 supremi
1243 2054 1424 2122 momenti.

228 2185 260 2226 v.
280 2169 320 2227 111
332 2189 347 2221 u
360 2161 456 2225 iiiiii
468 2161 633 2226 Doriiiaas
643 2160 691 2226 ad
696 2163 855 2247 diapson:
870 2162 956 2226 Eece
966 2173 1002 2225 lu
1014 2159 1158 2226 dormies
1168 2161 1408 2250 eicmpalribas
1420 2163 1506 2244 tuis,

184 2281 216 2333 01
228 2267 379 2356 populos
396 2267 457 2332 iste
473 2265 1010 2355 0000009000[000100111000001
1036 2265 1114 2333 dees
1136 2267 1265 2334 aliattes
1285 2266 1323 2332 ia
1346 2280 1443 2335 terra
1467 2299 1504 2352 n,

183 2374 365 2461 —reliqui
391 2383 500 2438 terrae
524 2410 567 2420 —
591 2400 606 2429 u
631 2371 679 2436 ad
702 2393 805 2460 qaam
829 2371 1305 2459 10900111101·,011100110110.
1329 2397 1369 2439 ea
1394 2398 1432 2456 »;
1465 2417 1508 2428 -

183 2502 246 2569 pro
268 2501 336 2567 quo
361 2479 467 2544 inciso
487 2481 588 2544 Heli.
615 2502 621 2546 ;
649 2493 758 2569 mpz,
779 2477 873 2566 quod
896 2478 1014 2545 Dillio.
1038 2480 1142 2546 trahit
1166 2480 1211 2546 ud
1237 2478 1315 2547 deos
1343 2480 1503 2561 alteriue,

184 2608 268 2672 crgo
287 2585 366 2652 deos
385 2584 513 2652 alienos
531 2587 589 2674 qui
609 2591 710 2652 erunt
729 2584 764 2650 in
781 2583 894 2651 meiito
913 2585 1003 2666 eiam
1023 2587 1082 2652 sed
1103 2609 1166 2653 vox
1181 2586 1260 2651 dees
1282 2587 1388 2672 longe
1404 2589 1507 2669 abest

123 2736 127 2745 ,
182 2715 295 2781 neque
317 2693 436 2758 efficax
458 2698 506 2758 cst
526 2692 736 2780 comparatio
757 2713 833 2756 eum
855 2697 935 2758 Gen.
959 2699 1054 2770 35,·2;
1073 2697 1135 2758 los.
1155 2699 1268 2774 aiae.
1289 2693 1404 2760 illelius
1424 2697 1508 2763 Keil

183 2821 299 2864 vocem
316 2797 422 2864 trahit
436 2798 480 2864 ad
495 2796 657 2886 adquam
676 2795 886 2885 iapreditar,
909 2820 993 2884 crgo
1010 2798 1045 2863 ia
1067 2797 1218 2865 aredium
1233 2799 1327 2866 eins:
1347 2802 1505 2889 populus

182 2905 352 2971 hebraeus
372 2911 496 2970 terram
517 2903 715 2989 ingrediens
739 2905 803 2969 erit
823 2903 859 2969 in
886 2904 999 2970 medio
1021 2906 1175 2990 gentium
1197 2905 1504 2976 inhabitantium

183 3018 285 3098 utque
299 3011 441 3075 deorum
458 3009 598 3075 illarum
621 3033 627 3076 :
646 3009 759 3075 aderit
774 3010 881 3095 igitur
896 3010 1143 3099 superstitionis
1156 3013 1309 3078 tentatio.
1328 3018 1504 3083 Consonat

189 3115 288 3203 l'alp.
308 3155 351 3163 —
374 3146 388 3175 u
410 3115 457 3179 ici
476 3115 688 3203 derelinquet
706 3137 758 3179 me
778 3128 809 3180 01
827 3115 964 3181 irritum
987 3118 1096 3204 saciet
1113 3116 1252 3206 scaelus,
1269 3118 1504 3211 quodpepipi

182 3244 358 3287 caraea».
378 3244 407 3286 v.
429 3229 468 3287 17
488 3250 502 3280 u
521 3222 565 3286 Et
581 3221 855 3309 irasceturfaror
873 3245 966 3287 vireas
985 3235 1102 3288 eontra
1123 3246 1199 3290 eam
1221 3224 1257 3290 ia
1281 3224 1336 3291 die
1361 3224 1438 3311 ille,
1467 3242 1504 3294 et

182 3326 419 3416 derelinqaam
441 3350 537 3408 0001,
560 3340 591 3394 01
610 3326 816 3393 abscondam
831 3328 960 3416 seciam
981 3352 1091 3395 aream
1111 3332 1151 3396 al
1174 3354 1225 3411 eo,
1247 3342 1279 3396 et
1298 3331 1362 3396 erit
1380 3331 1419 3398 ia
1440 3333 1499 3402 de-

182 3437 410 3517 eoratioaem,·
435 3433 609 3501 iiieeaieat
628 3457 704 3501 eum
726 3434 842 3501 000ιὶ0
868 3463 883 3494 »
903 3474 946 3486 —
970 3435 1091 3524 reliqui
1110 3436 1218 3502 iiiiillu
1241 3477 1285 3486 —
1305 3470 1318 3495 «
1343 3438 1442 3507 attala
1461 3453 1497 3510 et

182 3541 385 3629 afflictiones
400 3543 458 3621 itu,
479 3554 514 3605 ul
530 3539 622 3608 (licat
643 3540 754 3607 inille
777 3540 856 3607 die:
881 3544 971 3624 lere,
990 3542 1073 3631 qaia
1092 3567 1161 3608 000
1180 3556 1228 3610 est
1240 3547 1329 3609 licus
1342 3566 1497 3628 meemn,

183 3648 387 3713 inuenerem!
409 3670 462 3713 uie
482 3648 564 3713 liuec
585 3646 678 3713 acala
696 3676 726 3713 ».
749 3649 849 3713 Hele.
873 3653 967 3714 Sarra.
988 3648 1073 3714 Clml
1084 3648 1107 3715 l.
1135 3669 1141 3714 :
1162 3653 1250 3716 lieres
1266 3672 1376 3730 iaetu,
1399 3654 1499 3741 quod

182 3754 352 3844 explicant
368 3751 459 3819 LXX
478 3774 484 3819 :
503 3752 604 3819 Ialiue
620 3757 710 3820 Deus
725 3776 829 3820 01000.
857 3776 888 3819 v.
920 3760 959 3820 18
978 3782 993 3815 «
1011 3758 1083 3844 Epo
1098 3767 1214 3823 autem
1238 3757 1449 3825 obsequelam
1465 3775 1500 3828 et

181 3862 295 3928 celate
311 3863 439 3950 faeiem
465 3883 574 3927 aleam
597 3861 632 3925 ia
659 3858 713 3926 die
742 3860 802 3925 illo
823 3874 964 3950 prepter
992 3862 1108 3928 aurata
1135 3863 1243 3945 areale,
1278 3886 1366 3951 priua
1388 3865 1494 3950 feeit,

181 3969 264 4057 quia
285 3981 418 4035 seculus
441 3980 488 4034 est
505 3967 584 4034 deos
606 3968 737 4034 alienos
763 3995 792 4032 u.

217 4206 327 4268 Reliqui
351 4209 413 4268 post
437 4205 532 4268 faeiem
557 4219 640 4254 rueme
660 4206 757 4267 legunt
777 4205 809 4253 ab
832 4206 900 4268 ipsis
923 4218 929 4254 :
949 4219 1017 4270 orgo
1036 4221 1063 4255 v.
1094 4209 1122 4257 18
1145 4208 1219 4258 idem
1239 4209 1337 4268 eiiieit,
1361 4211 1440 4272 quud
1465 4226 1495 4263 v.

184 4294 224 4342 li.
247 4296 301 4342 Aut
317 4296 400 4354 igitur
416 4295 533 4343 liabetur
551 4307 628 4344 mera
642 4295 781 4356 repetitio,
799 4296 847 4344 aul
861 4293 1010 4344 dicendum
1029 4298 1080 4345 erit
1095 4310 1157 4345 curn
1176 4297 1246 4357 Keil,
1264 4298 1350 4347 verba
1371 4311 1395 4346 v.
1423 4301 1455 4351 17
1470 4311 1495 4352 et

180 4382 266 4431 diceet
291 4383 321 4430 ia
336 4381 385 4428 ilio
404 4383 445 4430 die
465 4389 510 4430 etc.
531 4382 640 4432 edicere
660 4383 754 4432 delicti
774 4384 955 4446 agnitionem,
975 4398 1031 4434 nou
1054 4398 1119 4435 vero
1136 4387 1328 4448 peonitentiam
1352 4399 1358 4433 :
1380 4400 1495 4449 verum,

178 4473 202 4520 si
221 4473 244 4521 is
261 4482 358 4520 revera
372 4471 408 4518 sit
427 4483 535 4529 sensus,
553 4472 654 4520 elarius
672 4470 719 4521 1110
738 4473 857 4534 exprimi
878 4476 906 4521 ot
929 4473 1019 4533 potuit
1038 4473 1185 4524 attonuit.
1203 4475 1296 4526 Potuit
1310 4480 1405 4525 etitem
1421 4477 1495 4531 iilud

178 4568 291 4615 1311110.
311 4560 340 4608 18
355 4558 495 4609 efformari
508 4558 542 4607 ad
561 4560 745 4608 imitationem
764 4573 791 4607 v.
814 4560 854 4619 ii,
872 4562 903 4610 01
920 4574 1020 4611 sensus
1035 4575 1062 4612 v.
1083 4562 1112 4611 18
1129 4563 1165 4611 sit
1180 4563 1223 4611 liic
1242 4577 1247 4611 :
1267 4564 1322 4612 iilis
1339 4563 1496 4628 01100001-

176 4652 292 4699 tentiam
311 4649 462 4708 conversis,
479 4652 604 4698 avertam
628 4651 656 4697 01
670 4659 724 4710 ego
744 4646 843 4698 taciem
865 4661 956 4700 meam
976 4651 1062 4712 qiioud
1082 4653 1176 4701 oiruiia
1195 4653 1268 4703 mala
1288 4660 1352 4711 etc,
1371 4665 1442 4718 orgo
1458 4659 1495 4710 ab

176 4738 230 4786 iliis
246 4738 339 4788 uiaiis:
353 4738 526 4802 poenitentia
540 4741 636 4787 secuta
650 4737 862 4787 reconciliabor.
