3366 5346
251 256 309 316 438
795 269 893 315 vanas
915 268 1014 315 rosus.

251 429 283 474 v.
308 413 323 472 1
348 434 363 466 κ
388 403 694 494 Praecepitontent
709 406 842 491 Moyses
862 414 895 469 et
912 403 1062 470 seniores
1081 401 1189 470 Israel
1199 400 1329 492 popolo
1346 398 1501 468 dicentes
1519 428 1536 462 »
1563 422 1571 467 :

250 517 407 578 -Verte
431 511 476 600 (v.
505 513 545 596 s.)
565 532 572 577 :
596 509 776 600 Praecepit
800 522 916 576 ornent
941 512 1074 599 Moyses
1094 508 1283 576 senioribus
1302 506 1412 575 lsrael
1425 506 1546 574 dicens
1566 527 1573 573 :

256 624 348 687 Vos«
368 615 534 686 custodite
547 640 645 682 omne
668 644 698 700 »,
715 617 739 684 i.
760 639 791 683 e.
814 629 934 703 totum,
952 643 969 677 α
985 615 1200 699 morsdotonr,
1218 613 1315 704 qood
1328 642 1344 676 »
1359 636 1423 704 epo
1441 640 1457 674 «
1470 637 1578 704 proe-

252 725 341 816 eipio
362 725 454 792 robis
468 723 569 790 hodie
587 751 623 805 a,
644 724 805 813 quodque
823 722 974 790 habetur
987 746 1020 790 v.
1043 730 1115 792 2-8.
1138 728 1293 812 Aequum
1312 726 1397 802 erat,
1412 724 1451 789 ut
1472 742 1577 787 man-

252 833 371 901 datum
390 831 433 898 de
458 829 685 897 inscribendis
704 828 879 920 lapidibus
899 829 1039 898 daretur
1061 828 1232 919 imprimis
1248 826 1453 913 senioribus,
1479 827 1576 895 inter

252 962 338 1029 quos
357 940 385 1006 si
404 961 474 1006 non
493 959 621 1022 omnes,
642 942 780 1004 atcerte
803 937 921 1026 plures
935 937 1046 1026 (Num.
1067 937 1178 1020 11‚1o)
1194 934 1328 1003 scribae
1343 933 1576 1025 reperieban-

252 1051 319 1112 tur.
338 1047 499 1137 Sequitur
523 1044 726 1112 mandatum
744 1065 752 1111 ε
771 1067 803 1110 v.
822 1050 842 1109 2
863 1071 879 1104 «
904 1043 1083 1133 comique]
1103 1041 1310 1110 transieritis
1324 1040 1516 1132 ¹Iordanem
1537 1041 1576 1108 in

253 1165 393 1237 terram,
417 1174 524 1242 quom
545 1150 712 1217 Dominus
727 1154 817 1217 Dens
830 1163 909 1217 tuos
925 1149 1021 1217 dabit
1037 1149 1111 1235 tibi,
1129 1149 1240 1240 eripes
1258 1148 1412 1240 inpentes
1424 1146 1572 1239 lapides,

252 1272 286 1326 et
300 1259 390 1327 oolce
404 1257 572 1350 leripobis
591 1280 647 1324 eos
666 1286 697 1326 ».
716 1257 810 1324 ldem
826 1263 876 1324 est
895 1255 969 1324 dies
984 1256 1149 1325 transitos
1163 1261 1268 1346 atque
1288 1280 1320 1323 v.
1339 1262 1375 1330 3.
1400 1262 1419 1324 b
1439 1254 1576 1322 transi-

253 1378 318 1451 tns,
342 1389 388 1434 sc.
415 1364 608 1454 generatim
627 1369 762 1455 tempus
783 1364 959 1432 transitus.
984 1363 1159 1455 Expressio
1180 1386 1249 1430 non
1273 1362 1379 1450 cogit,
1395 1367 1433 1430 ut
1448 1361 1576 1428 delen-

252 1473 376 1540 damus
388 1474 589 1540 mandatum
600 1470 676 1561 ipso
696 1471 828 1537 traiecti
842 1471 995 1539 fluminis
1013 1470 1069 1538 die
1090 1471 1193 1539 fuisse
1208 1469 1439 1560 implendum,
1460 1491 1576 1559 neque

253 1580 301 1645 ita
327 1579 417 1646 illud
447 1577 742 1667 interpretabatur
766 1584 874 1646 losue.
901 1583 1028 1645 'lamen
1054 1576 1315 1645 renovationem
1341 1596 1408 1643 non
1443 1574 1577 1642 diutius

254 1707 326 1752 esso
342 1684 583 1765 differendam,
600 1685 722 1751 iterato
742 1684 893 1752 inculcat
910 1688 1039 1773 Moyses
1057 1706 1090 1751 v.
1109 1690 1276 1751 titali.
1294 1688 1397 1751 Porro
1420 1681 1576 1748 induan-

254 1796 312 1858 tur
324 1791 416 1858 calce
431 1790 485 1857 illi
500 1790 644 1881 lapideS,
659 1814 691 1857 v.
706 1797 754 1856 3«
772 1804 810 1857 nt
821 1791 954 1881 [possis]
969 1790 1068 1857 ineis
1080 1791 1224 1858 seribere
1239 1788 1356 1857 omnio
1368 1790 1468 1856 verbo
1484 1787 1576 1878 lepis

254 1897 357 1964 troius
372 1895 544 1987 [lordono]
560 1897 772 1982 transmisso,
791 1911 829 1964 ot
848 1899 995 1964 introeas
1016 1910 1155 1983 terram,
1173 1919 1278 1989 qsrorn
1291 1894 1464 1983 {Dominus
1482 1898 1576 1961 Dens

256 2017 336 2072 tons
351 2002 448 2071 <lodic
464 2003 538 2088 tibi,
564 2016 689 2071 terram
705 2003 792 2071 laete
814 2018 847 2071 et
863 2004 964 2072 melle
979 2019 1191 2090 manantem,
1209 2004 1299 2071 sient
1319 2002 1448 2070 inrooit
1455 2001 1576 2092 patri-

256 2109 317 2178 bns
332 2109 400 2176 tnis
427 2139 456 2177 ».
897 2186 899 2189 ,
1219 2164 1233 2183 .

300 2217 387 2295 Quid
410 2216 519 2304 igitur
544 2217 795 2285 inscribebatur
813 2217 1009 2307 lapidibus?
1028 2180 1278 2285 Pentateucbus
1298 2214 1395 2284 aiunt
1414 2213 1574 2295 Rabbini,

255 2328 350 2391 Deut.
377 2325 497 2411 Bonsr.
519 2323 615 2402 Quod
647 2324 748 2391 facile
779 2325 836 2390 hia
856 2324 1006 2390 affirmat
1029 2324 1104 2390 fieri
1129 2321 1292 2414 potuisse,
1315 2321 1503 2390 dummodo
1524 2343 1578 2389 re·

256 2452 338 2497 vera
364 2457 380 2492 «
402 2430 600 2517 ingentes»
625 2430 754 2498 tuerint
774 2430 920 2520 lapides,
945 2430 1110 2521 additque
1137 2432 1164 2496 Τ
1163 2431 1220 2516 ir.,
1242 2429 1431 2498 dummodo
1446 2426 1578 2495 fuerint

257 2559 402 2604 numero
433 2537 562 2627 plures,
589 2536 767 2626 addasque
786 2559 898 2627 aequo
922 2538 1009 2619 iure,
1034 2537 1221 2604 dummodo
1254 2536 1429 2605 sufficiens
1448 2534 1578 2603 scriba-

257 2665 334 2712 rum
361 2664 526 2712 numerus
545 2644 784 2712 adhiberetur.
813 2645 941 2731 Cogita,
964 2651 1132 2734 quantum
1155 2649 1291 2733 tempus
1311 2642 1497 2711 debuerint
1515 2646 1578 2711 lle-

258 2750 354 2817 braei
378 2751 423 2818 ad
445 2756 598 2818 montem
623 2751 729 2819 tiebat
749 2749 945 2834 subsistere,
972 2751 1088 2840 quoad
1115 2755 1224 2817 totum
1249 2754 1346 2818 Deut.
1374 2777 1390 2811 o
1416 2749 1523 2840 plane
1544 2756 1578 2816 et

257 2856 371 2924 lucide
389 2885 404 2918 »
422 2858 467 2946 (v.
481 2859 515 2945 8)
531 2857 707 2947 lapidibus
721 2857 980 2924 inscriberetur.
1003 2862 1098 2925 Certe
1113 2879 1183 2925 non
1198 2855 1480 2925 inscribebantur
1495 2877 1574 2945 cap.

261 2970 381 3044 12-27,
411 2985 500 3052 quae
528 2963 588 3029 diu
619 2969 696 3053 post
725 2969 860 3051 Moysen
890 2963 982 3030 edita
1012 2969 1102 3030 sunt.
1135 2964 1210 3031 Coi.
1241 2963 1398 3051 suggerit
1422 2960 1577 3029 satenra’

259 3073 316 3149 6,t
336 3088 406 3155 sq.;
429 3072 524 3156 Lyn,
545 3071 617 3135 Vot.
639 3074 833 3154 suggerunt
846 3069 1064 3156 decalogum.
1081 3070 1268 3137 Difficultas
1282 3066 1579 3159 interpretationis

258 3172 340 3241 inde
353 3173 517 3254 nascitur,
535 3174 626 3264 quod
646 3175 773 3241 mentio
787 3175 890 3243 huius
905 3175 992 3265 lepis
1008 3175 1179 3243 habeatur
1190 3175 1225 3243 in
1240 3175 1462 3255 documento,
1480 3174 1579 3264 quod

260 3278 415 3372 proxime
437 3302 507 3347 non
533 3281 629 3347 fluxit
654 3285 790 3349 alosue
815 3287 954 3351 auctore
983 3282 1105 3372 capitis
1130 3289 1186 3363 27,
1210 3283 1271 3351 sed
1295 3306 1314 3350 a
1335 3288 1458 3370 Moyse,
1479 3283 1579 3350 euius

259 3385 368 3454 verba
382 3386 464 3455 citat
489 3392 602 3472 losue;
622 3411 732 3478 neque
752 3389 832 3456 satis
845 3377 1061 3480 compertum
1075 3389 1261 3473 habemus,
1277 3391 1315 3457 in
1333 3412 1401 3479 quo
1417 3393 1579 3458 contextu

18 3482 23 3493 ’
132 3582 137 3591 ¹
259 3499 385 3583 Moyses
401 3517 520 3562 vocem
542 3495 628 3586 lepis
643 3495 855 3577 adhibuerit,
877 3517 1024 3585 quamve
1044 3495 1158 3582 legem
1179 3496 1383 3586 pronomine
1402 3494 1503 3563 trtius
1518 3493 1578 3562 de-

260 3603 513 3668 monstraverit.
532 3607 595 3669 Res
607 3603 708 3670 nobis
718 3601 916 3669 delinienda
929 3610 979 3669 est
991 3626 1031 3669 ex
1046 3603 1120 3692 ipso
1132 3608 1226 3670 textu
1241 3625 1318 3693 cap.
1334 3608 1377 3668 27
1391 3623 1576 3692 perpenso,

261 3712 459 3796 comparato
479 3710 670 3774 narrationi
690 3715 753 3776 los.
779 3715 939 3792 aso-35,
955 3730 1043 3798 quae
1063 3715 1112 3776 est
1132 3710 1174 3777 de
1194 3708 1313 3776 eadem
1335 3709 1575 3777 renovatione.

304 3812 415 3880 'thora
441 3837 473 3880 v.
499 3817 721 3883 3.80m11in0
746 3815 866 3883 eadem
895 3820 957 3896 est,
985 3821 1087 3906 atque
1117 3817 1217 3883 thora
1237 3839 1268 3885 v.
1295 3823 1338 3884 26
1368 3838 1376 3886 :
1403 3815 1580 3883 habentur

261 3920 347 3987 haec
360 3921 394 3987 in
408 3922 530 3989 eodem
547 3928 719 4004 contextu,
737 3945 851 4013 neque
865 3923 938 3991 ulla
956 3927 1007 3989 est
1026 3923 1114 3989 ratio
1132 3923 1342 3990 discriminis
1360 3921 1576 3990 adstruendi.

259 4028 371 4095 Thora
390 4029 474 4097 haec
493 4051 606 4119 neque
624 4035 672 4096 est
692 4029 877 4116 decalogus
899 4051 1010 4119 neque
1027 4030 1128 4097 Liber
1147 4029 1303 4098 Foederis
1319 4029 1377 4099 Ei.
1399 4033 1576 4110 itit-23,

261 4139 317 4213 33,
339 4156 428 4221 quaa
447 4157 628 4226 nunquam
650 4135 688 4203 in
716 4137 947 4226 pentateucho
973 4136 1073 4203 thora
1099 4142 1281 4221 vocantur3
1299 4136 1360 4204 sed
1383 4134 1502 4226 utique
1526 4158 1580 4203 re-

259 4237 426 4327 spiciebat
445 4241 582 4330 foedos,
601 4266 679 4311 cum
697 4242 872 4332 lapidibus
891 4242 1134 4311 inscriberetur
1155 4249 1333 4334 tamquam
1351 4241 1500 4311 foederis
1521 4265 1578 4311 re·

260 4345 378 4411 novati
402 4356 676 4416 monumentum.
705 4354 777 4418 Non
808 4355 858 4417 est
885 4349 1075 4417 necessario
1101 4357 1172 4418 tota
1195 4357 1324 4440 quanta
1350 4350 1471 4418 eadem
1498 4372 1578 4417 cum
1663 4428 1674 4443 ι

260 4450 361 4519 thora
387 4458 466 4535 31,9
489 4476 581 4544 sqq,
607 4456 690 4544 quia
708 4457 798 4524 inter
815 4479 890 4547 cap.
908 4464 951 4523 27
976 4462 1009 4524 et
1033 4463 1073 4524 31
1095 4480 1166 4525 non
1188 4457 1335 4525 habetur
1357 4456 1580 4524 immediatus

261 4564 448 4646 contextus,
473 4583 549 4652 cap.
582 4568 624 4628 27
648 4561 757 4629 serius
784 4564 888 4630 textui
918 4565 1084 4632 insertum
1113 4569 1178 4646 est,
1209 4587 1322 4654 neque
1348 4570 1398 4631 est
1425 4563 1579 4651 gratuito

257 4669 507 4759 supponendus
527 4672 654 4757 Moyses
678 4667 714 4735 in
734 4670 863 4756 regulis
878 4692 953 4759 cap.
977 4677 1020 4736 27
1039 4669 1241 4738 intellexisse
1257 4693 1375 4739 vocem
1396 4671 1498 4737 thora
1518 4693 1580 4738 eo-
