3366 5346
506 289 704 333 aerearusua
724 288 772 334 sm
794 289 879 333 nana
902 288 1002 334 aurea
1025 287 1167 333 rcuorus.
1454 275 1493 334 53

181 426 285 493 Blane
306 452 340 504 »,
358 424 455 509 ligna
474 422 594 489 Libani
610 422 667 511 (cf.
684 426 780 489 Cant.
803 421 888 511 21).
906 422 1076 503 Tandem,
1094 443 1170 487 cum
1187 420 1332 488 Hebraei
1351 423 1494 490 nomina

181 533 340 620 generice
362 530 628 598 substantiarum
650 534 683 596 et
705 529 874 596 abstracta
893 528 1039 596 articulo
1057 528 1244 608 instruant,
1267 527 1376 594 habes
1396 532 1491 596 Cant.

182 637 434 728 1‚10(11)qoaa
451 652 557 726 nuspa,
574 634 753 703 distinctae
768 640 913 722 argento
935 635 991 725 (el.
1017 638 1100 702 Gen.
1123 635 1232 723 13,2);
1256 634 1408 722 1‚1n(1a)
1425 649 1494 699 tias

180 760 259 819 ann,
286 743 469 811 fasciculus
493 742 671 829 myrrham
696 749 776 823 5,13
799 756 896 806 nunu
924 757 1027 811 naim,
1051 741 1183 807 areolae
1203 740 1367 822 balsami3
1390 742 1493 829 7,2(3)

182 866 267 916 nunu
286 864 351 943 qus,
368 854 479 916 crater
497 848 718 916 rotunditatis
739 870 798 915 seu
817 848 999 926 rotundus;
1022 853 1080 929 82
1101 861 1186 938 apt-'t
1204 860 1255 937 pt,
1273 848 1392 913 vinum
1414 870 1495 915 con-

182 958 306 1025 ditum.

227 1068 351 1131 Contra
374 1084 462 1153 quae
488 1061 645 1128 advertas
668 1061 836 1151 primum,
859 1061 1051 1126 versionem
1078 1087 1093 1119 «
1117 1059 1150 1125 lo
1173 1059 1259 1126 livre
1282 1059 1325 1126 de
1351 1060 1386 1126 la
1408 1060 1455 1126 loi
1476 1090 1492 1122 »

182 1171 300 1259 utique
328 1186 514 1236 consonare
546 1167 622 1234 usui
651 1167 814 1256 loquendi
841 1167 944 1253 longe
973 1165 1216 1244 communiori;
1242 1187 1354 1255 neque
1378 1165 1495 1233 deesse

182 1277 297 1366 plures
311 1276 396 1342 alios
410 1274 563 1342 eiusdem
578 1272 836 1340 constructionis
849 1271 1015 1338 librorum
1030 1272 1162 1355 titulos,
1181 1274 1240 1361 qui
1256 1294 1374 1339 omnes
1388 1271 1497 1339 libros

183 1382 375 1471 exprimant
390 1380 531 1447 omnino
546 1380 802 1446 determinatos.
818 1379 867 1446 cf.
885 1401 959 1462 eoS,
975 1378 1034 1467 qui
1047 1378 1318 1468 frequentissime
1334 1379 1493 1460 citantur,

146 1497 152 1506 '
182 1488 290 1555 libros
311 1488 444 1553 dierum
464 1508 603 1572 regum,
619 1484 726 1553 libros
746 1485 880 1553 dierum
902 1484 1108 1567 Salomonis,
1125 1491 1208 1566 etc.;
1230 1490 1408 1574 praeterea
1431 1490 1495 1551 los.

184 1601 284 1677 10,13
298 1600 365 1660 etl
382 1597 464 1680 [leg.
480 1598 557 1673 l,l8
569 1606 651 1656 itum
668 1607 740 1666 720,
755 1591 845 1658 liber
857 1591 967 1669 Recti;
982 1598 1002 1656 2
1016 1592 1110 1658 lisdr.
1123 1598 1179 1671 7,5
1194 1605 1281 1656 uum
1297 1606 1370 1665 ibn,
1383 1589 1497 1657 deter-

181 1700 331 1767 minatus
355 1699 447 1766 liber
468 1719 606 1777 censum
635 1701 717 1765 Gen.
743 1705 797 1780 5,1
825 1712 891 1762 nus
914 1687 1010 1762 nabin
1033 1712 1105 1770 abo,
1124 1697 1213 1763 liber
1232 1696 1495 1764 Generationum

180 1807 305 1884 hdam3
323 1807 456 1872 Nahum
483 1812 535 1887 l,1
555 1818 629 1869 nin:
643 1818 791 1896 quinino,
806 1803 1053 1871 determinatus
1072 1803 1162 1871 liber
1181 1803 1322 1871 visionis
1342 1804 1494 1886 Nahum,

181 1934 250 1978 non
272 1933 280 1980 :
303 1911 427 1999 aliquis
444 1910 535 1976 liber
551 1910 684 1977 habens
701 1910 866 1977 visionem
887 1910 1039 1999 aliquam
1057 1911 1202 1976 Nahum.
1225 1909 1397 1997 Imprimis
1415 1931 1496 1977 vero

182 2018 224 2085 cl.
242 2021 298 2084 Ex.
315 2021 394 2095 ΞΗ
411 2031 510 2079 rum
527 2031 599 2089 ibo,
616 2015 961 2082 determinatusliber
975 2015 1123 2082 foederis
1144 2015 1357 2104 sinaitici(cl.
1377 2020 1495 2102 theg.

181 2131 274 2205 233.
292 2129 352 2205 213
371 2129 391 2187 2
406 2128 480 2189 Par.
496 2123 625 2211 3t,30)‚
644 2127 678 2188 et
691 2129 711 2188 2
725 2123 818 2188 Esdr.
837 2127 892 2204 8,3
911 2138 1010 2188 atina
1025 2136 1097 2192 ise,
1121 2121 1181 2188 ubi
1199 2121 1320 2189 eadem
1338 2121 1499 2189 determi-

181 2236 261 2297 nata
272 2230 371 2296 thora
383 2228 604 2315 intelligitur,
617 2250 706 2317 quae
719 2252 752 2294 v.
768 2236 783 2295 1
798 2227 900 2317 plane
914 2228 1139 2296 determinate
1150 2227 1364 2295 scribebatur
1374 2243 1435 2294 ‘ino
1448 2244 1494 2292 nu

183 2349 261 2400 nun
276 2350 366 2400 nain.
383 2335 551 2418 Tandem,
572 2334 656 2424 quid
680 2334 746 2401 sibi
772 2334 847 2401 vult
873 2360 890 2395 «
917 2355 964 2401 un
987 2335 1072 2400 livre
1097 2334 1192 2402 dela
1219 2334 1268 2401 loi
1290 2336 1327 2400 »l
1346 2336 1381 2401 Si
1396 2350 1496 2400 curm

182 2441 329 2531 accipias
354 2442 458 2508 veluti
482 2463 547 2531 pro
573 2441 654 2507 libri
680 2441 798 2521 titulo,
823 2439 910 2506 illud
933 2455 994 2507 ino
1017 2441 1109 2507 idem
1136 2442 1206 2508 lere
1235 2442 1371 2509 sonabit
1393 2448 1496 2530 atque

182 2546 357 2637 exemplar
377 2548 540 2636 (Movere,
557 2552 634 2628 llll,
656 2547 732 2635 tlt)
759 2567 767 2612 ε
792 2552 968 2636 repertum
988 2553 1038 2613 est
1060 2548 1235 2636 exemplar
1258 2548 1400 2636 aliquod
1426 2547 1497 2614 noti

181 2653 274 2720 illius
293 2653 385 2720 libri.
401 2654 461 2720 Vel
476 2668 575 2719 nunu
591 2653 737 2741 accipies
752 2675 815 2742 pro
828 2653 968 2718 nomine
982 2653 1158 2720 collectiva
1177 2655 1293 2738 legum
1307 2675 1494 2735 sacrarum,

183 2782 270 2849 quae
299 2764 373 2826 tum
402 2761 544 2827 fortasse
573 2760 676 2827 variis
707 2759 806 2825 libris
840 2758 1031 2848 descriptae
1066 2758 1405 2840 circumferebantur,
1435 2759 1495 2828 ubi

181 2871 358 2955 comparat
376 2866 430 2935 Kl.
451 2891 485 2956 p.
510 2873 572 2934 108
596 2866 850 2955 expressionem
874 2873 974 2947 βίὸλος
999 2882 1049 2935 τοῦ
1072 2872 1263 2953 εὐαγγελίου.
1286 2867 1357 2933 Erit
1378 2887 1496 2933 sensus
1625 2952 1629 2957 .

181 2973 251 3039 lere
271 2973 329 3038 hic
351 2995 358 3040 :
381 2973 507 3063 Reperi
531 2973 658 3040 librum
682 2972 834 3062 aliquem
857 2973 1041 3040 habentem
1063 2979 1195 3063 partem
1219 2972 1357 3052 thorae,
1381 2972 1496 3058 legem

180 3100 312 3146 sacram
334 3080 487 3169 aliquam
508 3079 562 3146 vel
583 3079 686 3166 leges.
710 3079 802 3145 Unde
825 3077 958 3146 Heleias
978 3085 1092 3162 norat,
1117 3102 1193 3146 eam
1217 3079 1331 3164 legem
1353 3101 1423 3146 esse
1445 3101 1497 3145 sa·

182 3206 293 3268 cram,
315 3186 343 3252 si
368 3185 428 3253 illa
449 3191 663 3276 supponatur
687 3185 720 3253 ei
741 3186 940 3274 ceteroquin
963 3186 1066 3253 luisse
1087 3186 1229 3272 ignota?
1253 3186 1335 3252 ldne
1359 3207 1399 3252 ex
1423 3186 1498 3252 sola

159 3381 161 3385 ,
182 3290 404 3381 inscriptione
423 3293 478 3360 vel
497 3291 747 3382 subscriptione
766 3293 959 3358 interebat?
978 3315 1023 3358 an
1042 3315 1060 3358 e
1079 3293 1169 3374 loco,
1188 3291 1249 3357 ubi
1272 3296 1407 3380 reperta
1426 3299 1491 3375 est,

158 3487 162 3496 Ι
184 3397 277 3487 quod
296 3398 368 3466 sola
390 3399 588 3466 authentica
609 3381 930 3466 documenta'saera
944 3396 980 3464 in
1002 3398 1061 3464 illo
1081 3397 1202 3486 templi
1228 3399 1361 3463 ae'rario
1381 3403 1498 3464 reeon-
1555 3434 1562 3457 .

77 3524 80 3531 ’
185 3503 368 3570 derentur?

206 3700 209 3704 ⁴
231 3610 402 3677 Habemus
420 3613 528 3697 igitur
542 3615 628 3678 haec
647 3612 889 3679 demonstrata.
910 3609 1083 3699 Expressio
1103 3625 1202 3674 aaran
1219 3624 1280 3675 teo
1295 3610 1398 3696 longe
1416 3633 1497 3700 pro·

186 3713 337 3781 habilius
351 3715 552 3805 accipienda
562 3724 610 3785 est
619 3740 720 3785 sensu
735 3718 837 3807 plane
853 3716 1080 3783 determinato
1097 3737 1104 3783 :
1125 3746 1140 3778 «
1157 3717 1188 3784 le
1204 3718 1291 3784 livre
1306 3717 1349 3783 de
1362 3717 1394 3783 la
1406 3716 1451 3783 loi
1464 3745 1495 3785 ».

186 3821 222 3887 ld
242 3821 363 3888 suadet
381 3843 459 3889 usus
478 3824 643 3914 loquendi
661 3825 765 3911 longe
784 3822 999 3891 communior
1019 3830 1052 3889 et
1070 3824 1230 3910 analogia
1250 3823 1397 3890 aliorum
1416 3823 1496 3889 titu-

184 3929 299 3995 lorum
334 3928 514 3998 librorum.
553 3935 636 4000 Cum
671 3936 788 3996 tamen
826 3929 1015 3996 secundum
1049 3953 1148 3997 usum
1178 3930 1344 4020 loquendi
1384 3929 1498 3996 minus

185 4055 402 4102 communem
422 4037 592 4126 expressio
608 4037 711 4103 etiam
727 4036 813 4101 verti
828 4036 940 4127 possit
958 4035 1256 4103 indeterminatius
1276 4059 1283 4105 :
1308 4064 1328 4120 a,
1346 4058 1394 4104 un
1408 4036 1495 4104 livre

187 4140 229 4207 de
248 4140 283 4207 la
303 4141 351 4208 loi
373 4170 402 4225 a,
420 4143 657 4210 deliniendum
677 4148 830 4231 superest
847 4136 1034 4210 econtextu
1050 4144 1288 4210 narrationist
1304 4148 1389 4231 Reg.
1407 4150 1450 4210 22
1465 4148 1498 4210 et

187 4252 297 4314 2Par.
320 4255 378 4328 3t,
396 4249 544 4317 fueritne
564 4249 666 4329 liber,
686 4253 871 4338 antequam
891 4250 1110 4339 reperiretur,
1130 4251 1259 4317 llelciae
1278 4251 1381 4340 plane
1398 4250 1498 4336 igno·

188 4356 257 4429 tus,
273 4375 394 4420 necne.

231 4459 389 4542 Advorte,
400 4460 429 4527 si
444 4461 692 4551 expressionem
703 4462 850 4552 accipias
863 4484 964 4529 sensu
978 4463 1242 4547 indeterminato
1259 4492 1275 4525 ι(
1295 4486 1341 4530 un
1354 4463 1440 4527 livre
1456 4462 1499 4525 de

189 4562 225 4629 la
239 4563 287 4631 loi
304 4592 334 4648 »,
352 4589 392 4633 ex
414 4590 452 4634 ea
477 4590 545 4634 non
564 4568 653 4635 effici
673 4569 814 4658 quidem
828 4569 958 4636 librum
974 4569 1107 4637 Heleiae
1122 4575 1222 4636 antea
1241 4569 1342 4635 fuisse
1361 4570 1498 4641 notum,

187 4691 307 4738 verum
328 4678 457 4740 attento
479 4680 636 4742 contextu
660 4698 771 4765 neque
792 4699 832 4742 ex
851 4676 971 4743 eadem
986 4677 1074 4743 effici
1096 4676 1197 4742 fuisse
1221 4677 1390 4761 ignotum.
1407 4670 1501 4747 Quod
