3366 5346
224 295 262 353 76
778 303 991 349 1111011010.

269 443 332 531 (6).
349 446 450 509 Deut.
468 454 600 509 constat
618 440 725 506 tribus
741 437 955 504 documentis
970 435 1142 516 mosaicis,
1165 437 1201 501 in
1212 435 1448 502 uenationem
1464 437 1548 504 libri

225 549 383 638 bipartiti
400 548 573 615 immissis.
594 546 732 613 Librum
750 544 953 634 bipartitum
975 542 1083 609 habes
1103 546 1159 609 Ex.
1185 546 1354 622 l,1-l)eut.
1386 548 1458 624 1,a;
1488 551 1544 625 31,

226 661 400 737 1i-3t,1e.
424 655 636 722 Immissaest
650 651 845 742 paraenesis
864 652 986 717 thorae
1009 655 1105 716 Dent.
1130 654 1303 731 1,o-t,a0;
1326 649 1429 716 thora
1445 654 1543 718 Dent.

225 768 325 843 5-11;
348 767 544 841 28,t-·29,t;
559 759 702 826 historia
720 757 868 824 foederis
883 756 1031 823 restituti
1047 760 1143 822 Dent.
1167 761 1380 837 29,·2-31,13.

269 869 330 956 (7).
346 870 398 933 Ea
415 867 481 947 lea,
505 889 593 957 qrroe
609 886 732 932 nomen
746 876 850 930 nocta
866 875 916 929 est
931 861 1030 928 ttiora
1048 863 1115 930 κατ’
1135 866 1261 948 ἐξοχὴν,
1279 874 1328 928 esi
1338 862 1547 952 perdatopas

226 977 322 1040 Deut.
338 972 473 1057 (ΞΛ-7,(
483 972 513 1040 t.

270 1064 331 1168 (8).
359 1083 451 1146 Haec
473 1079 572 1145 tlrora
590 1090 637 1144 est
654 1100 736 1167 pars
752 1079 928 1143 uerborum
943 1074 1094 1164 foederis
1115 1072 1241 1163 (tat),
1269 1098 1416 1163 quartem
1435 1076 1546 1143 altera

219 1209 302 1277 pars
318 1198 399 1252 sicut
413 1183 664 1252 benedictiones
679 1195 711 1249 et
726 1182 986 1250 maledictiones
1002 1204 1076 1271 cap.
1104 1178 1161 1250 28.

271 1293 332 1380 (9).
358 1292 458 1358 Liber
491 1291 622 1370 thorae,
654 1312 755 1379 quem
791 1292 923 1379 Moyses
955 1287 1100 1355 tradidit
1128 1286 1376 1367 sacerdotibus,
1409 1301 1546 1378 praeter

226 1400 324 1465 rerba
338 1397 489 1486 foederis
502 1396 645 1464 habebat
653 1395 922 1486 praeambulum
934 1417 1011 1484 cap.
1024 1393 1048 1463 5
1059 1405 1090 1459 et
1099 1394 1309 1484 paraenesin
1321 1393 1341 1462 7
1343 1395 1378 1478 ‚t
1382 1393 1442 1464 9-1
1449 1394 1466 1461 1
1470 1391 1542 1475 ‚ii

272 1504 354 1595 (10).
373 1503 556 1585 erodoero
572 1502 672 1568 linias
685 1500 768 1568 libri
778 1501 1023 1592 antiquissima
1044 1500 1246 1590 apopraptra
1255 1502 1379 1569 attinet
1384 1554 1395 1586 ,
1405 1513 1546 1590 potuere

225 1634 267 1678 ca
282 1623 464 1701 praeterea
482 1609 604 1676 tabere
626 1622 687 1675 out
706 1608 917 1698 paraenesin
933 1604 1108 1698 (priorem)
1124 1621 1186 1673 aut
1202 1606 1380 1674 historiam
1393 1606 1546 1694 foederis

226 1730 287 1785 ant
306 1730 499 1807 atramque,
518 1729 622 1806 atque
639 1714 868 1781 nihilominus
885 1714 1000 1780 thorae
1018 1713 1158 1780 norriine
1177 1712 1359 1803 appellari.

263 1916 342 1967 Hanc
355 1917 460 1980 Moysis
471 1917 581 1966 tharam
591 1916 729 1980 praelegit
741 1914 823 1965 losue
834 1909 864 1963 in
880 1915 988 1977 priore,
1003 1925 1087 1978 quam
1100 1913 1225 1977 Galgalis
1238 1913 1349 1973 habuit,
1364 1913 1547 1963 renovatione

227 2006 347 2056 [oederis
362 2007 417 2056 los.
435 2004 498 2057 aii
509 2018 552 2069 sq.
571 2018 577 2053 :
592 2020 603 2051 1
621 2004 702 2068 Legit
713 2006 808 2054 omnia
818 2003 904 2054 verba
920 2004 1019 2053 thorae
1032 2001 1256 2053 benedictionem
1267 2007 1295 2052 et
1310 2002 1545 2057 maledictionem,

225 2097 320 2145 omnia
334 2100 417 2157 prout
431 2096 535 2156 scripta
547 2098 626 2143 crant
639 2095 668 2143 in
682 2093 753 2159 libre
764 2094 875 2156 iberam
887 2105 944 2142 non
954 2091 1006 2141 tuit
1016 2091 1132 2141 verbum
1143 2103 1178 2141 ex
1190 2090 1334 2149 omnibus,
1349 2103 1422 2154 quae
1434 2092 1546 2154 scripsit

227 2183 350 2243 Moyses,
367 2183 441 2244 qnod
456 2195 513 2231 non
526 2182 698 2244 praelegerit
713 2180 795 2231 Iosue
814 2193 908 2231 coram
923 2181 1055 2230 universa
1069 2180 1206 2230 concione
1222 2178 1324 2239 lsrael,
1337 2179 1501 2229 mulieribus
1520 2187 1548 2229 et

228 2271 352 2332 parvulis
365 2272 392 2319 et
403 2270 529 2330 adventa,
544 2271 592 2332 qul
606 2270 792 2320 versabantur
807 2270 836 2318 in
853 2269 944 2319 medio
959 2281 1056 2319 eorum
1067 2284 1092 2317 1.
1106 2268 1215 2326 Quibus
1225 2269 1352 2332 proxime
1365 2269 1490 2319 imitatus
1504 2277 1548 2319 est

228 2358 311 2407 losue
321 2357 436 2419 Moysen
451 2357 534 2407 licut.
546 2357 589 2409 09.
609 2357 636 2406 11
655 2354 719 2421 (10).
736 2359 785 2420 qui
798 2358 863 2409 item
874 2370 937 2407 cum
952 2358 1019 2407 viris
1034 2356 1230 2420 alloquebatur
1243 2356 1386 2417 mulieres,
1404 2357 1547 2420 parvulos.

227 2446 360 2504 advenas,
374 2445 486 2509 quando
501 2445 600 2495 eadem
613 2444 694 2494 thora
704 2458 773 2495 usus
787 2447 975 2495 instrumento
987 2444 1086 2496 loedus
1096 2446 1219 2495 restituit
1231 2445 1259 2495 in
1272 2447 1347 2495 terra
1357 2444 1447 2495 Moab.
1459 2444 1547 2494 Prae-

227 2533 296 2598 legit
311 2537 404 2584 autem
418 2534 500 2584 losue
515 2534 686 2585 verbotenus
700 2534 790 2584 sclam
806 2540 834 2585 et
849 2539 936 2585 totam
951 2535 1071 2595 choram,
1086 2547 1120 2583 ex
1136 2535 1198 2596 ipso
1209 2535 1249 2582 uti
1264 2533 1428 2585 crediderim
1442 2532 1547 2595 Moysis

227 2623 413 2686 autographo.
425 2621 511 2674 Cuius
523 2623 622 2673 thorae
630 2623 724 2684 partes
733 2626 942 2673 enumerantur.
953 2624 1074 2685 primum
1087 2623 1166 2671 ibora
1175 2623 1408 2672 sensustrictiore
1422 2624 1545 2684 accepta.

228 2713 395 2776 pentalogus
415 2724 479 2761 cum
494 2711 676 2774 praeambulo
696 2715 724 2761 et
745 2713 907 2774 paraenesi,
924 2711 989 2761 dein
1010 2710 1156 2760 benedictio
1176 2709 1454 2770 sinalidensis.
1472 2709 1547 2770 081-

230 2800 272 2850 16.
297 2801 372 2864 Ergo
393 2801 475 2850 thora
494 2800 551 2850 illis
568 2800 677 2850 duabus
696 2800 822 2862 partibus
842 2800 1002 2857 constabat,
1019 2806 1080 2849 erat
1099 2799 1160 2849 sola
1180 2799 1305 2849 secunda
1325 2800 1414 2849 oratio
1432 2799 1545 2859 Moysis.

229 2891 337 2939 Poteris
353 2896 448 2939 tamen
462 2889 548 2938 verba
562 2889 740 2951 interpretari
755 2890 840 2938 etiam
855 2890 894 2936 ita
911 2901 916 2935 ι
933 2887 1001 2952 legit
1021 2889 1109 2937 totam
1129 2888 1253 2950 theram,
1268 2899 1445 2951 nequaquam
1460 2889 1546 2935 omis-

229 2979 268 3025 sis
286 2976 529 3025 benedictionibus
544 2979 571 3025 et
587 2976 843 3025 rnaledietionlbus.
860 2975 902 3025 lta
922 2975 975 3025 hae
995 2975 1163 3026 exhibentur
1180 2982 1211 3026 ut
1227 2978 1282 3026 sint
1298 2988 1333 3026 ea
1349 2975 1448 3025 thorae
1465 2988 1545 3039 pars.

231 3077 303 3128 quae
318 3064 563 3114 vehementissime
584 3063 757 3113 audientium
774 3065 883 3114 animos
902 3070 977 3114 essct
997 3068 1171 3115 commotum
1193 3078 1198 3112 :
1217 3064 1423 3115 demonstratur
1436 3075 1548 3115 rursum

232 3153 312 3202 thora
328 3152 353 3211 1,
365 3150 407 3209 ti,
426 3153 506 3201 cuius
521 3153 597 3214 prior
617 3165 681 3216 pars
702 3159 744 3202 est
769 3153 939 3216 pentalogus
954 3154 1028 3215 (cum
1043 3154 1211 3216 paraenesi),
1226 3154 1315 3203 altera
1333 3156 1398 3204 sunt
1415 3153 1547 3204 benedic·

232 3243 323 3291 tiones
337 3243 365 3290 et
380 3235 605 3291 maledictiones.

278 3422 329 3482 10.
352 3421 469 3483 Τ1011
492 3437 513 3482 a
536 3419 869 3483 100111151111111
893 3439 1071 3485 11111.-
1094 3416 1147 3483 Uti
1168 3421 1275 3506 patet,
1293 3417 1545 3505 autographum

230 3521 348 3588 thorae
367 3523 411 3589 ab
436 3522 595 3589 Hebraeis
617 3522 840 3589 sacerrimum
861 3523 1066 3606 habebatur,
1090 3545 1160 3589 non
1183 3522 1365 3589 hominum
1391 3522 1547 3590 manibus

231 3626 446 3701 credebatur,
472 3650 541 3695 non
559 3628 823 3716 permittebatur
846 3629 1036 3696 scribarum
1060 3629 1216 3696 arbitrio.
1240 3630 1411 3706 Quamdiu
1435 3650 1548 3719 perse-

231 3734 400 3799 veraverit
425 3734 537 3823 ipsum
559 3735 679 3821 Moysis
702 3736 975 3825 autographum,
1004 3758 1050 3802 an
1079 3742 1112 3802 et
1138 3736 1277 3825 eluendo
1304 3736 1546 3825 apographum

230 3838 373 3928 aliquod
387 3839 424 3905 in
436 3828 510 3906 eius
524 3840 636 3906 locum
649 3841 753 3907 fuerit
767 3841 1024 3924 sufficiendum,
1040 3842 1251 3928 ignoramus
1267 3847 1381 3932 Neque
1396 3842 1547 3927 gratuite

231 3946 507 4033 supponendum,
531 3946 616 4013 illud
635 3946 726 4014 idem
748 3949 1004 4037 acitographum
1027 3970 1146 4015 omnes
1164 3957 1358 4037 temporum
1379 3946 1546 4011 vicissitu-

233 4051 455 4147 Qnea-arcae
474 4052 600 4130 exsilia,
618 4053 817 4141 iniquorum
838 4054 917 4121 odia
937 4056 1082 4122 evasisse
1099 4057 1284 4123 incolume.
1302 4052 1368 4121 Sed
1386 4053 1424 4119 in
1439 4075 1486 4132 re,
1505 4054 1547 4119 de

139 4152 302 4249 ,sque
324 4158 400 4225 silet
424 4159 605 4249 scriptura,
637 4159 742 4226 satius
767 4167 817 4226 est
843 4160 880 4227 in
904 4168 1063 4229 neutram
1088 4167 1221 4251 partem
1247 4160 1422 4228 affirmare
1447 4158 1547 4249 quid-

20 4254 131 4389 s:
233 4286 348 4353 quam.
371 4265 440 4345 Bis,
468 4272 502 4330 et
528 4266 581 4332 bis
604 4272 738 4334 tantum
761 4273 839 4334 ante
865 4267 1017 4349 Esdram,
1040 4278 1253 4358 compertum
1280 4269 1449 4334 habemus
1472 4289 1547 4333 eam

233 4372 349 4457 Moysis
368 4371 503 4438 theram
523 4373 633 4440 maius
652 4373 794 4463 aliquod
813 4375 981 4464 accepisse
998 4375 1258 4442 incrementum.
1282 4381 1378 4442 losue
1401 4374 1548 4440 volumi-

233 4478 350 4560 nibus,
368 4478 493 4568 quihus
506 4481 625 4565 bloysis
640 4482 740 4547 thora
753 4480 923 4572 descripta
939 4489 1023 4561 erat,
1043 4482 1188 4549 inseruit
1201 4505 1342 4549 suorum
1363 4480 1547 4549 verborum

234 4586 397 4652 volumen
421 4586 475 4652 vel
497 4585 687 4667 volumina;
710 4590 846 4656 Samuel
865 4611 964 4656 suum
986 4589 1129 4655 inscruit
1152 4589 1318 4657 iudicium
1340 4589 1452 4676 regni.
1476 4593 1547 4654 Non

235 4693 393 4779 cogimur
407 4691 594 4775 adstruere,
609 4695 811 4762 alterutrum
823 4697 946 4762 horum
961 4696 1112 4761 virorum
1129 4696 1294 4764 violentus
1310 4697 1416 4764 veluti
1428 4717 1550 4763 manus
