3366 5346
182 257 242 316 376
638 266 871 313 cerrecrrnrun
891 268 1044 314 sautans.

180 410 334 495 spectent
349 425 428 469 cum
449 406 575 489 Moyses
597 406 669 467 tum
685 401 847 482 Christus,
866 407 999 491 spectat
1018 400 1061 467 ad
1085 400 1231 468 eandem
1246 403 1507 491 prophetarum

181 510 284 578 series
299 516 431 596 Moysen
448 508 539 575 inter
557 512 591 574 et
609 508 791 574 Christum.
809 512 924 596 Neque
941 530 1019 574 cum
1040 506 1113 575 Cui.
1138 506 1232 574 dicas
1247 507 1405 597 promitti
1422 530 1508 598 pro-

181 618 322 708 phetam
337 615 429 682 sicut
448 637 514 696 mc,
531 636 615 701 erge
634 614 840 704 prophetam
856 613 1088 703 lepislatorcm
1112 636 1119 678 :
1142 613 1195 694 id,
1213 613 1307 703 quod
1321 614 1508 681 evidenter

181 722 395 813 promittitur
409 726 466 789 Ex.
483 728 526 787 20
542 727 575 787 et
587 725 683 787 Deut.
701 727 733 798 5,
752 727 803 786 est
817 720 987 810 propheta
1001 742 1068 788 non
1084 719 1272 806 legislator,
1289 719 1350 787 sed
1365 719 1506 788 media-

183 843 247 910 tor,
266 827 327 918 qui
349 828 465 894 divina
490 825 645 910 oracula,
667 827 737 894 sive
762 849 803 895 ea
820 827 915 913 leges
934 831 1045 893 essent
1068 825 1139 893 sive
1156 825 1236 908 alia,
1264 827 1466 894 immediate
1485 850 1507 895 a

182 941 248 1002 Deo
271 934 441 1024 acciperet
461 939 493 1001 et
513 933 673 1000 Hebraeis
702 932 962 1000 transmitteret.
989 936 1103 1022 Neque
1126 932 1212 1000 illud
1231 932 1321 1002 sicut
1340 956 1394 1000 mc
1418 934 1506 1001 dicit

182 1040 419 1108 omnimodam
448 1038 704 1129 aequalitatem,
735 1062 826 1127 quae
860 1061 973 1128 neque
1005 1039 1156 1106 hebetur
1185 1038 1276 1106 inter
1305 1045 1441 1127 Moysen
1470 1047 1507 1108 et

181 1147 365 1228 Christum,
388 1147 449 1213 sed
469 1146 713 1236 aequalitatem
736 1145 772 1211 in
793 1166 919 1233 genere
941 1144 1133 1235 prophetae
1153 1144 1364 1229 mediatoris,
1381 1145 1504 1215 divina

184 1253 322 1322 oracula
341 1253 527 1320 deferentis
542 1252 586 1319 ad
601 1252 781 1342 populum.

232 1365 264 1428 t.
293 1359 387 1426 ldem
406 1359 510 1426 efficit
529 1371 709 1425 contaetus
734 1357 838 1425 totius
850 1357 1038 1448 pericopae
1055 1354 1298 1443 rasta-twa.
1314 1362 1406 1435 Quae
1429 1358 1506 1445 agit

184 1465 228 1535 de
243 1464 390 1555 publicis
409 1464 670 1551 magistratibus
691 1487 699 1534 :
721 1466 873 1554 primum
887 1464 930 1530 de
953 1463 1126 1531 iudicibus
1146 1464 1388 1532 communibus
1403 1470 1438 1531 et
1459 1464 1505 1532 de

184 1571 416 1661 appellatione
432 1571 476 1640 ab
498 1572 552 1637 his
567 1570 611 1638 ad
632 1592 830 1660 supremum
851 1556 1006 1637 tribunal
1032 1570 1505 1653 16,18-17‚1a;seeund0de

184 1698 261 1765 repe
276 1676 514 1743 constituendo
536 1681 714 1760 17‚1t-20;
736 1676 839 1743 tertio
855 1676 897 1742 de
918 1674 1152 1744 sacerdotibus
1168 1682 1303 1758 18‚1-83
1322 1683 1446 1766 quarto
1459 1676 1505 1744 de

44 1824 47 1829 -
63 1798 70 1804 '
179 1783 369 1876 prophetis,
383 1782 447 1849 Ubi
463 1783 616 1873 primum
634 1782 897 1872 proscribuntur
914 1782 1238 1873 pseudoprophetae
1254 1780 1503 1883 18‚9-1Qdein

184 1889 469 1958 commendantur
488 1888 561 1956 veri
585 1889 776 1980 prophetae
800 1895 974 1970 18‚13-22.
999 1893 1155 1975 Regnum
1177 1890 1384 1979 supponitur
1401 1888 1505 1955 brevi

182 1994 445 2072 instituendum3
470 1994 615 2080 iudices,
641 1995 849 2078 sacerdotes,
871 1995 1064 2084 prophetae
1084 1994 1188 2084 (sicut
1205 1995 1273 2084 mc)
1291 1994 1362 2061 iam
1387 1999 1502 2062 erant.

184 2105 259 2169 Non
277 2101 349 2187 agit
362 2101 513 2190 prolecto
528 2101 692 2191 pericope
709 2101 870 2176 derebus
885 2100 1024 2168 nonnisi
1043 2108 1120 2190 post
1134 2101 1236 2191 plura
1248 2100 1386 2168 saecula
1404 2101 1503 2168 futu-

181 2207 240 2290 ris,
259 2208 320 2275 sed
335 2207 378 2273 de
393 2207 495 2274 rebus
516 2207 812 2296 contemporaneis
831 2213 864 2274 et
884 2206 1056 2297 practicis.
1079 2211 1329 2276 Documentum
1346 2208 1390 2274 de
1408 2206 1504 2274 iudi-

181 2312 280 2381 cibus
302 2313 408 2381 hebet
433 2320 533 2394 17,12
561 2336 613 2404 sq.
640 2314 848 2404 adscriptam
869 2313 1080 2381 sanctionem
1106 2313 1143 2380 in
1167 2335 1260 2397 eum,
1286 2315 1346 2404 qui
1376 2319 1504 2381 contra

183 2441 384 2509 supremum
398 2419 553 2487 tribunal
570 2420 765 2509 superbiat;
784 2419 1029 2487 documentum
1045 2419 1088 2486 de
1108 2442 1191 2506 rege
1208 2427 1309 2501 17,ἳο
1328 2419 1456 2487 desinit
1467 2421 1503 2487 in

183 2525 396 2593 sanctionem
419 2527 525 2593 latam
544 2525 583 2592 in
607 2547 737 2613 regem,
762 2528 822 2616 qui
848 2531 969 2593 contra
990 2526 1157 2616 populum
1182 2528 1285 2593 lahve
1304 2525 1501 2617 superbiat;

184 2632 430 2701 documentum
447 2632 490 2699 de
516 2632 750 2700 sacerdotibus
773 2639 851 2712 18‚8
878 2631 1028 2700 excludit
1047 2632 1239 2700 sacerdotes
1254 2631 1434 2719 indignes3
1462 2632 1506 2698 si·

184 2737 314 2807 militer
329 2739 574 2807 documentum
593 2739 637 2805 de
656 2739 826 2830 propheta
849 2738 1025 2807 clauditur
1047 2745 1149 2821 18‚19
1169 2760 1222 2829 sq.
1240 2739 1415 2806 sanctione
1431 2738 1505 2806 lata

183 2845 414 2913 inhominem
438 2850 558 2912 contra
575 2846 793 2934 prophetam,
818 2851 852 2911 et
871 2846 907 2910 in
922 2846 1133 2935 prophetam
1151 2850 1271 2912 contra
1296 2845 1422 2912 lahven
1445 2866 1504 2912 su-

184 2949 413 3038 perbientem.
436 2956 520 3017 Sunt
545 2951 765 3018 haecomnia
785 2953 833 3017 ita
858 2951 976 3019 affinia
1000 2950 1090 3018 inter
1107 2973 1153 3034 se,
1170 2957 1209 3019 ut
1232 2956 1381 3042 nequeat
1405 2955 1503 3018 r.15

187 3077 265 3145 sqq.
299 3056 408 3143 accipi
436 3063 472 3122 ut
502 3077 598 3122 mera
624 3057 807 3146 prophetia
831 3079 969 3137 eorum,
994 3058 1143 3145 quaein
1168 3057 1363 3125 novissimis
1381 3055 1505 3124 diebus

186 3165 349 3228 eventura
362 3161 440 3226 sint.
459 3162 628 3251 Propheta
643 3162 882 3230 consideratur
898 3163 949 3229 uti
964 3162 1159 3231 institutum
1172 3171 1504 3254 contemporaneum

187 3271 222 3335 et
232 3288 449 3356 permanens,
465 3267 553 3335 sieut
563 3267 678 3351 iudex,
695 3269 866 3351 sacerdos,
884 3291 954 3338 rex.

233 3379 265 3442 5.
289 3379 335 3441 De
359 3373 448 3440 facto
465 3374 561 3442 luere
576 3375 671 3465 apud
693 3376 860 3442 israelitas
877 3381 956 3465 post
979 3379 1114 3464 Meysen
1133 3398 1205 3443 non
1225 3375 1337 3443 solum
1357 3364 1502 3458 iudices,

188 3481 397 3565 sacerdotes,
420 3503 534 3569 reges,
557 3481 619 3549 sed
643 3482 746 3550 etiam
771 3484 972 3573 prophetae.
1001 3482 1194 3549 lneulcatur
1218 3483 1255 3549 in
1274 3481 1506 3573 pentateucho

188 3587 382 3654 reverentia
401 3611 485 3674 erga
503 3588 650 3672 iudices,
677 3589 885 3671 sacerdotes,
911 3610 1010 3676 reges
1037 3610 1045 3656 ε
1067 3610 1182 3656 nonne
1202 3588 1381 3678 oportebat
1399 3586 1506 3655 etiam

189 3692 356 3760 inculcari
378 3696 607 3761 reverentiam
621 3716 704 3782 erga
719 3697 927 3786 prophetas?
942 3694 1039 3772 Quod
1053 3696 1090 3761 fit
1104 3695 1139 3762 h.
1155 3695 1181 3762 l.

235 3805 267 3865 a.
299 3798 415 3865 ludaei
442 3799 603 3889 aequales
634 3802 758 3868 Christi
785 3801 999 3892 appellantes
1030 3806 1125 3869 Deut.
1154 3808 1255 3883 18‚15
1284 3799 1428 3868 unicum
1447 3821 1505 3866 ex-

189 3905 389 3995 spectabant
410 3905 616 3996 prophetam
640 3908 811 3976 messiam.
844 3912 911 3991 Sc,
945 3907 1040 3997 quod
1067 3912 1118 3974 tot
1144 3907 1214 3974 iam
1240 3907 1507 3998 praecessissent

189 4012 378 4100 prophetae
393 4018 427 4079 et
441 4019 507 4078 tem
511 4034 594 4101 pora
605 4036 625 4079 a
638 4015 774 4081 Daniele
789 4015 1011 4104 praesignata
1019 4015 1243 4104 exspirarent,
1260 4035 1367 4080 unum
1381 4001 1503 4102 super-

190 4122 263 4182 erat
278 4117 411 4184 ludaeis
426 4119 710 4208 exspectandum,
728 4121 875 4188 messias.
898 4125 967 4186 lloc
988 4141 1097 4188 unum
1116 4118 1172 4186 illi
1189 4121 1352 4208 futurum
1367 4117 1523 4208 prospi-'

191 4221 341 4301 ciebant;
356 4245 428 4289 nen
442 4224 629 4311 negabant,
646 4225 681 4291 ti
700 4225 851 4292 eiusdem
865 4225 1101 4316 promissionis
1115 4227 1273 4317 patribus
1290 4227 1358 4294 suis
1378 4237 1508 4315 tempo-

190 4327 285 4393 ribus
300 4341 380 4394 unte
397 4328 482 4396 actis
497 4330 584 4398 alios
598 4354 777 4399 concessos
793 4355 862 4400 esse
875 4334 1073 4423 prophetas.

235 4439 325 4520 Ergo
359 4439 470 4502 textus
496 4436 706 4506 demonstrat
737 4441 933 4507 universum
972 4441 1166 4506 institutum
1204 4439 1454 4529 prophetarum
1486 4461 1509 4505 a

144 4548 149 4560 '
190 4545 299 4630 lloyse
322 4541 368 4608 acl
391 4541 552 4611 ultimum
575 4545 793 4635 prophetam,
817 4547 903 4612 sieut
929 4551 1029 4627 16,18
1051 4568 1127 4635 sqq.
1152 4567 1270 4613 omnes
1296 4544 1509 4611 demonstrat

189 4646 334 4733 iudices,
355 4655 457 4733 17,15
473 4672 548 4742 sqq.
570 4673 669 4739 reges
691 4675 713 4718 a
730 4654 845 4742 primo
870 4652 915 4741 (v.
945 4653 1000 4741 15)
1028 4673 1146 4719 omnes
1174 4653 1217 4742 (v.
1234 4652 1311 4740 20),
1333 4657 1410 4733 18‚1
1427 4673 1506 4741 sqq.
