3366 5346
237 307 295 365 19²2
709 318 817 364 omno
839 317 949 362 norsrs
971 314 1073 363 rarus.

233 479 264 521 v.
286 462 326 523 111
349 460 508 521 accurata
529 454 714 542 descriptio
739 459 950 540 temporum,
972 449 1096 538 quibus
1116 448 1261 515 Cadcsac
1284 434 1467 515 substitere
1487 454 1556 516 He·

232 563 341 643 braei,
361 562 430 627 sive
451 579 558 650 usquc
576 560 620 628 ad
638 558 883 650 protectionem
902 563 957 639 2,1
981 555 1107 623 Cadesa
1131 555 1309 621 Iordanem
1330 578 1457 637 versus,
1478 556 1552 623 sive

231 691 339 757 usque
360 667 403 734 ad
421 667 584 758 quosdam
607 667 748 733 sortasse
769 669 926 745 eventus,
948 662 1009 752 qui
1028 662 1189 750 primitus
1207 661 1298 728 inter
1319 686 1351 727 v.
1374 667 1415 727 16
1436 669 1469 728 01
1489 669 1547 745 2,1

232 774 474 855 narrabantur,
493 773 530 841 in
550 781 668 840 nostro
689 778 804 840 autem
825 777 918 836 textu
941 768 1136 852 reticentur.
1163 768 1358 850 Habebatur
1383 767 1552 858 primitus

231 882 333 948 etiam
358 885 457 947 Num.
478 886 555 960 20,1
582 884 742 947 accurata
763 877 946 964 descriptio
967 875 1147 966 temporis,
1165 897 1233 963 quo
1256 875 1401 941 Hebraei
1424 898 1550 964 perve-

229 1010 309 1054 nere
339 986 499 1052 Cadesam
526 985 688 1052 strictiori
714 1006 816 1051 sensu
839 987 1030 1072 acceptam,
1050 980 1110 1048 ubi
1139 988 1275 1048 mortua
1306 986 1355 1047 est
1376 980 1478 1048 Maria
1508 1005 1549 1050 ac

229 1092 327 1161 brevi
352 1101 428 1183 post
451 1093 588 1160 initium
615 1091 759 1180 sumpsit
783 1112 910 1176 magna
939 1087 1107 1178 apostasia
1129 1087 1322 1154 cadesiana.
1350 1087 1550 1156 Habebatur

56 1260 62 1271 ,
167 1247 169 1250 <
231 1199 392 1290 primitus
408 1201 548 1265 fortasse
566 1199 668 1265 etiam
684 1201 781 1263 Dent.
794 1204 849 1278 2,1
867 1195 1057 1263 accuratior
1071 1193 1251 1284 descriptio
1262 1196 1437 1283 temporis,
1452 1195 1549 1284 quod

232 1309 267 1373 in
290 1305 538 1373 circumeundo
564 1309 679 1371 monte
707 1303 779 1370 Seir
803 1303 1014 1391 insumpsere
1038 1300 1201 1381 Hebraei,
1224 1300 1284 1367 nbi
1307 1323 1400 1368 nunc
1427 1301 1550 1369 eadem

231 1401 334 1502 atque
349 1436 382 1478 r.
402 1419 442 1479 16
455 1433 544 1498 vaga
559 1411 686 1498 legitur
704 1410 873 1498 expressio
892 1407 1011 1483 multis
1028 1407 1157 1474 dicbus.
1181 1407 1289 1474 Habes
1309 1406 1448 1474 tandem
1466 1414 1547 1490 2,st
1619 1451 1622 1453 Δ

232 1541 339 1586 annos
357 1517 501 1604 triginta
518 1525 605 1599 octo,
621 1538 705 1605 quos
724 1515 782 1582 alii
802 1515 885 1582 item
904 1521 1013 1582 textus
1031 1514 1149 1604 plures
1168 1523 1449 1582 commemorant.

276 1623 439 1691 Studebat
453 1616 560 1710 igitur
575 1621 744 1689 recentior
762 1622 821 1688 ille
839 1622 952 1689 scriba
971 1622 1157 1688 obscurare
1177 1632 1342 1710 tempora,
1363 1643 1452 1710 quae
1473 1627 1551 1690 acta

232 1729 414 1798 cadesiana
433 1729 667 1815 attingebant,
688 1750 758 1794 non
777 1733 894 1794 tamen
914 1750 1139 1817 quaeeunque
1156 1727 1214 1794 iila
1237 1733 1394 1816 tempora
1413 1734 1548 1817 specta-

232 1838 326 1903 bant.
345 1837 653 1903 Commorationem
672 1833 888 1901 cadesianam
907 1833 1010 1901 latius
1028 1839 1221 1924 acceptam,
1240 1856 1327 1922 quae
1347 1833 1447 1900 etiam
1470 1840 1550 1901 acta

231 1944 266 2010 in
293 1944 429 2009 Pharan
455 1940 618 2020 includit,
646 1942 797 2028 ingenue
825 1927 949 2008 fatetur
974 1941 1076 2007 fuisse
1101 1946 1142 2008 38
1171 1962 1358 2007 annorum.
1388 1945 1429 2007 At
1458 1939 1549 2007 celat

231 2047 371 2116 initium
391 2049 565 2138 temporis,
581 2047 675 2137 quod
692 2046 937 2114 circumeundo
955 2047 1063 2114 monti
1081 2046 1154 2114 Scir
1169 2046 1372 2136 impendere
1388 2046 1545 2130 Hebraei,

232 2155 325 2246 quod
337 2154 428 2221 idem
440 2154 520 2243 finis
535 2155 659 2221 exstitit
674 2154 766 2221 illius
779 2154 1068 2221 commorationis.
1087 2154 1180 2221 Celat
1194 2152 1276 2221 item
1291 2152 1432 2219 initium
1444 2157 1546 2220 Num.

232 2269 308 2342 ³20,1
334 2261 615 2328 commorationis
637 2261 747 2328 iactae
768 2261 805 2327 in
827 2261 931 2328 Gades
954 2265 1085 2327 Barnea
1109 2260 1258 2350 pressius
1282 2267 1433 2349 accepta.
1461 2265 1548 2338 Quot

231 2366 313 2434 anni
332 2367 525 2435 effluxerint
543 2367 633 2434 inter
650 2367 836 2434 adventum
856 2390 964 2457 prope
981 2373 1093 2456 Aquas
1112 2365 1398 2434 contradictionis
1415 2372 1447 2432 et
1465 2388 1548 2455 pro·

231 2475 424 2557 fect-ionem,
445 2473 574 2540 reticet.
594 2473 740 2541 Eluderc
762 2474 877 2541 studet
893 2474 1141 2563 quaestionem,
1162 2472 1245 2563 quid
1266 2473 1335 2539 illis
1356 2479 1447 2539 certe
1467 2471 1547 2562 plus

232 2603 334 2670 quarn
361 2587 403 2647 30
428 2580 527 2647 annis
547 2586 660 2648 actum
684 2582 743 2662 sit3
773 2580 938 2649 curiosius
963 2560 1175 2671 inquirentes
1197 2578 1340 2647 remittit
1368 2579 1412 2646 ad
1441 2583 1543 2647 Num.

232 2694 431 2771 ran-mna
459 2688 509 2775 (z
535 2692 629 2754 Dent.
654 2688 745 2775 zib)
770 2693 927 2763 narrata,
954 2710 1042 2777 quae
1071 2687 1164 2776 quod
1193 2692 1324 2754 certam
1349 2692 1545 2775 temporum

231 2796 399 2863 rationem
422 2794 629 2883 adscriptam
652 2816 721 2860 non
743 2794 911 2875 habeant,
934 2793 1144 2860 distribuant
1169 2793 1236 2859 sibi
1257 2816 1321 2882 pro
1340 2792 1453 2861 lubitu
1474 2793 1546 2858 lec-

229 2909 319 2968 tores
334 2923 398 2990 per
411 2900 489 2965 illos
505 2907 546 2966 30
561 2921 683 2966 annos,

273 3013 315 3072 nt
328 3006 479 3094 proiecto
493 3027 561 3070 non
572 3004 702 3072 nudam
714 3013 909 3095 temporum
925 3007 1092 3073 rationem
1104 3006 1263 3096 cupiebat
1275 3006 1332 3074 ille
1347 3005 1543 3087 obscurare,

229 3113 288 3179 sed
309 3115 407 3199 sacta
429 3110 599 3200 quaedam
625 3133 713 3199 quae
739 3110 807 3179 illis
830 3113 1043 3201 temporibus
1072 3136 1227 3182 evenere.
1256 3113 1354 3195 Vide,
1379 3134 1466 3202 quae
1495 3116 1547 3178 CN

230 3243 263 3308 p.
283 3225 346 3287 1118
362 3240 438 3307 sqq.
464 3217 664 3284 dicebamus
679 3217 721 3283 de
743 3239 870 3305 magna
888 3218 947 3285 1113
963 3219 1096 3286 Israelis
1110 3219 1154 3286 ad
1169 3227 1283 3310 Aquas
1299 3218 1545 3287 contradictio·
1638 3308 1640 3313 Ι

230 3325 282 3391 nis
297 3324 483 3415 apostasia,
500 3324 595 3390 cuius
615 3330 666 3391 sat
681 3324 776 3391 clara
797 3326 939 3412 vestigia
957 3326 1116 3415 pluribus
1133 3331 1169 3392 V.
1187 3333 1222 3393 T.
1245 3327 1328 3393 locis
1346 3348 1546 3416 persevera-

230 3455 325 3514 vere,
342 3431 401 3499 sed
421 3431 572 3498 narratio
591 3430 665 3520 ipsa
681 3430 831 3498 studiose
847 3440 897 3499 est
919 3432 1041 3500 excisa.
1059 3439 1149 3500 Hanc
1165 3439 1280 3500 autem
1295 3455 1408 3499 nonne
1424 3431 1544 3498 debuit

229 3543 353 3627 Moyses
379 3539 415 3604 in
438 3562 498 3607 sua
523 3539 587 3605 hae
617 3537 770 3606 oratione
799 3561 1085 3620 commemorare,
1111 3540 1199 3607 sicut
1222 3538 1376 3629 priorem
1405 3537 1545 3628 copiose

230 3652 449 3712 enarraverat
465 3645 712 3713 rebellionem?
725 3651 902 3713 Poteratne
922 3645 1058 3714 silentio
1077 3648 1267 3736 praeterire
1290 3652 1430 3713 eventus
1447 3645 1541 3727 illos,

230 3751 289 3841 qui
304 3773 406 3818 causa
421 3753 572 3832 fuerant,
591 3775 652 3819 cur
666 3758 804 3842 praeter
818 3753 968 3842 reliquos
984 3754 1153 3821 Hebraeos
1169 3754 1301 3821 adultos
1317 3755 1388 3842 ipse
1404 3774 1544 3842 quoque

230 3881 250 3924 a
269 3865 360 3925 terra
380 3856 546 3948 promissa
567 3858 823 3926 excluderetur?
844 3863 953 3936 Quare
971 3859 1177 3927 crediderim
1198 3883 1229 3925 v.
1249 3867 1290 3927 16
1304 3858 1463 3949 primitus
1478 3859 1542 3924 ha-

228 3965 345 4032 buisse'
363 3972 498 4054 tempus
518 3986 586 4029 non
610 3964 713 4031 totins
735 3966 1013 4032 commorationis
1032 3967 1247 4045 cadesianac‚
1265 3966 1324 4032 sed
1344 3964 1431 4032 illud
1447 3965 1542 4054 quod

228 4076 326 4137 Num.
342 4078 444 4137 13-20
458 4071 586 4138 effluxit
600 4080 634 4135 ct
647 4070 803 4160 primitus
818 4075 921 4139 otiam
938 4078 1035 4141 Num.
1052 4080 1130 4154 20‚1
1147 4074 1342 4160 legebatur3
1360 4079 1434 4161 post
1449 4071 1542 4159 quod

228 4177 479 4266 perstringebat
504 4183 630 4267 Moyses
658 4183 734 4244 acta
759 4179 802 4244 ad
830 4187 941 4267 Aquas
968 4180 1267 4259 Contradictionis,
1292 4178 1496 4246 sententiam
1520 4202 1541 4244 a

230 4284 331 4350 labne
351 4283 386 4349 in
405 4284 516 4372 ipsum
537 4284 657 4365 latam,
677 4285 880 4373 apostasiam
897 4287 1033 4375 populi,
1051 4286 1231 4376 adscriptis
1252 4287 1393 4353 fortasse
1413 4286 1540 4351 borum

230 4395 413 4457 eventuum
432 4391 659 4479 temporibus;
678 4391 816 4459 tandem
838 4396 932 4461 Dent.
957 4401 976 4458 *2
995 4393 1203 4482 procedebat
1226 4393 1269 4458 ad
1291 4392 1540 4482 prosectionem

230 4497 407 4564 Iordanem
425 4518 541 4562 versus
557 4497 796 4565 enarrandam.
