3366 5346
479 267 527 325 11.
552 282 607 327 nex
630 283 667 326 nn
689 283 858 329 raeruens
882 228 1001 330 incur.
1027 266 1118 336 1819
1141 281 1204 333 soe.
1443 265 1500 324 313

185 417 391 506 prophetam
420 415 539 482 audire
561 417 785 498 recusaverit;
806 418 914 485 altera
937 441 969 484 v.
989 424 1031 483 81
1053 416 1090 483 in
1115 413 1337 505 prophetam,
1355 412 1415 503 qui
1438 436 1500 479 suo

185 523 388 589 charismate
412 523 584 591 abutatur.
607 523 733 591 Similis
756 525 940 614 utrobique
962 522 1169 590 constructio
1192 541 1199 586 :
1224 520 1292 584 'auu
1309 535 1396 582 utun
1414 534 1497 593 ntur,

185 634 219 696 et
241 644 423 711 run-rernm
440 643 494 717 aa.
512 652 545 698 v.
572 635 611 696 81
634 652 684 721 sq.
710 652 794 698 voce
819 648 860 696 rm
883 630 1064 699 subiicitur
1087 626 1219 708 notula,
1237 624 1410 691 criterium
1427 623 1498 691 dis-

185 733 346 801 cernendi
366 734 438 801 veri
450 740 484 801 et
503 735 580 802 salsi
600 737 800 825 prophetae.
820 761 850 803 v.
873 745 913 804 19
930 765 945 797 a
968 736 1035 817 Qui
1054 745 1167 802 autem
1186 730 1288 798 veiha
1306 731 1392 812 eius,
1409 753 1498 821 quae

184 839 343 931 loquetur
372 841 408 906 in
435 841 574 908 nemine
606 864 694 927 meo,
721 843 843 910 audire
855 839 1032 926 ''netues-it,
1061 862 1122 931 eqo
1153 835 1245 904 ulter
1271 837 1430 903 exsistam
1464 865 1494 904 u.

187 949 285 1015 Hehr.
306 969 313 1016 :
331 970 392 1037 epo
415 948 589 1037 requiram
611 950 654 1016 ab
673 972 724 1015 ee.
747 954 820 1016 Non
843 949 1068 1017 committitur
1091 966 1204 1037 poena
1223 942 1495 1029 magistratibus,

184 1054 244 1144 qni
261 1054 450 1143 aliquando
470 1077 550 1121 vero
567 1057 755 1144 prophetae
771 1056 896 1122 infensi
911 1078 982 1122 esse
999 1060 1161 1145 poterunt
1180 1072 1213 1117 v.
1231 1056 1274 1116 80
1296 1077 1311 1110 a
1328 1048 1498 1140 Propheta

184 1173 311 1242 autem,
330 1160 393 1250 qui
415 1161 619 1249 arroqaatia
644 1160 873 1251 [depravatus]
898 1162 1044 1229 uoluerit
1068 1163 1165 1252 loqui
1185 1163 1222 1230 in
1246 1163 1383 1231 nemine
1409 1187 1496 1244 meo,

184 1289 272 1356 quae
292 1290 354 1356 epe
370 1290 439 1333 neu
450 1264 616 1357 praecepi
632 1266 687 1333 illi
702 1280 740 1334 ut
761 1268 897 1353 diceret,
914 1257 976 1335 aut
992 1291 1035 1335 ea
1052 1269 1193 1337 nemine
1207 1269 1399 1337 ah'enerum
1419 1269 1499 1337 dee-

181 1396 269 1457 reem,
292 1373 519 1461 interficietur
542 1401 573 1441 ».
592 1378 659 1440 Moe
677 1374 824 1441 alterum
848 1383 901 1441 sat
922 1374 1023 1442 facile
1047 1369 1304 1466 comprobatur.
1326 1376 1393 1444 Sed
1412 1400 1500 1467 quo-

183 1480 287 1546 modo
308 1479 449 1546 deliniat
472 1480 559 1569 quis,
576 1479 754 1547 locutusne
775 1481 819 1548 sit
841 1482 1009 1572 propheta
1025 1482 1211 1549 mandante
1230 1488 1290 1550 aut
1309 1505 1379 1551 non
1403 1505 1499 1550 man-

183 1584 288 1652 dante
301 1585 425 1652 lahve?
437 1586 617 1653 criterium
632 1586 739 1654 tradit
757 1611 788 1656 v.
807 1594 846 1654 81
867 1608 875 1654 :
895 1615 911 1647 α
932 1586 1061 1669 Quodsi
1074 1588 1182 1655 tacita
1197 1588 1406 1678 aequatione
1423 1616 1440 1650 u
1455 1628 1497 1643 .-

182 1694 285 1757 Hehr.
306 1691 343 1756 in
360 1690 460 1757 eorde
487 1704 544 1758 tue
569 1698 616 1742 -'
637 1718 653 1753 a
674 1693 889 1783 responderis
914 1713 922 1760 ε
950 1692 1126 1775 Quomodo
1145 1715 1285 1784 pessum
1308 1687 1499 1783 iutelliqere

182 1799 333 1879 uerbum,
345 1797 440 1887 qrred
448 1797 615 1865 Dominus
627 1821 696 1865 nen
710 1812 760 1866 est
775 1799 930 1866 locutus?
944 1828 959 1861 a
976 1822 1007 1868 v.
1022 1806 1066 1866 88
1078 1827 1093 1861 u
1110 1799 1173 1867 hee
1185 1800 1323 1868 habebis
1335 1801 1496 1890 siquam:

185 1904 284 1984 Quod
304 1905 341 1968 in
361 1903 499 1970 nomine
518 1904 659 1971 Domini
670 1904 840 1995 propheta
860 1906 920 1972 ille
937 1904 1179 1995 (praeldiaerit
1198 1919 1230 1973 et
1247 1930 1317 1973 nen
1338 1906 1498 1987 euenem't,

182 2008 244 2075 hec
266 2009 432 2076 Dominus
446 2032 516 2076 nen
535 2021 583 2077 est
605 2009 750 2093 laetetur,
767 2011 828 2078 sed
842 2034 905 2102 per
923 2025 1090 2079 tumerem
1110 2011 1235 2100 [aniuti
1248 2012 1303 2078 sui
1310 2016 1315 2097 Ι
1332 2012 1500 2103 propheta

182 2116 366 2204 conflauit,
381 2116 554 2183 etidcirco
570 2139 642 2184 nen
657 2117 791 2184 timebis
804 2136 881 2184 eum
899 2146 931 2201 »,
946 2119 1005 2185 sed
1021 2117 1186 2185 audacter
1199 2118 1354 2185 interfice
1371 2119 1417 2207 (v.
1436 2125 1495 2197 203

185 2221 322 2311 calm).
341 2221 443 2289 Hebe.
465 2242 472 2289 :
496 2236 529 2290 et
545 2245 613 2305 non
638 2223 708 2312 serit
727 2247 778 2290 res
798 2237 831 2291 et
853 2246 923 2290 riou
945 2223 1083 2292 euenit:
1110 2223 1248 2291 videtur
1271 2224 1330 2311 agi
1348 2224 1499 2314 primum

119 2378 123 2386 .
182 2327 224 2395 de
250 2350 286 2394 re
313 2327 433 2396 dissita
456 2331 509 2396 vel
533 2330 747 2413 abscondita,
775 2352 863 2419 quae
889 2329 1170 2421 deprehendatur
1194 2330 1296 2397 aliter
1324 2329 1496 2411 habuisse,

180 2439 284 2523 atque
300 2434 468 2524 propheta
482 2435 650 2515 edixeratt
667 2437 816 2503 seeundo
831 2437 874 2504 de
890 2459 926 2503 re
944 2438 1072 2517 lutura,
1093 2431 1200 2527 quam
1214 2435 1274 2504 ille
1291 2437 1375 2504 salso
1396 2459 1496 2527 prae·

181 2539 365 2608 nuntiavit.

225 2645 277 2711 Ad
295 2650 423 2713 textum
445 2669 476 2711 v.
498 2651 538 2712 18
562 2646 713 2736 primum
738 2653 898 2736 provocat
919 2648 1109 2714 Nathanael
1130 2654 1176 2715 le.
1196 2653 1286 2731 1,15,
1303 2648 1497 2736 exprimens

181 2751 285 2817 fidem
302 2773 397 2817 suam
418 2756 452 2817 et
471 2752 674 2819 Iudaeorum
694 2753 745 2818 sui
766 2752 961 2841 aequalium
979 2775 986 2821 :
1004 2781 1020 2815 «
1044 2757 1148 2831 Quem
1170 2753 1304 2843 scripsit
1319 2757 1442 2841 Moyses
1461 2755 1497 2820 in

181 2857 256 2943 lege
278 2864 312 2923 et
337 2858 540 2947 prophetae,
559 2857 752 2926 invenimus
780 2864 891 2926 lesum
918 2858 1029 2925 filium
1055 2859 1193 2948 loseph,
1219 2883 1239 2926 a
1269 2860 1434 2926 Nazareth
1463 2888 1493 2927 u.

180 2966 334 3051 Eumque
357 2964 526 3053 respicere
541 2986 611 3031 nen
624 2970 695 3031 tam
716 2968 795 3033 Gen.
819 2972 911 3047 3‚15;
938 2972 1052 3047 19,10;
1076 2970 1175 3032 Num.
1198 2965 1496 3054 811111ιί1110-

179 3069 246 3136 tius
261 3075 356 3138 Deut.
377 3076 488 3154 rats,
505 3071 662 3159 suggerit
676 3076 722 3139 lo.
744 3078 818 3153 1,81
837 3094 900 3138 vos
919 3082 932 3139 ἑ
948 3082 1114 3159 προφήτης,
1132 3071 1191 3138 ille
1206 3073 1375 3161 propheta
1392 3092 1494 3160 quem

180 3182 298 3243 omnes
325 3181 397 3244 tum
427 3177 542 3245 Iudaei
569 3178 849 3268 opperiebantur.
874 3183 966 3245 Hane
990 3200 1206 3245 communem
1232 3178 1335 3244 fidem
1357 3200 1491 3245 rursum

180 3283 332 3371 appellat
357 3287 388 3350 S.
411 3283 606 3373 Stephanus
625 3288 698 3352 Act.
720 3291 799 3365 ’1,37
830 3304 838 3350 :
865 3312 880 3346 α
904 3284 965 3350 llio
988 3290 1038 3351 est
1062 3290 1201 3373 Moyses,
1223 3285 1284 3373 qui
1309 3284 1395 3350 dixit
1415 3284 1495 3350 filiis

180 3390 283 3454 lsrael
305 3410 312 3456 :
332 3391 537 3479 Prophetam
557 3396 621 3458 etc.
645 3417 675 3458 u.
694 3391 760 3457 Sed
782 3391 954 3480 imprimis
974 3394 1008 3456 S.
1030 3394 1148 3456 Petrus
1173 3394 1244 3455 het.
1272 3396 1350 3470 3,88
1366 3396 1494 3455 tentum

180 3499 275 3559 Dent.
296 3501 395 3576 18,15
421 3496 463 3562 de
485 3496 619 3563 Christo
645 3497 890 3584 interpretatus
920 3501 997 3563 est:
1022 3521 1038 3554 «
1062 3501 1185 3581 Moyses
1211 3494 1349 3582 quidem
1373 3490 1490 3561 dixit:

182 3599 347 3675 Quoniam
363 3602 569 3690 prophetam
585 3608 650 3669 ete.
671 3631 700 3668 s.
714 3608 802 3689 Ergo
813 3601 950 3668 nomine
962 3599 1149 3691 prophetae
1165 3600 1333 3667 Christum
1348 3598 1490 3683 includi,

181 3705 321 3771 omnine
336 3711 467 3774 certum
484 3713 544 3773 est.

199 3836 203 3846 ¹
227 3811 433 3900 A'pologetae
453 3812 644 3892 christiani,
668 3815 716 3879 uti
738 3819 850 3903 patet,
872 3819 1024 3880 nostrum
1055 3816 1184 3879 textum
1208 3811 1494 3901 appellaverant

181 3918 354 3983 Christum
368 3918 527 3985 messiam
543 3923 576 3984 et
591 3920 797 4009 prophetam
814 3919 1112 3986 demonstrarent:
1134 3920 1190 3986 Or.
1211 3921 1270 4007 (hl.
1291 3924 1412 3999 11,788
1425 3939 1492 4006 sq.;

183 4030 319 4106 18,385;
338 4031 458 4105 13818
472 4046 523 4113 sq.
543 4031 639 4106 1517;
657 4025 806 4113 11,813),
824 4028 910 4091 Tert.
933 4026 995 4113 (M.
1016 4024 1145 4113 8111),
1166 4026 1270 4113 Cypr.
1286 4024 1347 4112 (M.
1365 4022 1492 4112 teat),

180 4132 236 4197 Ps.
257 4130 379 4197 lustin.
410 4132 470 4220 (hl.
491 4131 643 4221 arata),
666 4134 879 4200 Nouatianus
905 4132 967 4220 (hl.
991 4131 1120 4218 3,901),
1146 4128 1334 4196 Archelaus
1356 4129 1416 4218 (M.
1438 4136 1491 4208 10,

185 4237 404 4326 11161501),
434 4236 584 4305 Methed.
613 4239 673 4328 (hl.
704 4238 853 4327 reate),
882 4239 1004 4305 Etrseb.
1035 4239 1130 4305 Caes.
1164 4236 1225 4325 (hl.
1258 4235 1491 4324 88168688),

181 4342 390 4410 Philastrius
406 4345 468 4434 (M.
494 4345 666 4435 181818),
687 4346 844 4412 Laetant.
871 4347 928 4423 (hl.
956 4345 1083 4431 6‚500).
1101 4342 1228 4410 Athen.
1255 4342 1315 4431 (M.
1341 4343 1493 4431 81185).

184 4449 303 4536 Cpr-itt.
321 4451 414 4517 Hier.
432 4452 493 4539 (hl.
511 4457 634 4532 33‚'thh
651 4451 732 4541 sq.)‚
751 4451 845 4519 Titus
863 4454 1031 4518 Bostreus.
1050 4451 1111 4540 (hl.
1131 4448 1491 4538 18,1225),Epiphaa.

183 4555 245 4642 (M.
269 4559 390 4636 trata
414 4580 465 4647 sq.
490 4565 567 4640 966;
595 4558 747 4639 tensa),
774 4559 878 4647 Greq.
900 4560 1001 4646 lt‘yss.
1028 4557 1089 4645 (hl.
1110 4556 1261 4639 16801),
1281 4553 1495 4620 Gaudentius

182 4661 275 4726 Bria.
293 4662 354 4748 (hl.
370 4664 520 4752 20,909)‚
532 4667 621 4755 hup.
640 4664 700 4754 (hl.
720 4665 964 4754 1838131111),
984 4663 1103 4753 Chrys.
1120 4664 1181 4753 (hl.
1199 4667 1339 4742 18,803;
1358 4665 1494 4738 11116.
