3366 5346
648 309 737 352 ones.
760 295 810 364 33,
835 295 872 351 22
895 311 956 361 spo.
1399 293 1457 352 5:37

150 468 181 510 v.
208 452 250 510 22
273 473 288 504 u
316 448 391 510 lien
417 466 552 533 petoque
578 443 625 508 uit
652 447 760 509 :lica
780 442 917 509 ectitius
934 442 1053 523 leoitis,
1068 443 1154 531 fluet
1168 442 1311 531 turpiter
1330 443 1371 509 de
1392 447 1458 510 lia-

149 575 209 618 sou
235 579 264 616 ».

195 657 308 724 Brevis
324 655 516 722 benedictio
536 654 725 745 Neptatati
744 655 848 722 hahet
869 662 986 721 tumen
1010 676 1136 722 nornen
1157 656 1271 723 lehre.
1288 661 1369 722 Vota
1384 663 1463 723 sunt

152 763 366 841 faustissime,
389 762 620 852 expressiones
640 768 689 828 sat
705 763 894 848 generales,
913 761 1021 828 oratio
1037 761 1081 828 cd
1102 761 1287 850 Nephthali
1304 762 1465 850 dirigitur

53 902 59 910 ·
151 870 197 958 (v.
217 870 275 959 s.).
293 893 325 938 v.
348 877 389 937 23
409 897 425 931 u
442 872 486 935 Et
503 867 692 958 Ncplttltclt‘
706 866 797 934 dicit
814 889 826 933 .·
845 867 1034 958 nimietati
1047 867 1464 959 ubitittlcntt‘cperfruetur

155 987 186 1041 et
202 975 325 1065 plenus
341 975 406 1041 erit
420 975 707 1041 benedictionibus
718 974 869 1058 Deretini,
883 996 977 1040 risere
991 987 1022 1040 et
1036 973 1213 1040 meridiem
1226 975 1412 1063 possidebit
1428 1005 1459 1044 ii.

187 1166 242 1217 Sed
264 1166 405 1229 quomodo
424 1180 497 1215 mare
517 1173 541 1215 et
558 1166 682 1213 meridies
706 1164 866 1215 tribuuntur
887 1165 1049 1227 Nephthali,
1066 1167 1145 1215 cuius
1165 1165 1235 1217 lines
1250 1165 1285 1215 ad
1307 1179 1383 1216 inare
1404 1180 1460 1217 non

149 1255 345 1318 pertingebant
359 1261 387 1305 et
409 1257 437 1304 in
454 1261 534 1318 purte
547 1254 761 1316 septentrionali
777 1258 868 1303 terrae
883 1256 999 1303 sauctae
1019 1256 1116 1303 erant't
1131 1253 1207 1304 blare
1231 1250 1363 1317 intelligit
1388 1257 1457 1305 lost.

148 1345 238 1394 lacum
255 1343 442 1403 Genesareth;
464 1345 513 1393 sed
532 1346 607 1394 reete
625 1344 721 1392 monet
741 1342 834 1404 liontr.
854 1343 906 1392 liae
928 1355 1006 1403 voce,
1030 1341 1144 1405 quaudo
1163 1342 1290 1393 absolute
1311 1344 1456 1404 scribatur,

147 1433 288 1495 designari
312 1432 387 1483 liare
409 1432 657 1490 Mediterraneuni;
674 1433 749 1481 recte
770 1433 836 1480 item
862 1432 932 1490 Cat,
948 1432 1002 1481 hoc
1023 1443 1109 1489 mare,
1131 1431 1204 1494 qnod
1227 1430 1261 1480 ad
1285 1432 1458 1482 occidentem

147 1521 230 1571 luerit
245 1525 335 1572 terrae
354 1525 476 1577 sanciae,
491 1521 574 1570 scribi
594 1521 679 1570 etiam
693 1531 744 1583 pro
764 1518 917 1569 occidente.
936 1519 1078 1570 Habemus
1093 1521 1147 1569 iani
1166 1520 1323 1569 occidentem
1338 1528 1361 1569 et
1378 1522 1459 1569 meri-

150 1611 228 1659 diem.
245 1609 331 1660 Totus
345 1613 449 1660 tractus
464 1608 663 1659 cisiordunicus
682 1621 733 1671 pro
745 1614 810 1658 vate
826 1614 905 1657 trans
921 1607 1069 1658 Iordanem
1085 1609 1237 1658 constituto
1250 1609 1409 1672 pertinebat
1424 1610 1460 1659 ad

148 1700 315 1747 occidentem.
338 1699 511 1760 Appreeatur
527 1701 606 1747 vates
624 1699 690 1746 huic
709 1697 791 1745 tribul
811 1695 882 1746 lines
901 1697 1016 1746 dito-ram
1035 1698 1244 1756 dissensionum,
1266 1710 1322 1746 non
1342 1701 1461 1748 tractum

150 1788 272 1850 aliquem
292 1787 407 1849 longum
429 1792 457 1836 et
475 1792 636 1848 angustum,
654 1785 812 1835 incursibus
829 1783 953 1848 undique
966 1789 1120 1849 patentem,
1136 1785 1186 1834 sed
1206 1786 1322 1848 longum
1336 1787 1419 1837 simul
1434 1792 1461 1837 et

149 1876 246 1930 latum.
264 1876 307 1925 nd
324 1876 378 1925 hoc
391 1862 603 1938 exprimendum
618 1873 712 1923 debuit
728 1873 859 1922 occidenti
877 1873 1035 1923 adscribere
1051 1878 1099 1922 aut
1118 1875 1325 1936 septentrionem
1342 1880 1389 1924 aut
1408 1891 1461 1923 ine·

149 1963 245 2012 ridiem
262 1963 431 2025 :adscripsit
454 1963 610 2012 meridiem.
631 1962 694 2012 Non
716 1961 816 2012 ellatur
836 1963 1021 2024 prophetiam,
1039 1961 1192 2024 Nephlltali
1213 1962 1370 2012 habiturum
1392 1963 1462 2015 sines

148 2050 293 2101 meridiem
308 2064 416 2111 versus,
433 2064 495 2100 cum
511 2052 564 2100 hoc
581 2051 702 2113 capilea
722 2052 803 2100 novis
822 2050 938 2100 edendis
957 2051 1112 2114 prophetiis
1126 2055 1275 2114 temperet;
1291 2064 1347 2102 nou
1367 2054 1460 2116 expri-

149 2142 199 2189 mit
218 2139 397 2199 desiderlum,
417 2152 480 2189 eum
494 2141 581 2189 totam
597 2138 797 2188 eisiordanicae
814 2137 981 2189 ditisionem
999 2140 1169 2189 commiserit
1185 2139 1281 2201 losue;
1298 2140 1348 2190 scd
1365 2142 1460 2204 expri-

148 2229 198 2278 mit
212 2227 282 2278 smes
297 2230 446 2292 spatiosos,
463 2233 632 2290 compactos.

195 2398 232 2458 lu
259 2393 496 2459 benedictione
522 2394 606 2458 Aser
628 2390 841 2459 desideratur
863 2413 992 2458 nomen
1023 2392 1136 2460 lehre.
1165 2391 1295 2461 illudit
1319 2397 1459 2465 tortasse

150 2498 343 2565 benedictio
359 2500 402 2566 ad
421 2499 571 2565 nominis
586 2505 737 2584 etymon,
756 2497 847 2585 quod
867 2499 1003 2584 felicem
1018 2505 1117 2564 sonat
1140 2519 1146 2565 :
1167 2523 1273 2589 quere
1291 2505 1459 2571 omnimo-

151 2604 231 2671 dam
246 2609 453 2693 apprecatur
471 2604 681 2684 felicitatem,
703 2603 848 2692 pressius
868 2609 982 2670 tamen
998 2626 1101 2692 quam
1121 2605 1263 2695 losepho
1284 2629 1316 2673 v.
1341 2616 1455 2677 13-17.

149 2735 182 2778 s.
209 2716 250 2777 nt
276 2738 291 2771 u
317 2714 401 2776 Aser
423 2733 558 2799 quoque
579 2710 629 2776 uit
656 2731 669 2774 .·
691 2708 892 2775 Benedictus
917 2709 953 2774 in
977 2709 1064 2798 filiis
1087 2712 1221 2793 Aser»,
1241 2736 1460 2782 numerosam

149 2817 364 2883 nanciscatur
381 2817 529 2906 prolem;
550 2845 566 2876 «
581 2816 627 2881 st't
637 2816 778 2904 placens
790 2815 958 2902 fratribus
971 2816 1056 2896 setis,
1081 2829 1113 2882 et
1128 2817 1244 2908 tinput
1260 2820 1296 2886 in
1314 2820 1385 2887 oleo
1399 2845 1462 2912 pe·

149 2922 224 2989 dem
238 2945 339 2989 situm
364 2950 393 2989 a.
419 2926 468 2988 lta
493 2922 644 2989 abundet
664 2921 791 3002 oleum,
812 2928 849 2987 ut
869 2943 909 2987 eo
925 2928 1006 2988 hser
1019 2923 1123 3010 pedes
1137 2934 1243 3011 ungat
1258 2949 1330 2993 non
1348 2927 1463 3019 hospi-

149 3034 221 3096 tum
248 3030 358 3096 solum
382 3028 677 3109 honorandorum,
704 3027 763 3095 sed
787 3049 877 3094 suos.
899 3033 944 3094 lie
972 3027 1044 3095 oleo
1065 3029 1106 3095 ct.
1133 3035 1181 3098 CG
1200 3056 1233 3123 p.
1259 3040 1335 3100 tino.
1358 3058 1389 3103 v.
1420 3041 1462 3126 25

152 3164 167 3197 e
189 3139 328 3202 Ferrum
355 3148 389 3201 et
407 3158 463 3202 ees
488 3135 759 3202 calceamentum
775 3133 850 3199 eius
867 3162 882 3194 »
904 3156 910 3200 :
929 3157 998 3201 non
1012 3141 1085 3202 erat
1099 3157 1180 3204 sane
1196 3139 1315 3206 ferreis
1334 3141 1463 3209 calces·

149 3243 272 3309 mentis
286 3265 406 3310 usurus
422 3247 514 3308 Aser.
531 3230 624 3309 bin:
640 3245 689 3308 est
702 3240 889 3308 claustrum
905 3247 1081 3330 portarum
1093 3244 1147 3330 (ct.
1164 3245 1302 3334 Calue.);
1323 3270 1363 3314 ea
1380 3271 1461 3315 con-

150 3355 330 3431 sueverunt
343 3371 413 3412 esse
430 3348 545 3432 lignea
564 3371 570 3414 :
588 3348 648 3412 sed
672 3353 803 3411 tuntum
825 3347 1044 3412 metallorum
1061 3351 1194 3436 copiam
1220 3352 1344 3417 hubent
1365 3359 1459 3433 Aser,

150 3459 189 3518 ut
203 3452 327 3538 ligneis
342 3452 497 3518 claustris
514 3452 697 3518 substituat
716 3451 903 3517 metellina.
919 3456 991 3517 Non
1012 3453 1137 3518 dicitur
1151 3453 1241 3521 intra
1254 3457 1338 3523 fines
1358 3462 1460 3525 lisere

150 3558 372 3646 assignandos
385 3559 517 3624 futuros
527 3581 597 3624 csse
614 3557 746 3623 fodinas
759 3556 976 3624 metallorum
996 3578 1003 3623 :
1019 3566 1278 3647 comparaturus
1289 3563 1374 3629 haec
1389 3571 1463 3630 erat

150 3672 264 3732 Aseru
288 3663 527 3742 Phoenicibus,
556 3663 707 3752 pendens
727 3663 795 3728 illis
816 3663 944 3741 oleum,
970 3664 1121 3731 triticum
1144 3675 1207 3734 ete.
1236 3696 1252 3729 (ε
1276 3669 1373 3736 Sicut
1390 3669 1462 3738 dies

151 3771 362 3861 [iuuentutis]
383 3783 473 3854 irrue,
495 3771 545 3836 ite
564 3782 596 3836 et
622 3783 775 3836 senectus
795 3782 854 3835 tue
881 3799 911 3837 a.
930 3787 993 3833 uzi
1014 3774 1091 3851 iza}
1109 3781 1286 3860 λεγὲμενεν,
1306 3777 1349 3842 de
1369 3777 1464 3844 euius

151 3901 251 3944 sensu
268 3877 450 3962 ambigunt
473 3876 669 3943 versiones:
687 3877 751 3965 Aq.
773 3881 833 3956 ἕξις
858 3876 913 3963 (i),
930 3880 1022 3943 inti
1041 3877 1160 3944 Citati.
1183 3882 1260 3967 Spr.
1279 3882 1461 3968 fortitudo.

151 3989 270 4050 'sextus
291 3983 408 4072 utique
437 3983 524 4048 nihil
547 3982 651 4049 habet
676 3983 718 4048 de
742 3982 918 4048 t'uuentute
940 3991 973 4050 et
992 3997 1161 4052 senectute
1177 4006 1184 4052 ε
1202 3993 1304 4054 Asero
1324 3988 1465 4056 demon-

151 4096 278 4157 stratur
295 4089 412 4173 robur,
432 4091 642 4178 prosperitus
655 4089 817 4178 perennis
835 4109 842 4154 :
861 4095 946 4177 quet
967 4097 1044 4156 sunt
1060 4091 1132 4157 dies
1146 4093 1207 4173 tui,
1224 4101 1319 4161 tante
1342 4095 1466 4162 sit-for·

153 4195 263 4264 titudo
278 4196 319 4285 tt)
335 4201 408 4277 tua,
431 4217 610 4284 nunquam
627 4195 774 4262 deficiat.

685 4372 815 4420 Conclusio
832 4388 855 4420 v.
873 4377 948 4422 iti-ts.

460 4517 580 4581 Stroplia
597 4518 624 4567 la
640 4530 645 4564 :
660 4518 822 4569 Encorniunt
838 4519 924 4571 lehre
938 4533 965 4569 v.
983 4520 1015 4570 ‘io
1031 4534 1073 4584 sq.
1091 4518 1157 4573 20⁰¹.

151 4637 178 4672 v.
196 4623 228 4672 io
266 4623 329 4672 Non
354 4629 396 4674 est
419 4625 490 4674 allus
511 4625 585 4675 Deus
610 4625 774 4683 leseburun,
789 4651 825 4662 -
848 4627 896 4689 qui
919 4627 1030 4677 vellitur
1048 4641 1133 4691 super
1156 4631 1250 4679 coelos
1273 4633 1301 4679 in
1325 4634 1460 4687 auxilium

745 4715 804 4769 tibi,
821 4722 896 4766 -et
911 4715 939 4765 in
953 4714 1159 4778 inagulficcntia
1174 4731 1224 4767 sua
1239 4732 1323 4783 super
1335 4724 1458 4775 aethera.
