3366 5346
274 285 324 342 31.
348 300 404 342 anx
427 299 552 343 conrax-
567 297 827 342 rnosrrrorrorvau
849 295 966 345 sacaxu
990 297 998 338 :
1023 296 1112 339 nnur.
1137 278 1227 350 aaut
1251 295 1295 347 so.
1386 280 1442 338 407

125 432 212 520 filiis
233 434 339 499 Israel
359 418 389 498 i.
412 433 460 498 cf.
489 434 591 499 LXX.
608 446 699 522 aaran
721 439 772 497 est
791 430 927 513 mulier,
953 445 1021 525 amp
1043 430 1108 511 vir,
1134 429 1250 519 quiin
1277 429 1443 495 bonorem

127 539 281 606 numinis
306 539 483 606 cuiusdam
507 559 542 605 se
561 539 708 604 offerunt
733 538 777 604 ad
800 537 972 604 luxuriam
996 561 1003 606 :
1030 541 1083 605 Os.
1101 541 1197 618 t,1t;
1223 540 1303 602 Gen.
1322 542 1441 618 38,21;

126 651 189 713 rer.
206 653 275 727 aa.
289 652 345 713 aa
362 668 413 734 sq.
429 651 486 728 133
504 645 638 711 aarum
654 650 753 728 c,aa;
770 684 814 693 -
829 649 943 730 anag.
964 650 1081 726 naa
1099 650 1217 725 15‚1a;
1235 649 1336 723 naar
1354 643 1440 730 (aen

128 758 145 817 t
174 758 257 838 Reg.
284 758 380 835 23,7;
410 752 470 818 lob
499 757 612 833 36,st
635 751 867 818 Prohibentur
890 751 997 839 igitur
1019 750 1193 818 Hebraeae
1221 755 1255 816 et
1283 749 1440 832 Hebraei,

125 858 308 948 quominus
328 859 498 926 luxuriam
517 863 696 948 praetextu
715 857 894 946 religionis
909 863 1098 925 exerceant.
1118 861 1189 924 Non
1205 861 1255 922 est
1269 878 1381 924 sermo
1400 856 1442 922 de

124 965 351 1053 alienigenis:
372 965 430 1054 qui
451 967 478 1032 si
502 965 540 1032 id
557 966 595 1032 in
615 966 783 1032 honorem
803 987 943 1032 suorum
962 965 1145 1033 numinum
1160 964 1197 1030 in
1218 972 1308 1029 terra
1325 968 1441 1029 sancta
1542 1002 1547 1012 ·
1671 952 1679 1025 ’.

123 1072 351 1156 attentabant,
370 1073 420 1138 rei
434 1077 533 1139 erant
546 1071 776 1139 idololatriae.
795 1095 827 1139 ν.
849 1079 890 1139 18
906 1071 976 1161 (19)
993 1100 1009 1132 «
1026 1073 1104 1140 Non
1118 1071 1240 1161 olferes
1254 1068 1442 1136 mercedem

120 1179 305 1269 prostibuli
334 1202 394 1245 nec
418 1179 573 1268 pretinm
600 1180 696 1245 canis
722 1179 761 1244 in
789 1177 890 1245 domo
916 1178 1057 1251 Domini
1079 1177 1144 1244 Dei
1169 1176 1223 1242 tui
1255 1203 1271 1238 »
1302 1176 1360 1265 (cf.
1382 1180 1438 1242 Ex.

124 1291 241 1369 23,19;
261 1291 568 1368 at,aa;1os.a,at;
589 1285 663 1354 lud.
684 1286 812 1374 19,18).
830 1289 913 1353 Cum
929 1274 1022 1359 naba,
1040 1306 1141 1352 canes
1160 1283 1197 1350 in
1218 1282 1441 1373 inscriptione

122 1393 242 1482 templi
257 1397 407 1459 Astartes
421 1397 593 1460 Lernaeae
609 1392 645 1459 in
662 1397 774 1482 Cypro
789 1393 932 1483 (Corpus
947 1392 1049 1459 inser.
1067 1390 1299 1458 semitioarum
1320 1395 1332 1455 1
1347 1412 1381 1456 n.
1397 1394 1440 1455 86

123 1499 223 1565 Blin.
248 1505 303 1577 10;
326 1499 369 1565 cl.
384 1504 410 1564 Α
426 1499 487 1564 lin.
512 1505 570 1580 15;
590 1500 694 1565 Paris.
716 1497 816 1580 1881)
835 1498 1006 1566 scribatur
1018 1505 1195 1587 tamqnam
1210 1517 1338 1563 nomen
1355 1495 1440 1562 elas-

121 1606 167 1671 sis
186 1604 363 1672 euiusdam
388 1604 620 1677 ministrorum
642 1626 835 1688 sacrorum,
858 1628 904 1674 sc.
928 1605 1080 1695 ipsorum
1108 1617 1229 1693 nanta,
1252 1624 1334 1689 ergo
1356 1604 1391 1668 b.
1414 1602 1437 1669 l.

124 1711 213 1798 (Dr.)
229 1733 299 1777 non
314 1710 539 1796 designantur
554 1713 748 1778 meretrices
761 1712 864 1779 etiam
875 1711 1046 1799 vulgares,
1062 1711 1122 1778 sed
1134 1710 1227 1778 solae
1242 1708 1439 1776 meretrices

121 1839 237 1885 sacrae
252 1831 359 1908 nnrp.
376 1817 539 1884 ludecens
552 1840 632 1885 sane
648 1818 749 1885 etiam
769 1824 843 1885 erat
858 1818 1008 1908 pretium
1023 1817 1177 1906 vulgaris
1192 1815 1440 1906 prostitutionis

121 1924 223 1989 labve
244 1925 366 1990 offerre
383 1945 392 1992 :
412 1923 471 1991 sed
490 1923 548 1991 hic
564 1929 675 1990 textus
689 1925 764 2011 agit
778 1925 821 1991 de
838 1925 911 1992 sola
930 1925 1173 2014 prostitutione
1194 1945 1301 1990 sacra.
1318 1922 1440 1988 Viden-

120 2035 176 2096 tur
199 2053 304 2120 porro
330 2030 439 2119 aliqui
471 2030 561 2097 hano
595 2052 727 2098 sacram
762 2031 932 2098 luxuriam
957 2037 1031 2099 tum
1057 2030 1186 2099 licitam
1218 2029 1435 2111 existimasse,

120 2137 260 2224 quando
274 2136 347 2203 eius
366 2137 515 2225 pretium
530 2143 589 2203 aut
600 2138 726 2204 labvae
741 2143 820 2203 aute
836 2136 1018 2219 vovissent,
1036 2142 1096 2205 aut
1115 2136 1218 2203 alicui
1233 2141 1312 2201 voto
1328 2134 1437 2201 exsol-

120 2243 232 2309 vendo
251 2242 503 2333 impenderent.
521 2247 630 2320 Quare
646 2242 809 2311 additur:
829 2234 1038 2334 «quidquid
1055 2241 1146 2310 illud
1161 2254 1210 2308 est
1229 2240 1322 2331 qnod
1339 2262 1437 2306 voee-

92 2349 166 2425 ,νίς
192 2377 222 2434 a,
248 2352 350 2416 Hebe.
372 2348 490 2440 quoad
515 2372 614 2416 omne
639 2363 767 2435 vetunt,
796 2377 812 2412 a
836 2350 920 2440 prtia
941 2341 1155 2416 abominatio
1177 2361 1228 2415 est
1254 2361 1437 2437 utrumqne

118 2456 213 2543 apud
224 2456 407 2522 Dominum
419 2459 528 2522 Deum
539 2468 635 2521 tte-nm
649 2484 679 2522 ».
695 2459 881 2545 Utrccmque
897 2455 1054 2542 intellige
1070 2463 1103 2522 et
1116 2453 1305 2522 mercedem
1316 2459 1350 2521 et
1356 2477 1436 2543 pre-

121 2560 218 2646 tinm,
240 2562 295 2626 vel
310 2561 425 2651 potius
440 2566 474 2627 et
485 2561 717 2649 prostibulum
735 2569 768 2627 et
791 2583 935 2629 canem:
959 2567 1100 2652 propter
1119 2563 1181 2628 bos
1205 2561 1334 2650 quippe
1353 2560 1437 2627 abo-

120 2665 292 2732 minabilis
307 2666 432 2747 (annin)
445 2671 496 2733 est
509 2689 652 2748 mercae,
668 2689 757 2755 quae
771 2669 844 2733 sine
858 2668 929 2734 illis
943 2668 1072 2758 probro
1088 2673 1232 2735 careret.

230 2894 285 2954 35.
312 2891 382 2955 Lea
405 2901 525 2955 contra
549 2910 689 2955 arsuram
714 2888 803 2956 inter
826 2892 997 2956 Hebraeos
1022 2893 1121 2956 Dent.
1144 2894 1246 2973 23,19
1270 2911 1321 2979 sq.
1384 2905 1386 2910 ’

162 3085 246 3175 Arq.
264 3124 309 3152 .-
329 3085 507 3175 Repetitur
524 3087 578 3152 lex
602 3090 679 3152 Lev.
697 3093 799 3167 2537
816 3086 859 3153 de
884 3086 1023 3176 (aequa)
1050 3109 1153 3154 usura
1174 3109 1245 3153 non
1265 3085 1436 3173 exigenda

117 3190 162 3256 ab
177 3191 339 3273 Hebraeo,
357 3191 417 3258 sed
437 3211 539 3258 anon
555 3191 710 3260 Hebraeo
728 3193 856 3260 solum.

162 3320 195 3363 v.
223 3304 263 3364 19
283 3297 354 3386 (10)
377 3326 393 3360 a
416 3300 494 3365 Non
510 3298 704 3386 foenerabis
722 3299 834 3389 fratri
852 3312 911 3367 tuo
939 3298 987 3367 ad
1008 3323 1146 3366 arsuram
1167 3300 1352 3390 pecuniam
1371 3321 1435 3365 nee

113 3407 235 3494 srnqm
257 3426 317 3469 nec
337 3403 525 3493 qaramlibet
549 3405 656 3472 aliam
680 3428 751 3471 rem
773 3434 804 3486 a,
826 3428 857 3472 v.
886 3413 928 3471 20
953 3407 1019 3495 (21)
1045 3435 1061 3467 α
1085 3405 1145 3471 sed
1164 3407 1292 3472 alieno.
1321 3405 1435 3471 Fratri
1535 3426 1539 3434 ·

117 3523 232 3576 aretem
258 3522 314 3574 tna
335 3509 471 3598 [absque
490 3533 594 3576 naama
612 3510 660 3591 id,
678 3534 745 3599 qno
764 3511 924 3600 indigen!
941 3511 1184 3594 commodabis,
1202 3527 1238 3577 nt
1256 3511 1434 3578 benedicat

116 3616 180 3682 tibi
198 3615 364 3681 Dominus
386 3620 475 3682 Dens
498 3629 578 3682 tuen
599 3617 635 3683 in
655 3617 750 3683 omni
767 3640 864 3707 opere
884 3631 942 3684 tuo
962 3645 994 3699 »,
1010 3617 1181 3708 imprimis
1201 3618 1435 3705 agriculturae

118 3723 175 3810 (ef.
195 3722 301 3810 tar),
323 3750 338 3782 a
357 3721 394 3787 in
414 3734 516 3808 terre,
532 3722 697 3813 adquam
713 3723 1175 3814 inpr·edierispocsidendam
1191 3754 1222 3794 »‚
1321 3720 1328 3729 ’

155 3951 209 4012 36.
237 3948 307 4010 Leo:
330 3945 371 4010 de
395 3956 551 4009 votorum
570 3945 769 4036 impletione
793 3969 863 4012 non
887 3946 1082 4038 disserenda
1101 3952 1200 4014 Dent.
1228 3954 1403 4029 nam-23.

160 4143 242 4234 alep.
262 4145 393 4207 —Noa
408 4163 532 4207 vovere
547 4163 616 4207 non
631 4147 680 4208 est
701 4148 898 4232 peccatum3
916 4166 1049 4229 verum,
1067 4145 1161 4235 quod
1177 4144 1254 4235 quis
1268 4146 1373 4228 vovit,
1394 4146 1431 4213 id

117 4254 272 4314 accurate
286 4251 433 4337 praestet
448 4252 481 4314 et
491 4247 564 4314 sine
580 4271 688 4315 mora.

163 4359 243 4421 Vota
258 4377 328 4421 esse
343 4354 547 4422 exsolvenda
566 4355 780 4423 statuebatur
799 4361 898 4423 Num.
918 4365 1009 4440 30,3,
1025 4358 1085 4425 sed
1098 4381 1167 4425 non
1181 4359 1431 4448 iniungebatur

116 4459 152 4524 id
166 4460 238 4526 sine
258 4483 355 4528 mora
369 4484 438 4529 esse
458 4461 714 4552 praestandum.
731 4467 800 4528 Hoc
816 4465 963 4530 alterum
979 4465 1081 4532 babet
1096 4471 1154 4533 Ex.
1172 4473 1287 4548 2229,
1306 4467 1366 4534 sed
1383 4467 1432 4532 ibi

116 4565 273 4654 explicite
294 4568 336 4633 de
353 4568 432 4635 solis
451 4568 594 4636 decimis
614 4575 647 4635 et
670 4568 832 4669 primitiis
858 4570 984 4658 agitur.
1012 4571 1093 4639 illae
1115 4572 1223 4659 igitur
1248 4574 1342 4658 leges
1366 4574 1431 4639 bac

116 4672 193 4758 lege
211 4672 468 4760 quodammodo
490 4676 721 4766 complentur.
740 4700 769 4743 v.
787 4683 826 4743 21
853 4678 920 4767 (22)
939 4705 955 4740 a
976 4681 1060 4746 Cam
1082 4692 1197 4745 votnm
1220 4677 1349 4743 voveris
1364 4682 1433 4744 Do-
