3366 5346
436 291 483 350 19.
506 305 560 349 sax
582 304 619 349 rr
640 302 718 348 rum
740 304 906 350 curruum
925 294 937 350 ἐ
960 307 1053 354 usur.
1077 294 1170 359 8180
1192 310 1238 362 so.
1431 293 1488 352 393

182 442 272 507 mine
300 447 333 507 et
357 462 405 522 11,
431 438 640 505 familiarum
660 438 785 528 capita,
815 439 949 506 functos
969 463 1041 508 esse
1066 442 1220 511 iudicum
1244 442 1370 510 officio.
1387 467 1419 509 v.
1447 448 1489 508 80

183 577 198 608 «
225 546 412 635 Dicentqtte
427 544 476 611 od
488 567 543 610 cos
555 568 567 611 .·
580 543 687 611 Filius
700 557 814 612 noster
829 546 891 612 iste
899 560 1080 637 proteruus
1092 563 1125 616 et
1137 562 1322 616 contumace
1337 561 1397 632 est,
1417 570 1490 615 nto-

181 654 254 721 nito
282 665 398 718 nostra
420 650 542 718 credite
567 653 768 733 contemnit,
799 656 1095 722 comessationibus
1124 669 1223 722 occat
1248 659 1293 743 [et
1318 655 1491 740 laconice]

179 773 281 851 etque
299 758 463 826 conviciis
485 786 514 824 s.
540 763 629 846 Ergo
651 757 867 826 contumacia
887 759 1056 830 limitatur
1070 764 1114 830 ad
1131 763 1333 830 effusionem
1357 764 1392 830 iu
1412 784 1493 830 con-

180 866 279 934 viviis
292 871 326 932 et
338 864 662 956 compotationibus,
681 864 846 933 adhibitis
859 888 941 934 sane
956 868 1229 936 combibonibus
1249 892 1280 935 v.
1297 875 1338 936 81
1359 897 1375 930 «
1392 868 1495 958 Lupi-

181 973 277 1039 dibus
298 994 376 1040 curn
392 975 508 1039 obruet
520 971 674 1062 populns
695 971 845 1039 civitatis
859 985 893 1040 et
914 975 1094 1056 morietur,
1118 987 1158 1042 nt
1178 975 1348 1064 auferatis
1363 976 1494 1042 ntalttnc

180 1079 221 1146 o'e
240 1077 351 1147 medio
370 1080 481 1160 vestri,
502 1091 534 1145 ct
552 1078 730 1145 ctnioersus
748 1078 856 1146 fsrocf
868 1078 1016 1148 audiens
1029 1081 1249 1171 pertimescat
1270 1110 1299 1148 n.
1323 1083 1370 1148 Cf.
1391 1088 1488 1165 13,11

183 1187 266 1275 (10);
286 1193 380 1270 17,5;
399 1190 512 1268 8881.

299 1413 352 1474 80.
372 1410 440 1474 Lcc
452 1405 492 1473 dc
505 1405 669 1475 cadavere
683 1405 831 1473 bominis
850 1419 1038 1475 extremum
1052 1407 1262 1500 supplicium
1279 1409 1375 1500 possi

691 1517 791 1581 Dent.
813 1520 916 1598 8188
928 1537 980 1605 sq.

225 1712 308 1798 Arq.
335 1747 380 1759 -
401 1708 541 1788 Quando
561 1709 708 1776 cadaver
731 1708 892 1792 hominis
918 1710 978 1800 qui
1001 1709 1123 1801 capitis
1144 1731 1290 1801 poenam
1316 1709 1432 1791 subiit,
1449 1711 1493 1778 ad

180 1822 346 1883 terrorem
368 1815 512 1883 aliorum
532 1815 764 1915 suspenditur,
788 1815 975 1906 sepeliatur
999 1816 1119 1884 eadem
1141 1816 1209 1900 die,
1235 1839 1278 1884 ne
1298 1816 1496 1884 diuturnior
1560 1809 1563 1813 ’
1612 1828 1615 1833 ’

181 1923 255 1990 eius
270 1929 425 2011 aspectus
439 1928 569 1988 terram
585 1921 729 2011 polluat.

225 2033 297 2096 Non
315 2026 478 2095 iubentur
499 2027 667 2094 eiusmodi
686 2027 854 2095 cadavera
872 2028 1048 2119 suspendi,
1070 2029 1128 2104 sed
1144 2029 1231 2119 ssusus
1246 2029 1445 2116 agnoscitur
1463 2035 1496 2097 et

180 2135 346 2226 implicite
361 2134 585 2225 approbatur.
603 2134 798 2202 Secundum
813 2136 879 2202 Ios.
895 2139 947 2202 lV.
965 2141 998 2202 8.
1011 2141 1053 2202 81
1067 2135 1285 2227 postmodum
1302 2135 1418 2202 omnia
1434 2135 1496 2201 illa

180 2242 349 2311 cadavera
362 2241 673 2332 suspendebantur.
699 2244 782 2309 Cum
798 2244 900 2309 Hetr.
922 2265 955 2309 v.
977 2249 1021 2308 88
1041 2241 1166 2310 habeat
1185 2253 1217 2308 et
1237 2241 1365 2309 occisus
1382 2241 1494 2328 fuerit

182 2350 239 2438 (cf.
266 2356 282 2415 1
311 2348 546 2437 Rog.19,1f),
572 2369 657 2434 ergo
687 2369 758 2415 non
779 2348 897 2436 agitur
919 2348 963 2415 de
991 2349 1129 2438 speciali
1151 2347 1303 2439 quodam
1323 2346 1493 2438 supplicio

182 2457 224 2544 (T
224 2457 314 2540 ost),
329 2477 397 2544 quo
414 2455 490 2545 quis
508 2454 702 2544 suspendio,
726 2454 961 2544 impalatione,
979 2455 1197 2522 crucifixione
1212 2454 1418 2537 necabatur3
1432 2454 1492 2522 sed

181 2561 346 2642 hominis,
369 2562 428 2650 qui
442 2559 511 2627 alio
525 2560 640 2649 aliquo
663 2560 833 2649 supplicio
851 2566 990 2627 necatus
1003 2562 1127 2644 fuerat,
1145 2561 1292 2628 cadaver
1308 2561 1493 2654 suspeude7

181 2667 294 2733 batur.
313 2668 360 2732 Cf.
384 2669 448 2733 fos.
471 2671 522 2732 lV.
543 2672 576 2733 8.
599 2672 618 2732 6
642 2687 650 2733 :
672 2692 688 2726 «
713 2667 774 2741 Qui
796 2671 911 2732 autem
931 2671 999 2732 Deo
1024 2666 1232 2753 maledicere
1255 2688 1357 2733 ausus
1377 2665 1492 2747 fuerit,

183 2796 245 2863 per
261 2772 352 2840 diem
372 2772 545 2862 lapidatus
558 2770 718 2861 pendeat,
736 2793 776 2838 ac
798 2771 872 2839 sine
889 2773 1022 2838 honore
1037 2777 1072 2839 et
1086 2772 1230 2840 obscure
1251 2773 1439 2862 sepeliatur
1460 2801 1492 2840 ».

183 2881 231 2947 Cf.
253 2879 361 2947 Colm.
388 2901 396 2948 ε
420 2885 465 2946 De
486 2876 662 2968 suppliciis
676 2883 755 2959 etc.,
779 2877 815 2944 in
834 2877 1112 2946 Dissertationum
1134 2883 1157 2945 Ι.
1177 2886 1241 2946 380
1259 2901 1351 2970 sqq.,
1368 2878 1497 2947 111111-

182 2985 286 3072 burgi
304 2991 401 3053 1789.
424 2985 473 3052 Cf.
489 2985 572 3051 item
589 2989 651 3051 los.
672 2991 771 3066 1086
786 3006 858 3075 sq.;
876 2990 897 3050 8
911 2989 997 3072 fleg.
1013 2990 1105 3068 1,18.
1123 2986 1278 3054 Eundem
1291 3008 1392 3054 usum
1407 2987 1498 3076 apud

182 3092 366 3182 Aegyptios
385 3090 730 3182 deprehendebamus
756 3094 837 3159 Gen.
863 3092 1056 3174 to,1e‚uhi
1077 3092 1122 3160 cf.
1146 3095 1196 3160 CG
1220 3088 1256 3183 p.'
1279 3098 1356 3160 ste.
1378 3096 1430 3159 An
1454 3093 1493 3158 il-

182 3200 255 3268 lum
283 3199 428 3266 Hebraei
456 3220 478 3265 a
503 3197 711 3288 patriarchis
732 3218 777 3265 an
804 3197 849 3266 ab
878 3198 1056 3288 Aegyptiis
1083 3199 1395 3289 transsumpserint,
1425 3222 1494 3267 non

182 3304 300 3394 liquet.
323 3310 405 3372 Usus
429 3310 503 3372 erat
524 3304 660 3395 sapiens
678 3308 710 3370 et
729 3327 833 3394 quem
848 3304 923 3394 ipsa
939 3306 1011 3371 fere
1029 3312 1153 3373 natura
1175 3307 1330 3391 suggerit
1356 3329 1363 3372 :
1389 3327 1493 3394 expo-

183 3411 328 3478 nebatur
340 3434 386 3479 sc.
404 3411 635 3477 malefactoris
650 3409 797 3477 cadaver
814 3410 889 3476 loco
907 3410 1120 3492 sublimiore,
1138 3432 1206 3499 quo
1220 3431 1338 3476 omnes
1352 3410 1494 3476 salutari

184 3517 455 3606 percellerentur
472 3515 606 3583 timore.
624 3521 670 3583 De
688 3515 859 3605 supplicio
875 3520 1055 3583 Persarum
1069 3521 1136 3582 Est.
1155 3521 1234 3597 7,10
1255 3537 1323 3581 non
1344 3520 1411 3596 est,
1432 3537 1494 3582 cur

185 3623 220 3689 h.
242 3622 265 3688 l.
283 3622 449 3690 dicamus

229 3751 261 3795 v.
289 3733 331 3793 88
355 3755 370 3788 «
399 3728 544 3809 ernndo
566 3728 760 3817 peccaverit
783 3727 883 3794 bomo
904 3725 998 3818 qnod
1021 3738 1129 3793 morte
1139 3725 1363 3817 plectendum
1384 3738 1443 3812 es't,
1464 3741 1496 3795 et

185 3833 405 3900 ndisccficotus
421 3834 523 3899 morti
537 3861 552 3894 ›>
569 3871 613 3882 -
628 3834 688 3900 sed
703 3833 828 3922 reliqui
843 3855 964 3901 omnes
981 3845 1013 3900 et
1027 3831 1157 3899 occisus
1167 3833 1292 3920 fererit;
1311 3833 1401 3899 solus
1413 3836 1493 3922 Syr.

185 3940 388 4008 occisionem
403 3939 580 4030 postponit
598 3938 814 4029 suspensioni
831 3977 876 3990 -
891 3967 907 4000 a
932 3961 1102 4030 appensus
1115 3939 1222 4027 fuerit
1238 3940 1275 4006 in
1284 3939 1444 4029 patibulo
1467 3970 1495 4023 s,

185 4061 228 4138 γ’]
242 4036 292 4128 bt,
310 4047 347 4113 in
358 4046 454 4136 liqna
464 4045 519 4112 vel
529 4045 631 4112 etiam
640 4046 676 4111 in
686 4047 817 4132 arbore,
830 4085 875 4095 —
885 4068 918 4113 r.
930 4051 972 4112 83
985 4073 1000 4106 a
1012 4068 1081 4112 non
1092 4044 1307 4134 pertteoncbt't
1318 4073 1334 4106 »
1343 4082 1387 4095 -
1396 4047 1497 4113 Hebr.

181 4153 396 4242 pernoctabit
415 4190 460 4204 -
475 4179 491 4214 a
509 4151 655 4219 caderet·
670 4151 743 4218 eins
764 4151 801 4218 in
815 4151 923 4242 liqno,
939 4150 1000 4219 sed
1013 4152 1051 4218 in
1073 4151 1192 4219 codem
1206 4150 1260 4219 die
1273 4150 1498 4241 sepelietur».

187 4287 203 4321 1
231 4260 404 4350 Supplicia
423 4282 484 4326 suo
505 4265 572 4326 Deo
587 4263 622 4325 et
641 4257 713 4344 legi
731 4259 919 4326 satisfecit:
940 4280 1009 4325 non
1027 4257 1185 4349 privetur
1199 4257 1329 4326 honore
1344 4259 1499 4350 sepultu-

187 4388 243 4432 rae
265 4395 280 4427 »
308 4365 462 4456 (Coloe).
487 4365 636 4437 foedum
652 4369 724 4431 erat
744 4364 903 4448 cadaver,
919 4363 1053 4431 foedius
1074 4364 1221 4432 cadaver
1237 4365 1411 4456 quodiam
1431 4387 1495 4454 pu-

189 4476 360 4557 tresceret,
375 4473 506 4540 foedius
516 4473 620 4539 etiam
633 4470 733 4548 illud,
747 4471 843 4539 cuius
853 4470 1057 4562 putrefactio
1071 4493 1092 4538 a
1104 4471 1300 4539 volucribus
1311 4471 1493 4561 rapacibus

188 4579 435 4647 acceleraretur
450 4580 544 4668 (Gen.
563 4578 691 4667 toust
713 4605 728 4639 a
747 4583 786 4646 ln
799 4579 858 4646 Dei
875 4577 1130 4669 quodammodo
1143 4577 1369 4665 ignominiam
1388 4575 1488 4659 cedit,

189 4684 279 4774 quod
296 4685 399 4751 bomo
420 4686 464 4751 ad
483 4686 540 4751 Dei
562 4683 819 4754 similitudinem
834 4685 942 4753 factus
963 4692 1139 4775 tamquam
1154 4683 1230 4750 luce
1247 4685 1311 4749 bac
1328 4681 1493 4770 indiguus
