3366 5346
179 291 236 347 592
553 306 627 348 aem
652 303 785 348 narrum
807 302 868 346 rum
889 302 977 344 urae
999 301 1118 344 uorsrs.

179 476 194 509 «
212 447 390 537 proecepit
407 447 526 527 lenitis,
551 447 611 535 qni
624 449 812 536 portabant
831 432 946 510 aream
968 443 1116 530 foederis
1135 443 1285 528 nomint,
1307 443 1433 515 (licens
1459 474 1476 503 a
1498 465 1506 512 :

177 554 356 620 —iisdem
377 559 478 642 atque
500 577 531 619 v.
557 561 588 634 9,
613 576 726 641 nequo
745 560 863 618 tamen
881 550 1096 639 simplicibus
1116 549 1226 616 levitis
1242 540 1508 633 omnibus‚'sed

178 660 353 741 Caadritis,
375 659 434 748 qui
458 660 520 725 soli
544 659 730 748 portabant
751 680 877 725 aream.
901 657 1022 724 Obiieit
1043 658 1143 737 lost,
1167 656 1220 723 his
1239 679 1305 722 nou
1319 658 1431 723 fuisse
1454 657 1508 723 fas

176 766 314 852 ingredi
338 766 611 834 tabernaculum.
636 766 849 856 despondeo,
879 764 916 831 id
939 763 1080 829 omnino
1109 763 1210 829 luisse
1233 765 1283 830 fas
1310 764 1504 835 Caatbitis:

178 873 213 937 bi
236 895 280 938 sc.
305 895 418 939 aream
440 872 651 959 tegumentis
671 873 866 939 obvolutam
888 875 920 937 et
945 870 1170 936 tabernaculo
1189 869 1383 936 efferebant
1407 876 1447 936 et
1466 870 1506 936 iu

177 979 264 1045 illud
291 979 486 1046 inferebant
505 984 605 1046 Num.
634 984 729 1061 a,15;
746 983 904 1067 poterant
923 983 996 1042 tum
1014 977 1171 1042 volumen
1193 1004 1208 1037 a
1225 999 1326 1066 capsa
1343 1008 1359 1037 »
1379 977 1506 1066 aliqua

178 1085 249 1172 (Po.
266 1086 354 1172 Ion.)
372 1085 542 1152 inclusum
562 1107 753 1174 seponere«
773 1085 918 1151 adlatus
932 1105 1031 1148 arcae
1051 1110 1065 1140 u
1080 1087 1281 1168 tegumento
1295 1083 1501 1150 obvolutae.

177 1191 261 1274 Sed,
286 1214 368 1258 num
394 1197 491 1257 erant
515 1214 593 1258 vasa
617 1191 801 1258 sanctuarii
822 1190 1029 1277 tegumentis
1056 1188 1220 1255 obvoluta
1240 1195 1327 1268 tum,
1354 1191 1503 1278 quando

177 1298 242 1363 hoc
266 1297 467 1364 mandatum
490 1321 521 1363 v.
542 1304 584 1364 26
609 1303 734 1385 Moyses
758 1296 875 1362 dedit?
898 1295 1109 1384 Respondeo,
1129 1295 1164 1360 in
1184 1295 1407 1362 renovatione
1426 1296 1504 1362 foe·

177 1403 302 1469 derisa
322 1410 417 1470 losue
433 1403 605 1471 celebrata
625 1410 689 1470 los.
712 1410 791 1485 8,33
808 1408 898 1470 certe
922 1430 937 1462 «
957 1401 1158 1491 portabatur
1179 1430 1194 1461 υ
1213 1423 1293 1467 area
1308 1406 1500 1488 tegumen·
1535 1387 1539 1393 ’

177 1511 220 1576 tis
238 1511 390 1576 involuta
413 1533 420 1578 :
443 1533 526 1598 orgo
546 1510 640 1576 credi
663 1516 772 1600 potest
799 1509 916 1575 eadem
938 1507 1102 1573 obvoluta
1123 1507 1224 1573 luisse
1245 1513 1331 1588 tum,
1354 1508 1504 1597 quando

178 1618 213 1681 in
232 1622 324 1681 terra
343 1617 437 1682 Moab
460 1616 630 1682 celebrata
651 1622 700 1683 est
724 1616 892 1682 restitutio
912 1613 1072 1680 foederis,
1092 1614 1187 1680 Sicut
1208 1615 1376 1681 sacrificia
1393 1639 1502 1682 reno·

178 1721 325 1788 vatiouis
342 1727 435 1788 [tent.
455 1729 534 1802 27,5
555 1745 628 1788 nou
652 1723 779 1789 fiebant
799 1721 835 1788 in
857 1721 1090 1802 altariaeneo,
1105 1720 1212 1787 sedin
1234 1721 1334 1787 altari
1354 1721 1503 1809 lapideo

177 1827 222 1893 ad
244 1827 277 1893 id
304 1827 497 1917 specialiter
520 1835 724 1910 constructa,
746 1827 793 1894 ita
815 1826 922 1894 multo
943 1827 1055 1893 miuus
1076 1826 1242 1893 sacrificia
1256 1828 1499 1895 restitutionis.

178 1939 280 2001 Sacra
295 1936 443 2001 mosaica
458 1941 545 2016 tum,
563 1936 611 2002 uti
630 1941 695 2002 los,
713 1942 804 2016 8,33,
828 1935 1002 2001 credenda
1023 1940 1103 2000 sunt
1117 1955 1232 1999 eoram
1251 1933 1400 2001 adfuisse
1415 1939 1504 2002 'eon-

177 2047 265 2107 teeta
288 2043 357 2107 suis
385 2042 584 2109 involueris.
612 2047 716 2119 Quam
747 2042 981 2108 coniecturam
1008 2041 1042 2106 b.
1071 2040 1095 2106 l.
1127 2040 1267 2106 omniuo
1286 2042 1504 2109 confirmant

178 2148 285 2214 verba
310 2149 466 2234 Moysis«
493 2149 613 2214 levitas
645 2177 659 2206 »
692 2148 844 2215 iubentis·
866 2150 977 2214 faeere
1005 2145 1104 2228 illud,
1131 2145 1225 2234 quod
1246 2145 1358 2212 levitis
1382 2148 1502 2214 faeere

177 2254 283 2335 nesaS,
301 2254 466 2341 quamdiu
482 2277 561 2319 arca
582 2277 652 2320 uon
671 2261 757 2320 esset
773 2254 935 2320 obvoluta
952 2252 1173 2337 tegumentis

223 2359 399 2446 Expressio
417 2382 448 2423 v.
464 2366 506 2424 26
528 2359 563 2424 in
580 2359 685 2426 latere
702 2383 762 2449 per
775 2383 810 2426 se
827 2368 876 2426 est
891 2359 1056 2444 ambigua
1073 2359 1223 2447 (Boasr.)
1244 2379 1251 2424 :
1270 2358 1391 2425 merito
1406 2360 1502 2427 latus

176 2464 323 2531 exterius
343 2466 614 2554 interpretantur
635 2470 721 2532 Post.
748 2466 896 2555 aliique;
914 2464 1040 2532 etenim
1061 2465 1098 2530 in
1126 2464 1232 2531 latere
1253 2465 1421 2532 interiore
1439 2489 1499 2534 seu

177 2571 269 2637 intra
285 2594 413 2654 aream,
438 2578 471 2639 et
490 2595 585 2640 secus
610 2573 695 2640 duas
713 2561 849 2640 tabulas
869 2571 1025 2661 lapideas
1044 2572 1202 2637 volumen
1224 2593 1405 2661 reponere,
1426 2594 1502 2639 nou

178 2676 289 2744 levitis
314 2683 445 2744 tantum
474 2679 533 2744 sed
561 2679 776 2768 simplicibus
803 2681 885 2745 item
908 2677 1142 2745 sacerdotibus
1165 2678 1260 2744 netas
1274 2678 1402 2746 luisset.
1432 2683 1501 2745 Do-

178 2806 297 2851 eemur
313 2785 416 2850 etiam
434 2792 452 2852 3
477 2791 558 2872 Reg.
577 2793 633 2868 8,9
658 2785 694 2850 in
710 2809 790 2851 area
809 2791 947 2874 praeter
967 2785 1051 2850 duas
1066 2783 1202 2851 tabulas
1219 2783 1375 2873 lapideas
1389 2784 1501 2853 luisse

178 2889 283 2972 nihil,
310 2891 500 2959 seeundum
524 2914 625 2981 quem
646 2898 774 2958 textum
796 2890 1018 2981 explicandus
1038 2895 1086 2957 est
1106 2891 1200 2956 loeus
1219 2889 1318 2956 llebr.
1340 2895 1409 2970 9,9.
1434 2896 1501 2960 Ve-

180 3017 273 3075 rum,
292 2996 328 3062 in
348 3020 414 3084 qno
432 2997 536 3064 latere
553 3021 651 3064 arcae
668 2998 887 3087 reponendus
902 3005 973 3064 erat
986 2997 1093 3063 libert
1108 3019 1177 3062 non
1193 2998 1285 3063 enim
1302 2998 1502 3064 censendus

178 3108 230 3166 est
254 3107 377 3187 Moyses
399 3126 471 3168 rem
491 3103 577 3169 tanti
590 3094 760 3170 momenti
784 3103 946 3170 caathitis
965 3103 1159 3192 permisisse
1180 3103 1496 3171 determinandam.

179 3210 267 3272 Ante
285 3213 318 3273 et
335 3229 427 3297 pone
440 3230 510 3275 non
534 3209 731 3298 exprimunt
744 3210 885 3277 llebraei
902 3233 982 3276 voce
1004 3222 1080 3273 ast:-
1099 3215 1148 3275 Ps.
1168 3216 1209 3276 90
1232 3209 1315 3298 (91),
1336 3218 1355 3275 7
1373 3232 1413 3276 ea
1433 3233 1498 3276 vox

178 3319 271 3380 certe
299 3314 471 3400 signifieat
496 3316 586 3382 latus
608 3316 798 3402 sinistrum,
829 3316 1102 3406 crediderimque
1131 3316 1280 3383 eundem
1304 3339 1376 3382 esse
1402 3319 1500 3383 vocis

179 3420 212 3486 h.
236 3420 260 3486 l.
290 3443 436 3488 sensum.
462 3426 528 3490 Cur
548 3446 619 3490 non
641 3423 870 3514 reponebatur
888 3425 1059 3490 cauticum
1079 3423 1115 3489 in
1131 3423 1236 3489 latere
1249 3422 1390 3489 dextro?
1410 3423 1499 3499 Quia

177 3527 214 3592 in
236 3549 275 3592 eo
293 3529 367 3594 loeo
389 3528 580 3596 honestiore
601 3530 750 3619 reposita
767 3537 839 3599 erat
860 3532 972 3597 thora.
996 3531 1128 3596 Etenim
1148 3529 1283 3595 thoram
1303 3551 1444 3617 quoque
1462 3531 1498 3596 in

177 3633 283 3699 latere
304 3657 402 3701 areae
427 3637 611 3724 repositam
637 3660 708 3704 esse
728 3637 814 3703 mihi
838 3643 970 3703 eertum
991 3643 1058 3718 est,
1078 3637 1156 3702 lioet
1178 3659 1209 3701 v.
1233 3642 1274 3701 23
1293 3659 1343 3725 sq.
1362 3635 1405 3701 ad
1422 3637 1498 3703 eal·

178 3760 254 3804 cem
280 3762 310 3805 v.
341 3747 380 3807 15
398 3742 587 3823 translatis,
612 3743 649 3810 id
670 3743 738 3810 iam
761 3766 830 3810 nou
856 3743 1014 3832 explicite
1031 3742 1178 3809 affirmet
1197 3748 1319 3808 textus.
1338 3741 1498 3810 Habebat

178 3845 328 3935 primum
346 3846 435 3914 liber
450 3848 635 3938 bipartitus
651 3850 886 3917 narrationem
902 3848 1126 3916 restitutionis
1143 3848 1290 3915 loedoria
1309 3855 1341 3913 et
1356 3848 1493 3930 thorae,

178 3975 265 4041 quae
284 3954 420 4020 thoram
442 3956 611 4022 referebat
630 3956 672 4022 ad
698 3956 872 4023 dexteram
897 3978 996 4023 arcae
1014 3978 1084 4022 esse
1102 3956 1310 4044 repositam:
1330 3953 1428 4020 ouius
1444 3956 1496 4021 rei

176 4058 344 4127 indicium
365 4067 414 4127 est
433 4062 517 4128 mihi
534 4086 565 4130 v.
589 4070 631 4129 26
652 4086 715 4128 vox
738 4078 814 4133 asu,
836 4086 925 4152 quae
947 4064 1065 4150 nequit
1081 4061 1228 4147 intelligi
1241 4061 1284 4127 de
1301 4061 1417 4149 aliquo
1438 4061 1495 4127 in-

177 4163 403 4232 determinato
428 4169 533 4233 latere
558 4189 565 4235 :
591 4191 675 4255 ergo
701 4169 861 4255 designat
887 4170 975 4235 latus
996 4169 1168 4235 sinistrum
1198 4167 1234 4233 in
1259 4165 1493 4257 oppositione,

177 4268 228 4333 uti
243 4275 294 4335 Ps
313 4277 355 4336 90
374 4272 457 4361 (91),
476 4282 508 4357 7,
524 4275 567 4341 ad
583 4275 672 4342 latus
688 4275 863 4356 dextrum3
879 4274 916 4341 in
929 4275 1033 4342 latere
1049 4274 1166 4342 dextro
1183 4279 1255 4340 erat
1270 4275 1381 4340 thora.
1401 4296 1432 4341 v.
1450 4280 1494 4341 26

178 4402 194 4433 «
216 4373 333 4439 Tollite
349 4376 473 4443 librom
491 4380 591 4446 ist-ian
611 4395 643 4447 et
655 4381 776 4471 ponite
794 4405 870 4448 enm
888 4382 923 4447 in
941 4382 1044 4448 latere
1065 4403 1165 4449 arene
1183 4379 1335 4469 foederis
1351 4380 1496 4447 Domini

178 4480 240 4547 nei
256 4482 369 4562 vestri,
395 4498 432 4548 nt
456 4485 500 4550 sit
522 4486 570 4552 ibi
589 4501 707 4555 eontra
729 4502 759 4554 te
784 4489 819 4554 in
842 4489 1076 4554 testimoninm
1101 4517 1130 4554 a.
1162 4489 1261 4553 Hebr.
1289 4508 1296 4554 :
1321 4485 1357 4550 iu
1381 4497 1412 4550 te
1431 4507 1496 4554 seu

175 4587 294 4676 quood
312 4601 354 4670 te,
377 4590 436 4657 sed
456 4614 488 4658 v.
509 4599 549 4657 27
568 4594 714 4659 ostendit
736 4601 825 4661 reete
845 4597 930 4661 verti
949 4607 1066 4661 contro
1083 4607 1126 4660 te.
1143 4598 1278 4661 Praeter
1299 4591 1398 4680 Vulp.
1417 4614 1495 4659 om-

176 4717 235 4761 nes
250 4696 378 4763 habeut
394 4714 506 4773 aranu,
519 4722 603 4787 ergo
615 4700 741 4767 librom
757 4701 847 4767 linire
863 4701 992 4768 eborae.
1011 4706 1117 4778 Quom
1130 4706 1245 4766 tamen
1261 4720 1376 4765 vocem
1388 4699 1495 4767 eredo
