3366 5346
615 299 714 344 reouu
738 301 952 345 uersururss.
1385 287 1445 345 ‘eu

127 438 284 506 sitatibus
309 435 502 525 explicatas
525 440 653 512 auctas,
682 435 879 523 completas.
900 440 969 511 Quo
1000 457 1100 501 sensu
1130 434 1329 525 collectanei
1352 436 1444 521 leges

127 547 230 611 etiam
246 544 311 609 dici
333 549 473 631 possunt
488 540 669 623 mosaicae,
685 562 783 606 sensu
799 563 868 605 uon
886 540 1111 630 diplomatico
1127 549 1160 607 et
1175 541 1306 621 critice,
1324 541 1383 607 scd
1397 542 1445 607 le·

62 736 65 741 Ι
128 652 198 738 gali
214 656 247 715 et
261 649 408 734 vulgari.
424 652 475 713 Sc.
490 647 543 712 lex
559 648 707 712 mosaica
722 646 882 713 Hebraeis
896 646 949 712 lex
963 654 1034 713 erat
1047 669 1118 713 non
1134 655 1268 715 mortua
1283 648 1339 714 sed
1353 647 1443 729 visa,

127 779 213 846 cquae
227 754 386 845 primitus
405 753 529 821 deserti
549 753 670 818 usibus
689 753 806 819 luisset
822 752 1039 841 potissimum
1057 754 1327 836 accommodata,
1351 752 1447 819 dein·

65 878 68 883 ⁴
126 884 203 950 ceps
227 860 443 949 sequentium
468 864 662 947 temporum
689 859 809 925 usibus
839 860 1142 944 accommodanda,
1168 861 1357 926 ministerio
1383 882 1446 947 po·

128 964 292 1036 tissimum
316 967 575 1056 prophetarum.
595 965 630 1030 ld
660 966 752 1031 euim
777 966 1025 1054 prophetarum
1048 965 1300 1031 nobilissimum
1323 987 1447 1030 munus

127 1074 239 1159 legem
272 1073 460 1151 inculcare,
494 1071 688 1160 applicare,
713 1071 890 1160 adaptare,
923 1073 1056 1160 lapsam
1095 1073 1294 1153 restituere,
1325 1093 1447 1137 narinus

125 1181 228 1266 longe
257 1180 396 1266 gravius
424 1177 604 1266 magisque
634 1179 863 1243 necessarium
893 1199 1036 1244 munere
1057 1178 1249 1244 futurorum
1272 1200 1446 1268 praenun-
1545 1267 1548 1274 Ι

128 1285 335 1352 tiandorum.
354 1282 561 1373 Proplcetam
586 1289 701 1351 autem
718 1283 858 1350 omnino
877 1306 997 1350 censeo
1013 1284 1173 1350 exstitisse
1195 1284 1414 1350 collectorem
1435 1303 1442 1348 :

126 1391 345 1480 nequeenim
367 1391 410 1456 ab
431 1412 483 1470 eo,
502 1390 563 1478 qui
578 1390 744 1478 propheta
766 1412 835 1456 non
850 1397 948 1473 esset,
967 1389 1078 1478 potuit
1097 1390 1344 1457 collectaneum
1360 1390 1445 1476 legis

127 1499 364 1564 auctoritatem
386 1497 552 1585 accipere.
575 1497 608 1561 Si
632 1518 777 1584 quaeras
802 1496 921 1583 igitur,
940 1486 1301 1563 situc'collcetaneum
1324 1497 1445 1561 mosai-

126 1624 204 1670 cum
220 1626 259 1669 eo
277 1626 388 1684 sensu,
407 1607 443 1668 ut
460 1600 579 1688 Moysis
594 1600 724 1669 calante
740 1603 784 1667 sit
801 1608 990 1685 exaratum,
1008 1624 1117 1688 neg03
1134 1602 1218 1669 sico
1237 1624 1338 1668 sensu
1354 1603 1446 1668 affir-

126 1732 196 1777 mes
216 1731 285 1776 esse
306 1710 504 1787 mosaicum,
523 1713 560 1773 ut
581 1708 625 1773 sit
646 1707 720 1796 ipsa
740 1709 817 1774 viva
840 1709 960 1795 Moysis
980 1710 1044 1788 lex,
1064 1715 1204 1774 truncus
1219 1708 1343 1774 fronde
1362 1708 1444 1773 insi-

125 1815 217 1901 gnis,
239 1815 382 1882 floribus
400 1819 433 1881 et
452 1814 631 1895 fructibus
650 1814 772 1880 lubens
793 1816 954 1881 concedo.
977 1820 1045 1881 Hoc
1066 1815 1188 1881 eodem
1210 1837 1309 1881 seusu
1333 1815 1442 1899 leges,

125 1922 251 2009 quibus
263 1942 325 1987 uos
340 1920 496 2001 sivimus,
513 1920 717 1986 christianae
735 1926 825 1986 sunt.
843 1922 890 1987 cf.
910 1944 945 2009 p.
963 1928 1005 1986 79
1024 1943 1074 2008 sq.

170 2033 201 2094 t.
219 2032 353 2108 Verum,
370 2027 398 2091 si
416 2025 601 2093 mutabiles
620 2026 715 2092 fuere
730 2009 824 2111 leges
848 2033 924 2094 Lev.
950 2031 1063 2110 Num,
1082 2027 1264 2093 rracctabc'les
1286 2028 1366 2091 item
1385 2049 1444 2091 ese-

126 2134 252 2219 stitecc,
271 2155 361 2223 quae
376 2133 412 2198 ar.
432 2155 550 2199 ceram
571 2131 682 2198 lectam
698 2132 841 2218 subiere,
861 2133 952 2221 lepes
967 2133 1178 2200 collectanei.
1195 2133 1441 2199 Colleetaneum

124 2242 237 2329 prima
260 2242 371 2305 fronte
398 2240 597 2325 agnoscitur
621 2260 690 2304 esse
708 2238 761 2306 lex
785 2239 829 2305 ad
857 2245 993 2329 tempus
1018 2238 1122 2317 edita,
1141 2239 1286 2305 miseriis
1310 2246 1442 2326 tempo-

125 2369 201 2413 rum
223 2368 393 2412 concessa.
414 2346 510 2413 Haud
532 2351 625 2433 puto,
650 2345 762 2434 ipsum
786 2345 1005 2412 collectorem
1030 2352 1223 2412 autumasse
1250 2367 1328 2411 suas
1349 2344 1445 2430 leges

124 2453 196 2520 tore
218 2459 383 2540 perpetuo
403 2473 657 2540 permansuras.
676 2452 919 2518 l'lorentiorenr
935 2437 1116 2537 religionis
1133 2452 1366 2518 conditionem
1387 2451 1443 2517 fu-

125 2567 238 2625 turam
261 2565 338 2638 las
364 2557 621 2646 auspicabatur.
643 2562 726 2623 Cum
749 2558 814 2644 piis
840 2558 1043 2645 aequalibus
1070 2560 1168 2643 regni
1193 2558 1441 2623 iustitutionem

125 2663 285 2729 omuibus
307 2662 396 2728 rotis
414 2662 595 2751 expetebat
616 2669 792 2750 tamquam
815 2662 984 2729 malorum
1009 2664 1058 2729 rei
1081 2664 1239 2752 publicae
1262 2685 1369 2729 unum
1393 2665 1443 2728 es-

125 2770 210 2836 ficax
238 2768 442 2836 remedium.
469 2768 603 2834 Sciebat
627 2767 778 2834 iudicum
807 2769 976 2836 maiorum
1005 2769 1244 2836 auctoritatem
1271 2790 1441 2835 cessuram

124 2898 194 2942 esse
212 2875 407 2942 auctoritati
428 2875 554 2959 regiae.
574 2879 706 2955 Verum,
724 2874 895 2964 quidquid
916 2875 959 2942 de
974 2876 1027 2942 bis
1045 2877 1188 2942 senserit
1207 2874 1380 2954 collector,
1402 2896 1441 2941 ea

125 2990 173 3049 est
190 2982 392 3048 collectanei
407 2980 554 3060 indoles,
575 2987 625 3061 ut,
645 2981 813 3069 imprimis
830 2982 859 3047 si
878 3004 954 3048 cam
971 3004 1048 3049 eum
1065 2983 1106 3048 iis
1122 2983 1339 3048 conferamus
1354 3003 1442 3070 cquae

124 3089 164 3156 de
184 3090 369 3178 posteriorc
389 3088 622 3154 Hebraeorum
644 3087 786 3154 historia
806 3096 984 3178 perspecta
999 3089 1177 3170 habemus,
1196 3087 1441 3177 perspiciamus

124 3195 337 3262 solummodo
368 3194 409 3260 ad
442 3200 577 3282 tempus
608 3194 769 3260 Hebraeis
801 3194 889 3261 illud
914 3195 1127 3285 propositum
1158 3216 1228 3261 esse
1259 3216 1321 3283 pro
1350 3193 1440 3260 vitae

124 3323 257 3368 norma.
270 3300 497 3387 abrogandae
508 3306 605 3366 erant
617 3300 856 3387 indulgentiae
870 3301 990 3389 inipso
1003 3323 1193 3380 concessae,
1207 3323 1274 3389 quo
1286 3306 1438 3388 tempore

123 3407 318 3496 compositis
333 3406 565 3496 praecedentis
580 3406 655 3471 aeri
675 3405 879 3471 tumultibus
896 3407 1033 3472 floreret
1048 3407 1111 3472 sub
1130 3406 1195 3494 piis
1218 3405 1358 3488 regibus
1375 3409 1437 3470 Hc-

124 3514 306 3579 braeorum
327 3512 544 3600 respublica.
562 3511 765 3577 Auctoribus
786 3518 858 3577 tuni
877 3512 1075 3599 posterioris
1092 3513 1167 3576 aevi
1187 3510 1365 3598 prophetis
1383 3531 1439 3575 eo-

123 3617 244 3684 lendus
258 3623 329 3683 erat
343 3619 445 3683 lah-ve
457 3617 495 3682 in
510 3617 611 3684 unico
624 3618 830 3699 sanctuario,
847 3616 1082 3683 solemnitates
1096 3620 1223 3682 statuto
1237 3620 1392 3703 tempore
1405 3622 1439 3681 et

123 3725 190 3790 ritu
210 3730 366 3789 accurate
382 3723 621 3803 celebrandae,
636 3723 828 3790 sacerdotes
846 3747 866 3789 a
883 3722 996 3790 levitis
1010 3721 1137 3812 oppido
1153 3721 1303 3789 distincti
1314 3720 1437 3788 eximio

123 3831 255 3896 bonore
273 3828 428 3895 habendi
444 3834 477 3894 et
498 3829 594 3894 iustis
616 3829 808 3895 redditibus
828 3828 974 3910 ditandi,
990 3830 1090 3918 plene
1108 3827 1350 3906 restituendus,
1368 3831 1438 3892 imo

122 3938 312 4028 plurimum
343 3935 521 4022 augendus
554 3934 717 4022 splendor
746 3918 927 4001 'sacrorum
959 3935 1198 4002 mosaicorum.
1228 3935 1437 4000 amissurum

122 4051 194 4110 tum
210 4049 282 4110 erat
298 4041 488 4109 necessario
502 4040 749 4107 collectaneum
763 4041 979 4109 authenticae
994 4041 1082 4127 legis
1093 4042 1343 4119 auctoritatem,
1359 4039 1439 4105 licet

122 4152 221 4239 plura
244 4152 315 4216 eius
345 4153 471 4214 statuta
496 4146 650 4236 plurium
679 4147 942 4233 generationum
969 4147 1215 4215 cousuetudine
1242 4152 1438 4212 consecrata

124 4279 185 4345 pro
205 4256 380 4343 germanis
404 4253 539 4340 legibus
558 4252 794 4343 reciperentur
817 4255 861 4321 ab
881 4254 1052 4336 omnibus,
1069 4254 1288 4321 retinendum
1312 4251 1436 4318 nihilo-

124 4363 248 4443 minus,
266 4370 299 4429 et
315 4361 436 4428 merito
452 4360 605 4449 quidem,
622 4360 660 4426 in
679 4382 854 4428 sacrorum
874 4360 1042 4427 librorum
1057 4359 1187 4429 ordine.

169 4468 296 4545 Quibus
315 4468 378 4534 rite
397 4467 572 4557 perpensis
593 4465 718 4533 clarius
738 4467 840 4534 etiam
864 4467 1060 4558 perspicies,
1078 4491 1145 4558 quo
1160 4468 1236 4533 loco
1257 4465 1358 4533 luerit
1373 4468 1435 4528 He·

122 4575 305 4640 braeorum
322 4574 442 4659 religio
462 4578 537 4663 post
551 4572 698 4640 divisum
722 4578 857 4641 mortuo
874 4575 1055 4641 Salomone
1077 4594 1233 4658 regnum.
1252 4576 1321 4637 Nou
1339 4573 1435 4634 erant

122 4686 195 4746 tum
212 4680 368 4746 homines
388 4681 529 4747 Hebraei
551 4679 652 4769 plane
673 4680 867 4767 irreligiosi,
885 4683 944 4748 sed
965 4680 1135 4747 veteribus
1152 4678 1287 4745 statutis
1306 4674 1434 4740 adbae-
