3366 5346
695 300 784 345 neor.
810 287 900 356 11,11
922 304 987 354 soc.
1439 292 1497 349 113

183 437 278 501 11666
294 435 385 502 66611
397 435 468 501 eius
483 435 695 524 prospiciunt
717 459 736 502 a
754 437 924 526 principio
939 439 1020 505 anni
1043 462 1148 528 usque
1170 439 1214 505 acl
1239 439 1360 521 linem,
1382 443 1495 530 provi-

183 542 297 608 dendo
319 541 462 627 siugulis
478 541 689 630 temporibus
711 541 753 608 de
777 544 894 633 pluvia
914 551 1108 634 opportune
1129 574 1144 607 »
1167 545 1288 634 (Oai).
1311 574 1326 607 «
1346 549 1390 611 Et
1406 547 1503 613 oculi

184 648 276 714 illius
297 649 333 713 iu
353 670 392 714 ea
416 661 495 714 suut
517 672 539 715 a
559 648 731 738 principio
756 650 844 715 aurii
865 673 972 739 usque
996 652 1043 717 ad
1059 653 1165 740 finem
1184 653 1259 718 eius
1284 680 1314 718 ».
1334 653 1388 719 llis
1416 675 1496 721 sane

181 755 381 843 exprimitur
413 755 591 841 regionem
622 777 692 822 esse
721 756 844 821 eximie
875 757 1041 838 lertilom;
1070 757 1191 824 reddet
1217 766 1332 825 tamen
1364 766 1495 847 segetes

184 862 348 948 largiores
373 863 425 928 vel
451 861 645 951 pauciores,
662 866 765 950 prout
786 861 918 929 incolae
939 864 1101 931 mandata
1122 867 1337 931 servaverint
1361 867 1413 931 vel
1435 888 1496 932 ne-

183 968 371 1054 glexerint:
395 991 426 1034 v.
451 974 490 1034 13
508 995 523 1027 6
541 967 582 1035 Si
595 990 675 1055 erqo
690 966 888 1035 obedieritis
903 969 1078 1036 mandatis
1097 971 1191 1053 meis,
1211 992 1299 1059 quac
1312 994 1374 1060 eqo
1394 971 1495 1039 laodic

179 1074 356 1164 praecipio
377 1073 482 1159 codis,
507 1087 545 1138 ut
569 1072 728 1162 diliqatis
752 1074 1235 1158 116611666111661666111666,
1252 1090 1284 1143 et
1298 1076 1453 1144 serviatis
1466 1078 1498 1144 ci

183 1180 218 1246 irr
234 1194 303 1247 toto
320 1181 420 1247 corde
444 1191 552 1246 uestro
570 1191 602 1246 et
623 1181 659 1246 iu
682 1193 753 1247 tota
773 1181 893 1247 anima
914 1193 1024 1248 cestra
1042 1211 1077 1261 »,
1092 1206 1124 1249 v.
1147 1189 1187 1249 11
1214 1211 1229 1243 «
1248 1182 1344 1249 (labit
1362 1212 1376 1244 6
1391 1223 1435 1233 -
1450 1185 1497 1251 116

183 1288 277 1354 Saru.
295 1291 385 1354 LXX
405 1286 504 1375 Vulq.
522 1292 640 1353 contra
658 1290 761 1354 Hebr.
786 1286 907 1355 Chald.
925 1290 1002 1376 Syr.
1019 1288 1105 1355 dabo
1124 1328 1168 1338 -
1188 1316 1204 1350 «
1216 1290 1375 1379 pluviam
1388 1303 1496 1358 terrae

182 1407 311 1460 vestrae
336 1380 591 1483 terrrporaiream
615 1405 646 1459 et
670 1393 871 1478 serotinam,
888 1407 927 1460 ut
948 1394 1123 1484 colliqatis
1146 1397 1363 1483 serimentum
1385 1409 1417 1462 et
1446 1397 1497 1462 ri-

182 1523 265 1566 uum
290 1512 322 1566 et
344 1499 455 1566 oleran
484 1528 517 1582 6,
538 1505 687 1584 mustum
708 1506 741 1566 et
763 1501 877 1567 oleum
904 1523 1039 1583 166666,
1058 1525 1089 1568 v.
1116 1508 1155 1569 15
1185 1531 1200 1562 «
1227 1503 1443 1592 securiorque
1464 1532 1495 1583 »,

182 1607 346 1689 herbam,
370 1634 385 1667 «
414 1629 456 1672 ee
479 1606 573 1696 aqris
595 1606 643 1672 ad
657 1605 836 1696 pascenda
861 1606 1035 1691 iumento;
1056 1621 1088 1674 et
1113 1621 1149 1674 ut
1167 1609 1237 1696 ipsi
1253 1609 1437 1676 concedatis
1453 1632 1497 1685 ac

182 1713 386 1778 saturemini
401 1741 430 1779 ».
451 1719 489 1780 ln
505 1712 696 1779 Palaestina
715 1714 836 1803 incipit
857 1713 974 1804 pluvia
991 1719 1214 1802 temporanea
1230 1736 1345 1782 mense
1360 1715 1497 1782 Octobri

183 1820 236 1886 vel
273 1819 472 1900 Novembri,
501 1841 569 1884 uon
592 1819 770 1899 continua,
801 1824 838 1885 ut
864 1820 1015 1906 agricola
1044 1822 1147 1909 possit
1170 1842 1296 1901 serere,
1327 1822 1498 1910 copiosior

183 1932 323 1993 exeunte
341 1926 535 2007 Decembri3
556 1925 674 2014 pluvia
699 1924 848 1992 serotina
873 1925 997 2015 incipit
1017 1947 1131 1992 mense
1152 1926 1267 1993 llartio
1295 1927 1350 1993 vel
1373 1929 1493 2017 Aprili,

182 2037 401 2122 maturatque
413 2038 554 2118 segetes.
574 2035 732 2120 Utraque,
754 2031 804 2096 uti
820 2037 925 2120 patet,
945 2037 995 2098 est
1011 2032 1199 2098 necessaria
1219 2032 1401 2099 fertilitatis
1418 2056 1502 2100 con--

182 2138 279 2204 ditio.
303 2161 335 2204 v.
356 2144 395 2204 16
422 2166 438 2199 «
468 2141 605 2221 Cavete,
630 2159 673 2203 ue
692 2137 786 2224 sorte
812 2136 1007 2227 decipiatur
1026 2160 1084 2203 eor
1097 2148 1262 2224 oestrum,
1279 2152 1311 2204 et
1330 2139 1497 2205 recedatis

181 2268 202 2311 a
218 2247 377 2330 Domino,
396 2244 620 2334 serviatisque
632 2241 850 2330 uitiatoris,
869 2257 903 2310 et
921 2243 1074 2311 adoretis
1093 2267 1149 2310 eos
1171 2263 1204 2321 »;
1222 2267 1253 2310 v.
1273 2250 1313 2309 17
1335 2272 1351 2304 a
1370 2244 1497 2310 iratus·

182 2376 247 2442 que
262 2351 428 2418 Dominus
442 2349 582 2418 claudat
601 2349 743 2433 coelum,
766 2363 800 2416 et
814 2349 956 2440 plrtoiae
979 2373 1048 2417 uon
1069 2349 1295 2435 descendant,
1317 2373 1377 2417 acc
1407 2364 1497 2417 terra
1590 2422 1594 2431 ,

182 2459 238 2525 det
256 2481 396 2547 permen
413 2480 528 2540 suum,
539 2459 758 2546 pereatisque
779 2455 939 2524 velociter
960 2456 1001 2524 de
1020 2469 1112 2523 terra
1143 2457 1289 2547 optima,
1309 2480 1414 2546 quam
1429 2462 1498 2524 Do·

182 2566 297 2631 suiuus
316 2565 459 2630 (laturus
475 2576 524 2630 est
547 2563 640 2629 vodis
662 2592 692 2628 n.

227 2696 256 2738 v.
279 2677 379 2737 18-11)
402 2673 472 2737 1616
487 2670 579 2735 idem
598 2674 676 2735 suut
694 2690 772 2734 cum
790 2675 900 2749 6,(1-9.
918 2691 949 2733 v.
973 2674 1013 2736 18
1036 2698 1050 2728 «
1069 2668 1189 2733 Ponite
1205 2667 1287 2734 baec
1307 2671 1406 2735 cerda
1421 2693 1496 2736 urea

183 2779 219 2844 ia
236 2777 393 2844 cordibus
414 2790 447 2844 61
465 2777 501 2842 in
520 2775 648 2843 oreimis
670 2773 802 2854 uestris,
820 2786 852 2840 ct
873 2773 1067 2863 suspendite
1082 2795 1123 2840 ea
1134 2796 1198 2863 pro
1214 2775 1312 2863 siquo
1331 2775 1367 2840 iu
1384 2777 1497 2842 mani-

182 2889 253 2969 bus,
269 2898 302 2950 61
318 2885 408 2950 iuter
423 2881 536 2950 oculos
551 2894 676 2948 cestros
691 2880 854 2947 collocate
872 2908 902 2945 ».
920 2903 952 2945 v.
973 2886 1014 2946 19
1031 2907 1046 2941 u
1063 2883 1185 2946 Docete
1196 2879 1290 2968 filios
1303 2894 1439 2964 uestros,
1458 2896 1495 2948 ut

183 2992 244 3059 illa
260 2991 467 3058 meditentur
484 3018 515 3073 »,
533 3027 575 3039 -
589 2994 695 3069 verte,
713 2988 763 3054 uti
779 2994 835 3068 6,7
851 3007 859 3053 ε
878 3000 917 3053 ut
936 2987 977 3053 de
993 2986 1063 3053 illis
1078 2986 1233 3075 loquaris
1248 2986 1292 3054 ad
1307 2988 1408 3069 filios,
1422 3010 1494 3056 rem

182 3104 375 3166 constanter
393 3096 597 3163 inculcando
620 3134 664 3144 -
686 3121 703 3156 a
728 3092 867 3183 quaudo
890 3093 1018 3159 sederis
1041 3092 1078 3158 iri
1094 3092 1194 3159 deuio
1210 3105 1270 3160 tua
1290 3106 1321 3160 61
1338 3095 1456 3161 ambul
1479 3135 1495 3145 -

181 3207 265 3272 ceris
286 3205 323 3270 ia
338 3204 408 3286 oia,
427 3216 459 3271 et
474 3200 672 3269 accubueris
692 3213 795 3291 atque
814 3199 1003 3267 surrexeris
1024 3227 1057 3279 r,
1074 3197 1167 3266 domi
1187 3204 1221 3265 et
1239 3200 1332 3280 foris,
1352 3223 1494 3291 vespere

182 3319 214 3378 et
242 3335 358 3393 nrane,
386 3310 514 3399 ubique
544 3315 577 3376 et
605 3330 753 3397 semper.
783 3331 812 3373 v.
843 3313 884 3372 10
920 3334 935 3366 6
965 3305 1099 3373 Scribas
1127 3311 1168 3371 ed
1198 3329 1299 3395 super
1323 3320 1438 3395 postes
1464 3321 1495 3374 et

182 3419 304 3485 ianuas
317 3417 437 3483 damus
460 3428 538 3482 tuae
556 3444 585 3495 a,
603 3437 706 3504 super
722 3418 838 3502 postes
859 3412 982 3477 domus
997 3417 1031 3476 ct
1049 3410 1170 3476 ianuas
1186 3412 1294 3483 urbis,
1311 3434 1342 3476 v.
1363 3419 1402 3476 11
1424 3440 1439 3472 «
1457 3426 1494 3478 ut

182 3524 458 3612 rurrltiplicerrtur
476 3522 547 3588 dies
566 3520 629 3605 tui,
651 3533 683 3586 et
694 3518 851 3608 filiorum
876 3530 1014 3582 tuorum
1041 3516 1078 3580 ire
1107 3528 1216 3595 terra,
1240 3538 1344 3604 quam
1367 3516 1494 3584 iuravit

183 3629 514 3719 lloruirruspatrilrus
527 3627 592 3692 tuis
602 3640 638 3692 ut
654 3625 750 3692 daret
765 3624 828 3706 eis,
838 3623 1002 3714 quamdiu
1021 3620 1152 3688 cocluru
1168 3620 1324 3688 iniuriuet
1335 3635 1444 3690 terrae
1462 3653 1491 3705 »‚

182 3759 266 3823 crgo
283 3738 318 3802 iu
334 3741 550 3825 perpetuum.

227 3840 504 3911 Observationem
531 3838 772 3905 mandatorum
795 3840 1026 3923 consequetur
1053 3833 1194 3900 victoria
1219 3833 1260 3900 de
1282 3834 1439 3903 hostibus
1462 3845 1495 3903 et

181 3973 298 4018 secura
330 3947 434 4015 totius
457 3952 569 4013 terrac
598 3945 786 4034 promissae
816 3942 993 4032 possessio.
1014 3945 1086 4007 Non
1120 3939 1328 4007 adscribitur
1360 3943 1428 4024 hic,
1445 3942 1494 4008 uti

182 4064 257 4125 Lev.
289 4062 409 4139 16,1’1;
442 4057 536 4119 Deut.
573 4057 672 4132 3111
703 4072 796 4139 sqq,
825 4048 1024 4134 neglectum
1048 4046 1290 4114 mandatorum
1321 4047 1395 4114 1616
1430 4072 1494 4139 pu-

182 4164 349 4230 niendum
362 4159 517 4228 cladibus
528 4159 573 4226 ab
589 4156 735 4225 inimicis
750 4153 963 4242 infligendis.
981 4176 1014 4219 v.
1031 4159 1107 4219 116
1130 4153 1170 4221 Si
1186 4153 1278 4220 euim
1296 4153 1494 4222 custodieri-

183 4272 224 4337 tis
243 4268 422 4349 inundata,
438 4289 527 4357 quae
542 4288 605 4355 eqo
617 4262 795 4354 praecipio
811 4261 914 4344 uobis,
931 4271 963 4326 61
974 4259 1126 4349 feceritis
1141 4283 1192 4344 ca,
1207 4271 1245 4326 ut
1260 4259 1415 4350 diliqotis
1430 4265 1495 4328 Do-

184 4378 314 4444 minum
330 4380 439 4442 Deum
453 4385 613 4458 vestrum,
632 4384 663 4438 et
678 4367 859 4437 carduletis
879 4367 916 4434 iu
933 4366 1088 4433 obicibus
1105 4365 1170 4433 aiis
1184 4367 1256 4433 cius
1275 4365 1496 4435 adhaerentes

184 4484 216 4549 ei
239 4512 267 4564 »,
289 4505 321 4550 v.
337 4489 378 4548 13
402 4510 418 4543 a
437 4478 607 4570 disperdet
622 4478 787 4544 Dorrriuus
802 4496 918 4542 ouracs
936 4486 1055 4562 parites
1077 4473 1159 4540 istas
1181 4487 1260 4541 aute
1279 4474 1495 4562 [661661661-

185 4604 286 4675 uam,
309 4602 341 4655 et
354 4587 571 4678 possidebitis
589 4608 646 4653 eas
665 4613 695 4666 n,
711 4605 770 4651 seu
792 4582 904 4650 verius
911 4580 1125 4671 possessione
1142 4579 1324 4670 prc'uoditis
1341 4579 1409 4668 (sa
1424 4601 1494 4667 sq.;

183 4703 240 4765 Ex.
264 4696 390 4785 31611),
410 4722 425 4755 o
443 4716 531 4786 quae
554 4693 699 4761 ruoiorcs
721 4704 754 4758 ct
776 4688 936 4780 fortiores
950 4688 1040 4753 uobis
1059 4699 1139 4753 6661
1165 4715 1195 4754 a.
1217 4710 1248 4756 v.
1270 4692 1311 4752 11
1335 4710 1351 4745 «
1379 4685 1497 4751 Oruuis

516 4839 519 4844 -
573 4811 749 4851 1661666666.
766 4823 797 4834 ·-
813 4809 889 4846 coria.
906 4806 1023 4846 166161.
1041 4818 1072 4831 -
1089 4795 1119 4843 11
