3366 5346
177 270 217 327 64
578 328 583 338 ,
728 277 942 323 rurnonucrro.

223 423 255 483 2.
274 415 383 481 Habes
396 417 495 479 Num.
514 418 616 495 36‚13
632 412 939 502 subscriptionem:
965 440 980 472 «
997 416 1064 478 lsta
1078 414 1157 476 sunt
1171 408 1336 475 mandata
1352 413 1386 475 et
1405 408 1505 477 iudi·

180 524 249 604 cia,
267 543 355 612 quae
382 519 559 587 mandavit
582 520 683 586 lahve
698 542 762 609 per
787 523 920 605 Moysen
946 516 1026 584 filiis
1045 514 1149 584 lsrael
1174 515 1211 582 in
1237 515 1383 604 planitie
1402 516 1504 584 Moab
1546 560 1549 565 <

180 649 283 719 super
303 627 480 695 Iordanem
499 625 631 693 Iericho
654 654 684 692 r.
702 626 811 693 llabes
829 625 970 691 alteram
986 609 1275 712 subscriptionem
1298 626 1376 688 Lev.
1394 628 1504 705 ‘raus

182 736 273 825 (t6):
293 763 309 796 «
328 740 391 801 lsta
414 739 493 800 sunt
513 739 640 800 statuta
662 738 696 799 et
710 731 840 798 iudicia
858 738 891 797 et
913 732 1052 814 thorae,
1075 750 1162 819 quae
1185 727 1280 794 dedit
1295 728 1396 795 lahve
1407 729 1505 797 inter

181 865 217 909 se
236 846 271 908 et
288 842 377 907 inter
394 840 482 906 filios
507 839 608 906 lsrael
629 839 666 905 in
691 845 805 905 monte
823 837 916 904 Sinai
936 860 998 926 per
1016 841 1153 924 Moysen
1171 863 1200 902 ».
1218 833 1284 901 Ubi
1302 840 1407 916 notes,
1429 857 1502 903 non

181 949 249 1035 legi
277 946 491 1034 singularem
521 946 637 1027 thora,
671 944 729 1012 sed
760 945 930 1035 pluralem
963 942 1095 1027 thorae,
1118 963 1347 1030 synonymum
1376 963 1503 1009 vocum

180 1067 308 1121 statuta
324 1058 359 1120 et
374 1052 523 1136 iudicio,
541 1053 667 1141 quique
686 1074 756 1118 non
772 1051 930 1141 exprimit
945 1072 1072 1116 nomen
1089 1048 1183 1131 libri,
1196 1047 1256 1114 sed
1276 1049 1350 1114 eius
1364 1048 1502 1115 uuiver-

180 1160 245 1228 sim
264 1159 457 1227 materiam.
482 1158 632 1225 Tandem
659 1156 942 1246 subscriptionem
959 1156 1014 1222 vix
1028 1178 1099 1222 non
1114 1154 1276 1233 eandem,
1298 1159 1401 1244 atque
1420 1157 1499 1221 Lev.

181 1273 296 1347 abib,
319 1265 463 1332 offendis
491 1269 567 1332 Lev.
593 1270 695 1346 27,3t
727 1287 734 1331 :
767 1291 782 1324 «
813 1268 880 1329 lsta
905 1268 984 1330 sunt
1007 1261 1186 1341 mandata,
1209 1282 1298 1350 quae
1323 1260 1502 1328 mandavit

181 1374 282 1440 lahve
297 1373 399 1460 lloysi
420 1371 464 1437 ad
487 1372 574 1437 filios
590 1370 691 1437 lsrael
706 1369 743 1436 in
762 1375 878 1436 monte
896 1368 1032 1437 Sinai».

226 1479 421 1566 lgituracta
440 1478 541 1543 labve
570 1499 634 1566 per
655 1481 787 1564 lloysen
812 1476 897 1542 duas
919 1475 1064 1541 maiores
1086 1474 1408 1562 complectebantur
1426 1494 1501 1540 sec·

180 1585 291 1653 tiones
320 1605 327 1651 :
357 1584 485 1651 111ιαὶ1
508 1595 622 1650 oronte
649 1583 768 1664 Sinai,
786 1605 873 1672 quae
898 1583 1050 1672 primum
1073 1581 1324 1649 claudebantur
1348 1579 1502 1647 clausula

181 1696 257 1759 Lev.
275 1697 393 1772 26,t5‚
416 1697 447 1757 et
460 1702 539 1757 octa
555 1689 593 1755 in
605 1702 697 1756 terra
716 1691 835 1770 Moab,
855 1710 943 1778 quae
957 1687 1209 1755 claudebantur
1230 1685 1381 1754 clausula
1395 1689 1498 1752 Num.

181 1805 298 1882 36,13,
315 1820 471 1888 quaeque
488 1801 537 1863 CN
557 1819 592 1886 p.
610 1802 674 1862 213
699 1818 774 1885 sqq.
796 1794 929 1860 doceris
948 1795 1049 1861 luisse
1074 1793 1265 1885 copiosiora
1285 1813 1388 1882 quam
1405 1813 1503 1858 nunc

182 2011 371 2078 absolvitur
380 2010 528 2099 primum
539 2007 659 2076 foedus
672 2009 799 2075 lahven
814 2009 906 2075 inter
914 2012 947 2074 ct
963 2007 1133 2089 lsraelem,
1145 2006 1318 2095 adscripta
1331 2005 1503 2094 subscrip·

183 2118 272 2184 tione
290 2116 534 2197 declararetur,
550 2116 612 2182 ubi
627 2121 711 2182 esset
725 2114 798 2181 eius
811 2114 1034 2201 legislationis
1051 2113 1141 2181 finis
1155 2111 1399 2191 Conveniebat,
1415 2111 1503 2177 haec

139 2232 148 2238 '
186 2229 262 2288 acta
285 2220 525 2306 augustissima
544 2230 702 2287 accurate
722 2221 853 2286 secerni
873 2221 917 2286 ab
934 2221 1030 2301 aliis,
1048 2221 1173 2287 sanctis
1185 2219 1342 2308 quidem,
1360 2216 1420 2285 sed
1432 2239 1504 2284 non
1568 2266 1572 2271 -

187 2328 224 2393 in
246 2329 320 2416 ipso
344 2332 529 2416 conspectu
552 2326 679 2392 montis
698 2327 758 2392 llei
775 2326 885 2393 oditis.
908 2326 1029 2393 Recole
1046 2328 1166 2407 etiam,
1183 2325 1275 2414 quod
1291 2329 1366 2392 CEL
1383 2347 1420 2414 p.
1438 2328 1502 2392 tre

185 2433 427 2516 monebamus,
448 2432 562 2519 legem
584 2435 660 2499 Lev.
684 2439 726 2498 27
755 2431 882 2498 habere
912 2434 1081 2500 rationem
1112 2432 1313 2523 appendicis
1338 2430 1383 2498 ad
1408 2430 1504 2518 leges

183 2538 445 2630 praecedentes3
462 2561 569 2629 quare
588 2538 744 2606 absoluto
768 2562 830 2628 per
850 2539 1139 2629 subscriptionem
1162 2543 1238 2606 Lev.
1258 2545 1359 2621 1615
1386 2536 1504 2604 codice

183 2647 301 2733 legum
316 2646 570 2727 sinaiticarum,
593 2668 671 2713 cum
691 2645 851 2713 addenda
870 2651 956 2713 esset
975 2646 1029 2712 lex
1049 2650 1127 2714 Lev.
1147 2652 1191 2712 27
1204 2645 1307 2712 etiam
1328 2642 1501 2726 sinaitica‚

182 2754 352 2843 adscripto
367 2776 398 2820 v.
415 2760 457 2821 3t
473 2775 514 2820 ea
528 2753 771 2821 declarabatur
784 2752 935 2819 eiusdem
953 2775 1023 2819 esse
1041 2775 1119 2818 curn
1136 2751 1422 2842 praecedentibus
1436 2748 1504 2817 ori·

184 2860 274 2946 ginis
298 2865 331 2925 et
352 2859 576 2925 auctoritatis.
597 2882 628 2926 v.
655 2863 696 2925 3t
717 2857 773 2924 vel
794 2858 839 2924 ab
863 2858 984 2924 eodem
1004 2864 1108 2947 atque
1129 2862 1206 2925 Lev.
1230 2863 1331 2941 ‘reda
1351 2862 1386 2924 et
1403 2859 1502 2924 Num.

183 2971 284 3046 36,13
305 2965 501 3052 adscriptus
522 2969 587 3045 est,
608 2963 662 3029 vel
682 2964 726 3030 ad
748 2965 872 3032 horum
891 2985 1052 3032 versuum
1081 2966 1187 3031 instar
1208 2965 1418 3031 efformatus.
1434 2961 1504 3029 Ad-

184 3068 328 3158 scriptus
344 3072 408 3149 est,
421 3081 606 3158 postqrcam
620 3072 696 3134 Lev.
715 3076 756 3134 27
771 3071 855 3136 actis
869 3069 1035 3137 sinaiticis
1049 3069 1219 3138 adiectum
1236 3077 1296 3137 cst.

229 3174 309 3240 Fuit
334 3173 442 3263 iqitur
463 3174 659 3262 antiquitus
683 3175 769 3241 liber
788 3175 986 3265 bipartitus,
1005 3177 1181 3244 continens
1205 3178 1336 3258 theras,
1359 3179 1500 3257 statuta,

184 3279 328 3361 iudicia,
351 3302 440 3370 quae
462 3303 559 3347 voces
585 3286 664 3348 sunt
685 3303 911 3370 synonymae,
934 3282 995 3373 qui
1024 3284 1114 3350 liber
1138 3285 1281 3350 referret
1310 3305 1379 3350 non
1407 3303 1503 3349 mera

183 3389 303 3477 lloysis
322 3394 414 3471 acta,
434 3387 494 3454 sed
519 3399 597 3454 octo
617 3387 719 3454 labeo
739 3411 804 3477 per
830 3392 974 3478 lltoysen
997 3389 1059 3456 :id
1081 3389 1172 3456 enim
1198 3412 1317 3457 omnes
1334 3389 1412 3456 illae
1433 3393 1503 3456 tres

183 3495 449 3584 subscriptiones
471 3495 611 3562 habent.
630 3494 730 3561 Libro
750 3495 931 3584 bipartito,
954 3495 983 3562 si
1006 3495 1035 3562 is
1055 3497 1196 3563 seorsim
1217 3501 1400 3587 spectetur,
1417 3492 1503 3562 anti-

186 3602 302 3689 quitus
318 3602 418 3668 fuisse
433 3623 558 3668 nomen
573 3602 691 3684 thora,
706 3600 805 3667 nullo
820 3608 912 3668 textu
932 3602 1089 3668 efficitur.
1108 3603 1198 3670 Libri
1212 3626 1291 3693 pars
1305 3601 1429 3682 altera,
1451 3600 1503 3666 le-

185 3727 268 3792 gum
300 3706 580 3790 moabiticarum,
607 3707 862 3774 terminabatur
882 3713 981 3774 Num.
1011 3715 1129 3791 36,13;
1155 3733 1235 3799 pars
1256 3710 1362 3800 prior,
1386 3709 1501 3795 legum

184 3813 436 3894 sinaiticarum,
455 3811 706 3881 terminabatur
725 3815 876 3905 primurn
897 3819 973 3882 LeV.
997 3820 1111 3898 reda,
1129 3815 1189 3882 sed
1208 3838 1286 3882 mox
1310 3814 1502 3902 augebatur

185 3919 357 4008 adscripto
380 3923 456 3987 Lev.
475 3926 529 3985 27.
550 3919 630 3986 lllas
653 3920 737 3988 duas
757 3927 870 4012 partes
892 3944 954 4012 pro
977 3922 1137 3989 coronide
1156 3921 1347 4011 excipiebat
1362 3919 1501 3986 historia

184 4047 318 4102 eorum,
338 4048 426 4113 quae
439 4047 599 4115 supremo
614 4025 669 4091 dic
687 4026 776 4096 vitae
792 4029 912 4115 ltoysis
926 4034 1000 4094 acta
1014 4036 1109 4112 sunt,
1132 4034 1227 4095 Dent.
1253 4034 1365 4110 1‚1-3;
1382 4029 1501 4110 alut-

185 4135 298 4213 atur.
317 4131 453 4198 Genesis
473 4130 596 4220 nequit
618 4132 783 4197 affirmari
804 4133 907 4221 fuisse
923 4157 1002 4223 pars
1020 4134 1102 4201 libri
1123 4134 1295 4224 bipartiti,
1312 4155 1389 4201 cum
1412 4115 1503 4199 vitae

183 4234 460 4323 patriarcharum
475 4239 648 4304 accenseri
663 4245 836 4327 nequeant
851 4240 936 4306 actis
951 4240 1125 4323 sinaiticis,
1143 4264 1254 4331 neque
1269 4240 1383 4309 tradat
1394 4245 1502 4309 Gene-

184 4340 229 4407 sis
248 4340 427 4425 mandata,
449 4348 576 4410 statuta
589 4349 654 4410 etc.
674 4344 786 4412 lahve.

229 4446 375 4513 Advorte
395 4471 498 4537 porro
515 4450 592 4517 illas
612 4450 892 4541 subscriptiones,
911 4453 990 4521 licet
1009 4455 1097 4523 solas
1112 4457 1203 4546 lepos
1220 4455 1382 4539 efferant,
1398 4463 1501 4547 atque

183 4555 231 4621 ita
250 4553 379 4620 librum
399 4554 601 4645 bipartitum
623 4557 806 4625 exhibeant
821 4565 859 4627 ut
877 4568 1081 4652 apparatum
1100 4563 1235 4652 legum,
1250 4569 1367 4631 tamen
1384 4563 1503 4631 affixas

183 4683 274 4729 nunc
288 4663 436 4753 conspici
450 4686 520 4730 non
537 4665 638 4731 nudis
657 4664 810 4752 legibus,
829 4667 888 4734 sed
907 4669 970 4735 toti
990 4674 1167 4739 Eia-Num.
1187 4671 1395 4752 narrationi,
1414 4692 1503 4761 quae
