3366 5346
341 281 430 326 neur.
455 260 768 336 lustusamans
790 281 821 324 rs
843 280 1060 325 sannarrouaa
1083 282 1223 348 aaronita
1246 283 1348 327 ranas.
1464 269 1503 330 63

186 414 309 504 prolixi
328 411 445 500 Moysis
457 434 643 480 sermones.
658 418 756 495 Quos
775 416 909 482 etiamsi
923 439 998 505 cap.
1017 421 1120 483 12-27
1136 415 1295 505 excipias
1309 438 1378 482 non
1394 419 1505 506 potuit

187 525 313 607 Moyses
327 526 464 609 praeter
482 518 541 585 illa
558 519 659 587 unico
677 520 739 586 illo
758 521 814 588 die
830 522 1015 588 absolvere.
1035 521 1171 589 Excedit
1186 522 1215 588 is
1229 521 1330 588 labor
1344 529 1377 588 et
1391 529 1504 590 orato-

187 629 232 693 ris
254 633 286 693 et
305 627 503 694 auditorum
525 625 626 693 vires.
644 631 789 694 Putasne
817 631 919 696 unico
947 629 1007 694 illo
1031 628 1087 695 die
1112 629 1296 695 conciones
1317 629 1505 697 celebratas

186 756 255 801 esse
270 735 391 801 saltem
406 739 490 815 tres,
505 739 539 800 et
557 755 676 801 omnes
690 734 768 801 illas
784 735 953 802 orationes
965 734 1111 816 habitas,
1126 740 1159 801 et
1174 736 1292 801 foedus
1306 735 1505 802 solemniter

185 862 264 906 cum
279 839 452 906 sacrifieiis
469 861 540 907 esse
552 839 766 923 restitutum,
785 848 819 908 et
836 841 1007 909 canticum
1021 847 1055 908 et
1067 842 1323 909 benedictiones
1339 865 1407 910 esse
1423 865 1503 932 pro-

185 947 361 1013 nuntiata?
379 950 493 1036 Neque
517 969 558 1013 eo
580 947 636 1013 die
662 947 740 1013 illas
766 948 914 1037 prolixas
941 947 1113 1015 orationes
1137 970 1207 1015 esse
1231 948 1368 1016 habitas
1393 955 1504 1016 textus
1610 936 1626 955 ⁹

185 1053 344 1120 affirmat.
362 1053 511 1134 Etenim,
529 1052 589 1119 ubi
608 1076 639 1119 v.
656 1061 675 1120 3
695 1053 753 1121 1111
775 1054 905 1121 dies1¹¹¹
917 1053 1042 1120 mensis
1059 1056 1106 1120 11¹
1121 1060 1170 1121 est
1192 1055 1371 1137 recitatus,
1389 1055 1503 1144 prima

185 1159 292 1225 oratio
314 1184 346 1225 v.
361 1165 380 1226 1
393 1181 613 1248 nequaquam
637 1160 830 1227 affirmatur
844 1159 905 1227 illo
927 1160 983 1226 die
1001 1182 1072 1226 esse
1088 1160 1221 1242 habita,
1239 1161 1297 1227 sed
1313 1161 1501 1251 aliquando

185 1272 262 1355 post
281 1266 415 1332 cladem
437 1265 566 1349 Sebon,
581 1265 638 1333 die
653 1266 846 1333 accuratius
867 1267 959 1334 haud
980 1266 1221 1335 determinato.
1240 1271 1295 1333 Est
1309 1290 1348 1334 ea
1363 1267 1502 1334 evidens

184 1378 315 1439 sutura.

230 1502 259 1544 c.
284 1483 441 1544 Extrema
459 1479 539 1544 item
567 1477 708 1545 historia
729 1479 877 1546 foederis
899 1478 1172 1569 deprehenditur
1192 1479 1318 1547 hiatus.
1338 1484 1502 1547 Narratur

186 1590 286 1664 32,1t
311 1607 362 1674 sq.
387 1590 428 1650 23
458 1590 634 1673 praesente
656 1590 766 1674 Moyse
790 1587 894 1653 lahve
922 1590 1043 1653 losuen
1067 1587 1218 1669 iussisse,
1245 1592 1281 1652 ut
1303 1586 1394 1653 bono
1415 1591 1502 1653 esset

185 1691 318 1770 animo;
336 1714 369 1758 v.
385 1698 405 1756 7
426 1689 575 1780 idipsum
591 1695 716 1778 Moyses
735 1715 851 1759 coram
879 1694 1007 1782 populo
1031 1699 1149 1760 losuen
1170 1698 1288 1759 monet
1306 1692 1348 1759 iis
1369 1693 1498 1773 verbis,

184 1820 273 1886 quae
288 1797 420 1863 nonnisi
438 1820 456 1863 e
472 1798 595 1864 lahvae
610 1799 774 1866 mandato
792 1800 1016 1889 pronuntiare
1032 1799 1155 1890 potuit.
1176 1803 1272 1866 Certe
1290 1822 1361 1866 non
1378 1798 1501 1867 antici-

184 1903 279 1992 pavit
296 1909 420 1990 Moyses
435 1904 558 1970 lahvae
575 1905 794 1979 mandatum,
813 1906 907 1994 quod
921 1927 1091 1995 nusquam
1107 1905 1188 1972 iacit
1203 1906 1292 1995 ipse,
1310 1929 1422 1995 neque
1438 1929 1496 1994 pa·

184 2009 269 2075 titur
281 2009 319 2075 id
346 2012 540 2076 reverentia
561 2010 664 2077 lahve
686 2011 820 2094 debita3
840 2012 901 2078 sed
925 2016 1053 2098 Moyses
1077 2012 1129 2092 id,
1148 2011 1240 2100 quod
1264 2035 1295 2077 v.
1321 2017 1360 2079 11
1384 2034 1435 2100 sq.
1458 2018 1499 2076 23

184 2117 312 2182 lahven
331 2115 491 2182 audierat
510 2117 697 2200 dicentem,
714 2117 786 2206 ipse
812 2141 844 2183 v.
863 2127 882 2183 7
898 2140 977 2184 cum
1003 2118 1131 2207 populo
1152 2119 1392 2185 communicat.
1411 2123 1501 2204 Ergo

184 2244 253 2288 non
275 2222 422 2288 habetur
448 2246 523 2311 cap.
556 2230 595 2289 31
624 2246 692 2289 una
715 2225 879 2291 continua
903 2224 1072 2306 narratio;
1097 2225 1244 2291 refertur
1266 2223 1419 2313 primum
1447 2223 1497 2305 id,

184 2328 276 2417 quod
290 2335 405 2418 postea
419 2331 548 2410 evenit,
568 2329 665 2396 cuius
680 2336 797 2397 tamen
815 2330 1017 2397 inversionis
1031 2330 1164 2397 nullam
1182 2335 1360 2399 contextus
1375 2353 1499 2420 suppe-

183 2437 225 2501 tit
236 2436 513 2524 explicationem
529 2435 635 2519 duae,
649 2459 742 2525 quae
761 2437 898 2527 pridem
917 2436 1045 2503 divisae
1066 2442 1181 2518 eraut,
1197 2437 1413 2503 narrationes
1426 2438 1499 2503 iux-

184 2541 350 2630 tapositae
365 2542 434 2608 iam
446 2541 625 2628 legentum
643 2542 826 2608 traduntur
845 2543 946 2624 tales,
964 2543 1082 2632 quales
1101 2543 1137 2608 in
1153 2542 1295 2609 diversis
1311 2543 1499 2610 documen-

184 2647 227 2714 tis
246 2648 517 2737 reperiebantur,
535 2649 631 2715 nullo
646 2649 802 2716 adhibito
822 2653 946 2715 conatu
967 2649 1080 2715 hiatus
1104 2649 1321 2715 obliterandi.
1340 2654 1392 2715 Se.
1411 2649 1499 2714 duae

184 2754 397 2821 narrationes
411 2761 674 2836 31,1-13.1t-3u
690 2755 942 2844 quadamtenus
960 2755 1148 2844 parallelae
1163 2762 1253 2820 sunt.
1272 2754 1427 2820 Narratio
1441 2776 1499 2820 ac-

184 2866 293 2928 torum
308 2861 408 2928 lahve
424 2867 500 2951 post
514 2869 655 2929 eventus
670 2866 848 2928 lla-Num.
866 2861 1052 2940 referebat,
1069 2860 1243 2950 quomodo
1258 2860 1360 2926 lahve
1379 2865 1500 2927 losucn

183 2967 275 3033 bono
288 2991 359 3034 asse
374 2968 491 3035 animo
506 2968 656 3049 iusserit,
673 2974 808 3056 Moysen
825 2969 960 3035 iusserit
969 2967 1120 3034 seribere
1137 2966 1326 3049 canticum;
1344 2968 1498 3035 narratio

167 3069 368 3140 ¹verborum
388 3075 509 3162 Moysis
530 3075 719 3156 referebat,
735 3076 909 3164 quomodo
933 3080 1058 3162 Moyses
1074 3075 1213 3140 nomine
1235 3073 1337 3139 lahve
1361 3072 1499 3162 publice

182 3185 299 3247 losuen
320 3181 455 3248 iusserit
474 3181 566 3248 bono
587 3205 658 3248 esse
678 3181 810 3263 animo,
829 3181 908 3247 dein
924 3181 1089 3270 scriptam
1104 3182 1239 3247 tharam
1261 3179 1498 3246 sacerdotibus

182 3287 375 3355 tradiderit.
399 3292 503 3354 Erant
520 3287 629 3375 igitur
655 3289 744 3354 duae
767 3289 980 3354 narrationes
1009 3310 1124 3353 rerum
1145 3287 1271 3376 partim
1297 3286 1498 3353 earumdem

185 3393 393 3482 (adhortatio
414 3393 540 3484 losue),
563 3395 688 3484 partim
718 3393 874 3460 affinium
899 3393 1002 3481 (liber
1022 3395 1147 3460 cantici
1175 3397 1207 3458 et
1228 3392 1319 3458 liber
1342 3392 1496 3480 thorae);

183 3505 323 3588 potuere
338 3500 516 3591 iuxtaponi
526 3502 686 3590 impuna;
701 3522 820 3567 verum
837 3523 924 3567 unus
939 3506 1095 3567 narrator
1108 3499 1321 3565 haecomnia
1334 3498 1498 3564 continuo

184 3626 349 3672 enarrans
372 3606 491 3673 debuit
511 3607 789 3674 adhortationem
813 3612 906 3673 losue
930 3607 1082 3696 primum
1106 3605 1232 3671 referre
1257 3626 1276 3670 a
1302 3605 1405 3671 lahve
1428 3625 1499 3671 esse

184 3712 457 3799 pronuntiatam,
475 3719 590 3803 postea
606 3737 625 3780 a
641 3719 751 3801 Moyse
767 3713 1035 3803 promulgatam.

229 3817 262 3883 d.
280 3823 317 3883 ln
332 3818 429 3884 libris
441 3823 614 3888 Era-Num.
633 3842 746 3903 mons,
764 3821 800 3886 in
821 3842 888 3909 quo
903 3819 1030 3886 tradita
1044 3819 1144 3906 Moysi
1156 3822 1204 3884 est
1219 3817 1289 3900 lex,
1308 3823 1501 3884 constanter

181 3929 325 3991 vocatur
344 3923 462 4006 Sinai,
483 3925 519 3992 in
543 3932 639 3993 [11111.
664 3931 859 3993 constanter
874 3931 1013 3992 vocatur
1031 3928 1160 4007 Horeb3
1178 3924 1238 3991 sed
1252 3930 1343 4006 33‚2,
1366 3924 1403 3989 in
1418 3922 1501 3989 actis

181 4031 322 4098 ultimae
335 4032 404 4098 diei
420 4032 510 4100 vitae
523 4035 656 4121 Moysis,
675 4033 763 4099 redit
777 4055 902 4099 nomen
917 4032 1030 4098 Sinai.

226 4143 377 4215 Quarum
403 4141 576 4207 rationum
599 4140 668 4207 vim
703 4140 888 4207 illustrabit
907 4140 1184 4205 commentarius.
1211 4136 1377 4202 Videntur
1400 4135 1499 4202 nobis

179 4244 288 4332 igitur
302 4245 405 4312 luisse
420 4245 489 4313 duo
509 4247 638 4336 scripta
656 4247 823 4328 mosaica,
841 4253 916 4313 aeta
936 4246 1038 4312 lahve
1058 4269 1121 4336 per
1134 4251 1267 4332 Moysen
1282 4249 1315 4310 et
1330 4243 1498 4310 orationes

181 4351 299 4439 Moysis
312 4375 390 4419 cum
415 4353 557 4419 historia
572 4353 728 4434 soederiS,
749 4376 837 4442 quae
862 4352 1050 4440 aliquando
1067 4351 1218 4418 visasint
1233 4352 1270 4417 in
1291 4373 1398 4417 unum
1412 4370 1497 4437 opus

181 4459 446 4549 compingenda.
465 4461 565 4526 Cuius
581 4460 629 4526 rei
643 4458 843 4526 efficiendae
858 4480 897 4524 ea
909 4457 979 4524 visa
992 4459 1034 4525 sit
1047 4457 1322 4524 commodissima
1334 4456 1439 4533 ratio,
1459 4458 1497 4517 ut

183 4565 353 4632 orationes
366 4566 463 4648 illae,
486 4590 574 4655 quae
588 4566 707 4655 utique
723 4564 861 4631 habitae
874 4570 952 4630 sunt
966 4566 1001 4631 in
1015 4571 1107 4632 terra
1122 4564 1232 4647 Moab,
1251 4568 1330 4629 ante
1344 4557 1497 4648 supremi

182 4665 251 4737 diei
265 4671 355 4738 vitae
370 4671 488 4760 Moysis
503 4677 577 4739 aeta
589 4671 829 4738 insererentur.
