3366 5346
511 253 559 297 DEI
580 255 681 306 aunan
703 254 824 299 'l'llOllAH
847 253 1062 297 rnovlnultrta.
1389 248 1446 303 lilii

132 400 265 453 (retatus.
287 393 479 473 augmenta
501 388 668 477 accepisse
695 386 819 454 diserte
845 388 1038 453 affirmatur
1059 392 1120 454 los.
1143 394 1244 469 aare
1267 397 1299 455 et
1324 399 1339 457 1
1362 399 1442 477 lteg:

137 501 245 574 tlh-25.
269 497 408 559 Passum
424 516 494 560 esse
513 492 665 582 aliquam
680 500 792 561 textus
812 495 1089 560 imminutionem
1109 495 1331 583 conqueritur
1350 500 1448 564 resti-

133 606 225 666 tutor
235 606 343 666 textus
355 604 450 667 Dent.
466 606 567 679 “2929
581 598 659 688 (28).
673 604 712 666 Et
727 600 769 667 cl.
784 624 873 690 quae
885 599 1083 667 dicebamus
1096 623 1130 689 p.
1142 606 1185 667 80
1195 623 1285 690 sqq..
1299 603 1450 692 itemque

133 709 188 772 CN
202 729 235 795 p.
253 712 316 772 213
333 729 407 796 sqq.
423 711 562 773 Textnm
576 706 700 773 haberi
716 713 792 797 post
806 707 943 773 ruinam
959 707 1165 789 restitutum,
1180 708 1329 774 alttrrnat
1343 710 1449 800 scrip·

132 821 186 878 tor
207 817 300 879 Dent.
323 818 424 889 :2929
445 813 528 901 (28),
545 814 726 879 confirmat
745 814 897 880 narratio
917 813 960 879 de
979 814 1081 880 thora
1101 812 1145 879 ah
1165 816 1277 880 Heleia
1296 825 1444 905 reperta.
1468 873 1474 888 .

132 924 234 1007 atque
253 921 405 985 narratio
429 925 447 985 t
467 919 561 985 Hsdr.
587 925 640 1000 lt,
659 920 755 987 cuius
773 942 892 986 ornnes
914 920 1143 986 meminerunt
1163 920 1444 989 lutroduetinnes.

176 1029 269 1105 Eam,
292 1048 396 1115 quam
414 1025 667 1114 descripsimus,
686 1027 905 1116 pentateuchi
924 1025 1077 1092 indolem
1097 1048 1179 1116 prae
1201 1027 1306 1093 oculis
1322 1028 1448 1095 babeat

132 1136 264 1221 oportet
283 1133 503 1220 pentateuchi
518 1133 698 1223 interpres.
716 1132 848 1200 Etenim
869 1131 959 1199 liber
980 1153 1075 1198 sacer
1094 1133 1236 1221 quisque
1257 1135 1445 1200 secundum

131 1259 229 1304 suam
255 1238 409 1305 indolem
436 1245 485 1305 est
511 1238 818 1327 interpretandus:
842 1237 933 1305 liber
957 1237 1073 1304 stricte
1098 1238 1278 1305 historicus
1303 1246 1340 1305 nt
1361 1240 1449 1306 liber

137 1334 331 1427 historicus,
352 1344 442 1411 liber
464 1346 616 1435 poeticus
639 1351 677 1410 ut
698 1344 786 1411 liber
805 1345 969 1434 poeticus,
991 1344 1082 1410 liber
1105 1345 1279 1411 restitutus
1300 1351 1337 1411 ut
1360 1345 1448 1412 liber

133 1450 319 1517 restitutus.

175 1561 293 1623 Nonne
315 1557 405 1623 facili
426 1578 489 1645 ope
515 1556 624 1647 potuit
644 1556 780 1623 efficere
803 1563 903 1639 DeuS,
925 1563 962 1625 ut
987 1555 1076 1622 liber
1097 1556 1153 1623 hie
1176 1578 1247 1623 non
1272 1558 1449 1624 restitutus

131 1662 189 1729 sed
213 1662 348 1749 integer
373 1662 410 1729 in
437 1668 572 1729 nostras
600 1684 721 1732 manus
745 1663 943 1730 deveniret?
965 1663 1093 1744 Potuit,
1120 1662 1180 1730 sed
1207 1663 1251 1729 ob
1277 1665 1448 1753 sepientes

132 1769 281 1836 rationes
300 1792 371 1836 non
391 1769 481 1836 lecit.
497 1775 585 1837 Deus
605 1791 724 1836 causas
742 1770 915 1837 naturales
932 1792 1003 1836 nou
1022 1769 1218 1859 supprimit,
1233 1770 1292 1836 sed
1310 1769 1360 1836 eis
1377 1793 1448 1836 mo-

133 1875 285 1941 deratur.
301 1876 334 1940 Si
347 1880 457 1942 textus
469 1882 519 1941 tot
532 1876 692 1942 manibus
708 1875 840 1942 critices
855 1875 1052 1965 expertibus
1061 1880 1225 1951 versatus,
1239 1881 1287 1940 tot
1302 1881 1447 1967 tempes-

132 1981 258 2048 tatibus
273 1981 422 2067 agitatus
431 1981 567 2068 integer
582 1981 769 2060 mansisset,
782 1983 900 2048 luisset
913 1981 950 2047 id
962 1981 1119 2048 miraculi
1135 1981 1256 2063 instar,
1275 1982 1369 2071 quod
1385 1986 1447 2049 rni-

132 2086 224 2153 nime
241 2087 399 2174 exigebat
414 2088 507 2168 linis,
526 2109 629 2177 quem
646 2092 731 2155 [teus
749 2087 959 2155 intendebat.
989 2112 996 2131 ·

177 2191 406 2259 Hebraeorum
422 2193 544 2279 religio
560 2194 775 2284 potissimum
790 2193 964 2260 nitebatur
978 2194 1076 2260 factis
1090 2192 1127 2259 in
1143 2194 1278 2285 scriptis
1292 2195 1448 2262 mosaicis

133 2299 294 2379 narratiS,
311 2299 468 2385 exigebat
486 2300 756 2367 observationem
771 2301 887 2386 legum
903 2299 951 2366 ih.
972 2299 1231 2367 recensitarum.
1249 2301 1346 2369 ltedit
1364 2324 1446 2389 ergo

133 2405 292 2472 Hebraeis
306 2410 394 2472 Deus
410 2405 561 2495 primum
572 2407 743 2492 integram
757 2428 876 2473 eorum
886 2407 1056 2473 tactorum
1071 2409 1304 2474 narrationem
1316 2430 1448 2475 earum·

134 2532 200 2601 que
215 2511 333 2598 legum
348 2516 475 2578 textum
491 2512 741 2579 authenticum.

178 2618 239 2685 Ubi
262 2619 409 2684 foederis
431 2620 481 2684 rei
502 2618 582 2685 facti
603 2624 682 2685 sunt
705 2618 863 2699 Hebraei,
887 2619 922 2683 in
941 2639 1089 2706 poenam
1109 2619 1265 2706 permisit
1288 2625 1382 2691 Heus,
1410 2627 1448 2686 ut

134 2732 168 2792 et
188 2726 352 2791 lectorum
372 2724 523 2791 narratio
543 2724 781 2791 decertaretur
799 2730 834 2790 et
852 2723 1105 2802 obscuraretur,
1121 2731 1155 2790 et
1173 2731 1209 2789 ut
1229 2725 1447 2810 leguntobli-

134 2831 228 2918 gatio
248 2831 525 2898 contunderetur.
546 2835 608 2897 Per
623 2836 752 2899 textum
771 2830 906 2919 punivit
921 2852 990 2911 eos,
1006 2831 1065 2919 qui
1083 2835 1212 2896 tentum
1228 2841 1444 2920 respuerant;

134 2960 197 3028 per
212 2943 338 3004 textum
354 2937 600 3026 interpretibus
614 2945 790 3003 carentem
805 2936 959 3003 confudit
976 2959 1044 3016 eos
1061 2937 1121 3025 qui
1138 2937 1324 3026 prophetas
1344 2939 1448 3005 inter-

124 3050 250 3134 pretes
274 3044 540 3111 trucidaverant.
571 3049 656 3111 llum
683 3042 865 3133 puniebat,
897 3043 998 3110 simul
1028 3042 1238 3110 medicinam
1264 3045 1410 3134 parabat
1439 3066 1446 3112 :

135 3151 281 3241 parabat
299 3151 390 3217 viam
405 3173 512 3218 novae
527 3152 597 3236 legi
612 3156 645 3217 et
659 3173 749 3216 novo
763 3150 906 3217 foederi.

179 3263 294 3347 Neque
309 3264 393 3339 erat,
410 3280 470 3324 cur
488 3257 616 3323 intuitu
637 3256 903 3324 christianorum
926 3261 1011 3324 Deus
1030 3261 1088 3323 aut
1106 3257 1184 3324 illas
1198 3259 1449 3326 vicissitudines

135 3369 244 3430 textus
268 3362 496 3454 praepediret,
521 3370 581 3431 aut
609 3369 687 3452 post
712 3363 788 3430 illas
812 3369 940 3428 textum
967 3362 1010 3429 ad
1036 3363 1189 3429 nativam
1214 3365 1446 3451 integritatem

135 3477 323 3537 revocaret.
341 3470 473 3556 Religio
492 3470 680 3537 christiana
698 3492 769 3535 non
790 3471 882 3553 item,
901 3475 1003 3557 atque
1027 3469 1151 3554 religio
1171 3470 1332 3551 mosaica,
1353 3472 1449 3537 tactis

134 3575 257 3643 nititur
271 3579 307 3642 in
321 3577 549 3666 pentateucho
562 3577 725 3655 narratis;
743 3576 812 3641 imo
826 3575 933 3665 ipsius
945 3574 1157 3641 auctoritatis
1172 3576 1295 3642 Christi
1308 3577 1448 3644 messiae

134 3691 340 3769 argumenta
365 3706 434 3748 non
453 3685 645 3749 necessario
663 3706 680 3748 e
700 3682 929 3772 pentateucho
948 3687 1026 3748 sunt
1044 3682 1243 3770 repetenda.
1259 3684 1449 3774 Praeceptis

134 3789 223 3874 legis
243 3791 407 3855 mosaicae
430 3812 498 3854 non
515 3789 777 3875 adstringuntur
797 3786 973 3854 christiani
992 3788 1051 3865 ita,
1074 3788 1124 3854 uti
1143 3789 1449 3876 adstringehantur

136 3897 292 3962 Hebraei.
312 3901 384 3961 Non
402 3902 474 3961 erat
491 3896 590 3960 nohis
610 3917 695 3983 opus
715 3901 805 3961 textu
825 3899 983 3960 accurate
1000 3894 1174 3975 historico,
1193 3898 1354 3961 continua
1369 3919 1448 3963 nar-

136 4004 269 4069 ratione
289 4011 443 4069 actorum
467 4002 607 4068 illorum
628 4008 669 4068 to
690 4022 870 4085 annorum,
893 4000 1009 4067 subtili
1026 4006 1219 4090 temporum
1240 4003 1372 4068 ratione
1390 4004 1399 4093 l
1423 4004 1446 4071 f.

64 4132 67 4137 ·
137 4114 217 4177 Gen.
238 4117 275 4189 5,
298 4110 365 4197 11).
385 4114 459 4176 Non
479 4116 551 4175 erat
568 4130 665 4196 opus,
688 4115 726 4176 ut
747 4107 845 4174 unico
862 4108 985 4175 obtutu
1003 4108 1285 4197 perlustraremus
1302 4117 1334 4175 et
1350 4133 1447 4199 apos-

136 4215 241 4282 tasiae
262 4217 475 4297 cadesianae,
495 4220 529 4281 et
553 4214 695 4282 secundi
717 4214 865 4281 foederis
887 4215 930 4281 ad
954 4215 1104 4303 primurn
1125 4215 1245 4282 foedus
1266 4217 1443 4283 rationem.

136 4322 238 4389 Nobis
252 4324 385 4390 futurus
401 4329 473 4389 erat
492 4321 571 4389 satis
584 4328 704 4406 textus,
723 4322 833 4411 qualis
848 4344 940 4388 nnnc
955 4326 1015 4401 est,
1032 4322 1244 4403 imminutus
1262 4324 1442 4389 restitutus.

1636 4238 1651 4271 *h
