<?xml version="1.0" encoding="UTF-8"?>
<!DOCTYPE html PUBLIC "-//W3C//DTD XHTML 1.0 Transitional//EN"
    "http://www.w3.org/TR/xhtml1/DTD/xhtml1-transitional.dtd">
<html xmlns="http://www.w3.org/1999/xhtml" xml:lang="en" lang="en">
 <head>
  <title>
</title>
<meta http-equiv="Content-Type" content="text/html;charset=utf-8" />
  <meta name='ocr-system' content='tesseract 3.04.00' />
  <meta name='ocr-capabilities' content='ocr_page ocr_carea ocr_par ocr_line ocrx_word'/>
</head>
<body>
  <div class='ocr_page' id='page_1' title='image "./commentariusind00hummgoog/commentariusind00hummgoog_0422.png"; bbox 0 0 3366 5346; ppageno 0'>
   <div class='ocr_carea' id='block_1_1' title="bbox 436 314 1493 418">
    <p class='ocr_par' dir='ltr' id='par_1_1' title="bbox 436 314 1493 418">
     <span class='ocr_line' id='line_1_1' title="bbox 436 314 1493 418; baseline -0.004 -41"><span class='ocrx_word' id='word_1_1' title='bbox 436 321 483 377; x_wconf 83' lang='lat' dir='ltr'>ra.</span> <span class='ocrx_word' id='word_1_2' title='bbox 506 334 562 377; x_wconf 81' lang='lat' dir='ltr'>mx</span> <span class='ocrx_word' id='word_1_3' title='bbox 584 334 621 377; x_wconf 82' lang='lat' dir='ltr'>ne</span> <span class='ocrx_word' id='word_1_4' title='bbox 642 331 724 375; x_wconf 80' lang='lat' dir='ltr'>raro</span> <span class='ocrx_word' id='word_1_5' title='bbox 746 332 915 391; x_wconf 74' lang='lat' dir='ltr'>couruuru</span> <span class='ocrx_word' id='word_1_6' title='bbox 939 333 946 376; x_wconf 92' lang='lat'>:</span> <span class='ocrx_word' id='word_1_7' title='bbox 970 330 1060 375; x_wconf 83' lang='lat' dir='ltr'>ocur.</span> <span class='ocrx_word' id='word_1_8' title='bbox 1084 315 1246 383; x_wconf 60' lang='lat' dir='ltr'>ihm-⁶21.</span> <span class='ocrx_word' id='word_1_9' title='bbox 1427 314 1493 418; x_wconf 31' lang='grc'>,391</span> 
     </span>
    </p>
   </div>
   <div class='ocr_carea' id='block_1_2' title="bbox 184 463 1497 877">
    <p class='ocr_par' dir='ltr' id='par_1_2' title="bbox 184 463 1497 877">
     <span class='ocr_line' id='line_1_2' title="bbox 184 463 1494 557; baseline -0.005 -26"><span class='ocrx_word' id='word_1_10' title='bbox 184 466 473 557; x_wconf 74' lang='lat' dir='ltr'>priruopeuitum,</span> <span class='ocrx_word' id='word_1_11' title='bbox 495 465 657 556; x_wconf 81' lang='lat' dir='ltr'><em>dabitque</em></span> <span class='ocrx_word' id='word_1_12' title='bbox 671 466 704 531; x_wconf 90' lang='lat' dir='ltr'>ei</span> <span class='ocrx_word' id='word_1_13' title='bbox 724 465 767 533; x_wconf 85' lang='lat' dir='ltr'>de</span> <span class='ocrx_word' id='word_1_14' title='bbox 782 464 848 546; x_wconf 76' lang='lat' dir='ltr'>tis,</span> <span class='ocrx_word' id='word_1_15' title='bbox 866 488 954 555; x_wconf 72' lang='lat' dir='ltr'>quiae</span> <span class='ocrx_word' id='word_1_16' title='bbox 974 463 1144 548; x_wconf 81' lang='lat' dir='ltr'>babuerit,</span> <span class='ocrx_word' id='word_1_17' title='bbox 1163 477 1285 531; x_wconf 71' lang='lat' dir='ltr'>coaucta</span> <span class='ocrx_word' id='word_1_18' title='bbox 1307 464 1494 554; x_wconf 83' lang='lat' dir='ltr'>duplicia»</span> 
     </span>
     <span class='ocr_line' id='line_1_3' title="bbox 187 571 1497 662; baseline -0.007 -24"><span class='ocrx_word' id='word_1_19' title='bbox 187 574 244 662; x_wconf 86' lang='lat' dir='ltr'>(cl.</span> <span class='ocrx_word' id='word_1_20' title='bbox 268 579 349 641; x_wconf 86' lang='lat' dir='ltr'><strong>Gen.</strong></span> <span class='ocrx_word' id='word_1_21' title='bbox 373 573 505 662; x_wconf 72' lang='lat' dir='ltr'>t8,22);</span> <span class='ocrx_word' id='word_1_22' title='bbox 532 601 547 633; x_wconf 92' lang='lat'>«</span> <span class='ocrx_word' id='word_1_23' title='bbox 573 573 636 639; x_wconf 84' lang='lat' dir='ltr'>iste</span> <span class='ocrx_word' id='word_1_24' title='bbox 659 585 708 640; x_wconf 84' lang='lat' dir='ltr'>est</span> <span class='ocrx_word' id='word_1_25' title='bbox 735 572 827 639; x_wconf 81' lang='lat' dir='ltr'>euim</span> <span class='ocrx_word' id='word_1_26' title='bbox 849 572 1064 662; x_wconf 83' lang='lat' dir='ltr'>principium</span> <span class='ocrx_word' id='word_1_27' title='bbox 1083 572 1264 638; x_wconf 83' lang='lat' dir='ltr'>liberorum</span> <span class='ocrx_word' id='word_1_28' title='bbox 1290 571 1364 638; x_wconf 83' lang='lat' dir='ltr'>rius</span> <span class='ocrx_word' id='word_1_29' title='bbox 1393 599 1423 658; x_wconf 67' lang='lat' dir='ltr'>a,</span> <span class='ocrx_word' id='word_1_30' title='bbox 1453 610 1497 621; x_wconf 87' lang='lat'><em>-</em></span> 
     </span>
     <span class='ocr_line' id='line_1_4' title="bbox 189 676 1496 767; baseline 0 -24"><span class='ocrx_word' id='word_1_31' title='bbox 189 682 316 748; x_wconf 69' lang='lat' dir='ltr'>Heba:</span> <span class='ocrx_word' id='word_1_32' title='bbox 342 678 471 746; x_wconf 80' lang='lat' dir='ltr'>roboris</span> <span class='ocrx_word' id='word_1_33' title='bbox 490 679 576 760; x_wconf 82' lang='lat' dir='ltr'>eius,</span> <span class='ocrx_word' id='word_1_34' title='bbox 599 679 736 748; x_wconf 87' lang='lat' dir='ltr'>virtutis</span> <span class='ocrx_word' id='word_1_35' title='bbox 757 680 979 764; x_wconf 86' lang='lat' dir='ltr'>generativae</span> <span class='ocrx_word' id='word_1_36' title='bbox 999 682 1093 765; x_wconf 73' lang='lat' dir='ltr'>(Gen.</span> <span class='ocrx_word' id='word_1_37' title='bbox 1116 678 1208 767; x_wconf 80' lang='lat' dir='ltr'>t9,3)</span> <span class='ocrx_word' id='word_1_38' title='bbox 1233 716 1276 728; x_wconf 89' lang='lat'>—</span> <span class='ocrx_word' id='word_1_39' title='bbox 1293 705 1309 739; x_wconf 76' lang='grc' dir='ltr'>α</span> <span class='ocrx_word' id='word_1_40' title='bbox 1336 678 1391 765; x_wconf 72' lang='lat' dir='ltr'>[et]</span> <span class='ocrx_word' id='word_1_41' title='bbox 1416 676 1496 744; x_wconf 72' lang='lat' dir='ltr'>hiric</span> 
     </span>
     <span class='ocr_line' id='line_1_5' title="bbox 188 783 655 877; baseline 0.009 -28"><span class='ocrx_word' id='word_1_42' title='bbox 188 783 353 853; x_wconf 74' lang='lat' dir='ltr'>(letemur</span> <span class='ocrx_word' id='word_1_43' title='bbox 366 786 600 877; x_wconf 75' lang='lat' dir='ltr'>primopeaita</span> <span class='ocrx_word' id='word_1_44' title='bbox 625 815 655 853; x_wconf 76' lang='lat' dir='ltr'>o.</span> 
     </span>
    </p>
   </div>
   <div class='ocr_carea' id='block_1_3' title="bbox 412 979 1274 1071">
    <p class='ocr_par' dir='ltr' id='par_1_3' title="bbox 412 979 1274 1071">
     <span class='ocr_line' id='line_1_6' title="bbox 412 979 1274 1071; baseline -0.002 -23"><span class='ocrx_word' id='word_1_45' title='bbox 412 988 464 1048; x_wconf 83' lang='lat'>19.</span> <span class='ocrx_word' id='word_1_46' title='bbox 492 985 562 1049; x_wconf 78' lang='lat' dir='ltr'>Lea</span> <span class='ocrx_word' id='word_1_47' title='bbox 587 980 629 1048; x_wconf 87' lang='lat' dir='ltr'>de</span> <span class='ocrx_word' id='word_1_48' title='bbox 648 981 726 1071; x_wconf 75' lang='lat' dir='ltr'>filio</span> <span class='ocrx_word' id='word_1_49' title='bbox 751 979 947 1048; x_wconf 77' lang='lat' dir='ltr'><em>contumaci</em></span> <span class='ocrx_word' id='word_1_50' title='bbox 969 982 1068 1046; x_wconf 82' lang='lat' dir='ltr'>Deut.</span> <span class='ocrx_word' id='word_1_51' title='bbox 1097 985 1274 1062; x_wconf 61' lang='lat' dir='ltr'>sara-21.</span> 
     </span>
    </p>
   </div>
   <div class='ocr_carea' id='block_1_4' title="bbox 141 1161 1499 2755">
    <p class='ocr_par' dir='ltr' id='par_1_4' title="bbox 183 1161 1498 1585">
     <span class='ocr_line' id='line_1_7' title="bbox 228 1161 1496 1266; baseline -0.001 -24"><span class='ocrx_word' id='word_1_52' title='bbox 228 1177 312 1266; x_wconf 75' lang='lat' dir='ltr'>Arq.</span> <span class='ocrx_word' id='word_1_53' title='bbox 331 1216 376 1226; x_wconf 85' lang='lat'>-</span> <span class='ocrx_word' id='word_1_54' title='bbox 394 1181 578 1244; x_wconf 79' lang='lat' dir='ltr'>Parentum</span> <span class='ocrx_word' id='word_1_55' title='bbox 599 1175 653 1243; x_wconf 90' lang='lat' dir='ltr'>ius</span> <span class='ocrx_word' id='word_1_56' title='bbox 668 1175 756 1242; x_wconf 88' lang='lat' dir='ltr'>vitae</span> <span class='ocrx_word' id='word_1_57' title='bbox 778 1180 813 1242; x_wconf 92' lang='lat' dir='ltr'>et</span> <span class='ocrx_word' id='word_1_58' title='bbox 832 1174 951 1242; x_wconf 90' lang='lat' dir='ltr'>mortis</span> <span class='ocrx_word' id='word_1_59' title='bbox 968 1175 1005 1241; x_wconf 93' lang='lat' dir='ltr'>in</span> <span class='ocrx_word' id='word_1_60' title='bbox 1022 1161 1112 1241; x_wconf 80' lang='lat' dir='ltr'>filios</span> <span class='ocrx_word' id='word_1_61' title='bbox 1129 1173 1179 1241; x_wconf 88' lang='lat' dir='ltr'>ita</span> <span class='ocrx_word' id='word_1_62' title='bbox 1195 1174 1376 1257; x_wconf 89' lang='lat' dir='ltr'>limitatur,</span> <span class='ocrx_word' id='word_1_63' title='bbox 1391 1178 1429 1239; x_wconf 91' lang='lat' dir='ltr'>ut</span> <span class='ocrx_word' id='word_1_64' title='bbox 1444 1195 1496 1241; x_wconf 92' lang='lat' dir='ltr'>so-</span> 
     </span>
     <span class='ocr_line' id='line_1_8' title="bbox 183 1279 1498 1374; baseline -0.002 -26"><span class='ocrx_word' id='word_1_65' title='bbox 183 1284 255 1349; x_wconf 90' lang='lat' dir='ltr'>lnm</span> <span class='ocrx_word' id='word_1_66' title='bbox 271 1288 380 1351; x_wconf 90' lang='lat' dir='ltr'>morte</span> <span class='ocrx_word' id='word_1_67' title='bbox 393 1283 564 1374; x_wconf 77' lang='lat' dir='ltr'>plectatur</span> <span class='ocrx_word' id='word_1_68' title='bbox 582 1281 672 1349; x_wconf 88' lang='lat' dir='ltr'>filius</span> <span class='ocrx_word' id='word_1_69' title='bbox 690 1282 826 1351; x_wconf 92' lang='lat' dir='ltr'>adultus</span> <span class='ocrx_word' id='word_1_70' title='bbox 848 1281 892 1349; x_wconf 94' lang='lat' dir='ltr'>ob</span> <span class='ocrx_word' id='word_1_71' title='bbox 908 1287 1144 1350; x_wconf 79' lang='lat' dir='ltr'>contumacem</span> <span class='ocrx_word' id='word_1_72' title='bbox 1162 1279 1409 1347; x_wconf 90' lang='lat' dir='ltr'>helluationem</span> <span class='ocrx_word' id='word_1_73' title='bbox 1421 1288 1498 1370; x_wconf 90' lang='lat' dir='ltr'>post</span> 
     </span>
     <span class='ocr_line' id='line_1_9' title="bbox 184 1386 1497 1480; baseline -0.002 -23"><span class='ocrx_word' id='word_1_74' title='bbox 184 1412 314 1457; x_wconf 88' lang='lat' dir='ltr'>cassam</span> <span class='ocrx_word' id='word_1_75' title='bbox 325 1396 508 1480; x_wconf 90' lang='lat' dir='ltr'>parentum</span> <span class='ocrx_word' id='word_1_76' title='bbox 527 1388 766 1468; x_wconf 82' lang='lat' dir='ltr'>monitionem3</span> <span class='ocrx_word' id='word_1_77' title='bbox 791 1388 960 1456; x_wconf 90' lang='lat' dir='ltr'>sententia</span> <span class='ocrx_word' id='word_1_78' title='bbox 976 1410 1057 1455; x_wconf 91' lang='lat' dir='ltr'>vero</span> <span class='ocrx_word' id='word_1_79' title='bbox 1077 1388 1207 1455; x_wconf 81' lang='lat' dir='ltr'>teratur</span> <span class='ocrx_word' id='word_1_80' title='bbox 1219 1409 1288 1454; x_wconf 89' lang='lat' dir='ltr'>non</span> <span class='ocrx_word' id='word_1_81' title='bbox 1305 1409 1325 1453; x_wconf 91' lang='lat' dir='ltr'>a</span> <span class='ocrx_word' id='word_1_82' title='bbox 1345 1386 1497 1477; x_wconf 90' lang='lat' dir='ltr'>parenti-</span> 
     </span>
     <span class='ocr_line' id='line_1_10' title="bbox 184 1495 1123 1585; baseline 0 -23"><span class='ocrx_word' id='word_1_83' title='bbox 184 1496 259 1577; x_wconf 81' lang='lat' dir='ltr'>buS,</span> <span class='ocrx_word' id='word_1_84' title='bbox 283 1496 342 1562; x_wconf 93' lang='lat' dir='ltr'>sed</span> <span class='ocrx_word' id='word_1_85' title='bbox 354 1519 375 1563; x_wconf 90' lang='lat' dir='ltr'>a</span> <span class='ocrx_word' id='word_1_86' title='bbox 387 1495 571 1579; x_wconf 91' lang='lat' dir='ltr'>iudicibus,</span> <span class='ocrx_word' id='word_1_87' title='bbox 590 1496 725 1563; x_wconf 89' lang='lat' dir='ltr'>effectui</span> <span class='ocrx_word' id='word_1_88' title='bbox 741 1495 925 1564; x_wconf 76' lang='lat' dir='ltr'>mandetur</span> <span class='ocrx_word' id='word_1_89' title='bbox 943 1519 963 1562; x_wconf 90' lang='lat' dir='ltr'>a</span> <span class='ocrx_word' id='word_1_90' title='bbox 982 1495 1123 1585; x_wconf 91' lang='lat' dir='ltr'>populo.</span> 
     </span>
    </p>

    <p class='ocr_par' dir='ltr' id='par_1_5' title="bbox 141 1599 1499 2755">
     <span class='ocr_line' id='line_1_11' title="bbox 227 1599 1497 1693; baseline -0.002 -25"><span class='ocrx_word' id='word_1_91' title='bbox 227 1606 293 1669; x_wconf 79' lang='lat' dir='ltr'>Lex</span> <span class='ocrx_word' id='word_1_92' title='bbox 309 1603 421 1693; x_wconf 88' lang='lat' dir='ltr'>prima</span> <span class='ocrx_word' id='word_1_93' title='bbox 437 1602 523 1670; x_wconf 85' lang='lat' dir='ltr'>facie</span> <span class='ocrx_word' id='word_1_94' title='bbox 544 1602 632 1669; x_wconf 91' lang='lat' dir='ltr'>dura</span> <span class='ocrx_word' id='word_1_95' title='bbox 648 1602 755 1692; x_wconf 85' lang='lat' dir='ltr'>(Gai.)</span> <span class='ocrx_word' id='word_1_96' title='bbox 772 1602 956 1689; x_wconf 78' lang='lat' dir='ltr'>diligenter</span> <span class='ocrx_word' id='word_1_97' title='bbox 975 1608 1027 1669; x_wconf 90' lang='lat' dir='ltr'>est</span> <span class='ocrx_word' id='word_1_98' title='bbox 1047 1600 1261 1691; x_wconf 89' lang='lat' dir='ltr'>explicanda.</span> <span class='ocrx_word' id='word_1_99' title='bbox 1278 1600 1386 1687; x_wconf 77' lang='lat' dir='ltr'>Igitur</span> <span class='ocrx_word' id='word_1_100' title='bbox 1405 1599 1497 1689; x_wconf 89' lang='lat' dir='ltr'>apud</span> 
     </span>
     <span class='ocr_line' id='line_1_12' title="bbox 184 1705 1498 1798; baseline -0.002 -23"><span class='ocrx_word' id='word_1_101' title='bbox 184 1709 353 1776; x_wconf 84' lang='lat' dir='ltr'>Hebraeos</span> <span class='ocrx_word' id='word_1_102' title='bbox 367 1707 557 1798; x_wconf 87' lang='lat' dir='ltr'>antiquitus</span> <span class='ocrx_word' id='word_1_103' title='bbox 571 1709 625 1776; x_wconf 92' lang='lat' dir='ltr'>ius</span> <span class='ocrx_word' id='word_1_104' title='bbox 637 1709 725 1776; x_wconf 84' lang='lat' dir='ltr'>vitae</span> <span class='ocrx_word' id='word_1_105' title='bbox 741 1715 775 1777; x_wconf 92' lang='lat' dir='ltr'>et</span> <span class='ocrx_word' id='word_1_106' title='bbox 787 1710 907 1775; x_wconf 90' lang='lat' dir='ltr'>mortis</span> <span class='ocrx_word' id='word_1_107' title='bbox 922 1713 995 1776; x_wconf 85' lang='lat' dir='ltr'>erat</span> <span class='ocrx_word' id='word_1_108' title='bbox 1014 1707 1119 1798; x_wconf 90' lang='lat' dir='ltr'>capiti</span> <span class='ocrx_word' id='word_1_109' title='bbox 1133 1707 1284 1774; x_wconf 83' lang='lat' dir='ltr'>tanriliae</span> <span class='ocrx_word' id='word_1_110' title='bbox 1299 1706 1336 1772; x_wconf 91' lang='lat' dir='ltr'>in</span> <span class='ocrx_word' id='word_1_111' title='bbox 1351 1705 1498 1773; x_wconf 88' lang='lat' dir='ltr'>familia-</span> 
     </span>
     <span class='ocr_line' id='line_1_13' title="bbox 185 1814 1495 1905; baseline -0.002 -24"><span class='ocrx_word' id='word_1_112' title='bbox 185 1837 236 1882; x_wconf 92' lang='lat' dir='ltr'>res</span> <span class='ocrx_word' id='word_1_113' title='bbox 252 1816 346 1905; x_wconf 82' lang='lat' dir='ltr'>(Gen.</span> <span class='ocrx_word' id='word_1_114' title='bbox 363 1815 491 1904; x_wconf 48' lang='lat' dir='ltr'>tait),</span> <span class='ocrx_word' id='word_1_115' title='bbox 512 1817 603 1905; x_wconf 89' lang='lat' dir='ltr'>patri</span> <span class='ocrx_word' id='word_1_116' title='bbox 622 1815 658 1881; x_wconf 90' lang='lat' dir='ltr'>in</span> <span class='ocrx_word' id='word_1_117' title='bbox 669 1815 769 1882; x_wconf 88' lang='lat' dir='ltr'>filios.</span> <span class='ocrx_word' id='word_1_118' title='bbox 786 1815 881 1894; x_wconf 85' lang='lat' dir='ltr'>Quod</span> <span class='ocrx_word' id='word_1_119' title='bbox 900 1816 952 1882; x_wconf 91' lang='lat' dir='ltr'>ius</span> <span class='ocrx_word' id='word_1_120' title='bbox 967 1816 1032 1882; x_wconf 92' lang='lat' dir='ltr'>hoc</span> <span class='ocrx_word' id='word_1_121' title='bbox 1047 1818 1172 1881; x_wconf 87' lang='lat' dir='ltr'>statuto</span> <span class='ocrx_word' id='word_1_122' title='bbox 1187 1836 1260 1881; x_wconf 93' lang='lat' dir='ltr'>non</span> <span class='ocrx_word' id='word_1_123' title='bbox 1279 1814 1495 1902; x_wconf 75' lang='lat' dir='ltr'>exstirpatur,</span> 
     </span>
     <span class='ocr_line' id='line_1_14' title="bbox 183 1919 1497 2012; baseline -0.001 -25"><span class='ocrx_word' id='word_1_124' title='bbox 183 1920 242 1987; x_wconf 87' lang='lat' dir='ltr'>sed</span> <span class='ocrx_word' id='word_1_125' title='bbox 259 1926 433 2011; x_wconf 80' lang='lat' dir='ltr'>sapienter</span> <span class='ocrx_word' id='word_1_126' title='bbox 451 1921 754 1989; x_wconf 79' lang='lat' dir='ltr'>circumscribitur.</span> <span class='ocrx_word' id='word_1_127' title='bbox 773 1921 896 2009; x_wconf 78' lang='lat' dir='ltr'>Agitur</span> <span class='ocrx_word' id='word_1_128' title='bbox 915 1922 1079 2012; x_wconf 91' lang='lat' dir='ltr'>primum,</span> <span class='ocrx_word' id='word_1_129' title='bbox 1095 1921 1189 2010; x_wconf 92' lang='lat' dir='ltr'>quod</span> <span class='ocrx_word' id='word_1_130' title='bbox 1208 1943 1271 2011; x_wconf 90' lang='lat' dir='ltr'>per</span> <span class='ocrx_word' id='word_1_131' title='bbox 1284 1942 1319 1986; x_wconf 92' lang='lat' dir='ltr'>se</span> <span class='ocrx_word' id='word_1_132' title='bbox 1332 1924 1438 2009; x_wconf 90' lang='lat' dir='ltr'>patet,</span> <span class='ocrx_word' id='word_1_133' title='bbox 1454 1919 1497 1986; x_wconf 89' lang='lat' dir='ltr'>dc</span> 
     </span>
     <span class='ocr_line' id='line_1_15' title="bbox 183 2013 1499 2116; baseline -0.002 -24"><span class='ocrx_word' id='word_1_134' title='bbox 183 2028 253 2093; x_wconf 87' lang='lat' dir='ltr'>filio</span> <span class='ocrx_word' id='word_1_135' title='bbox 270 2027 388 2095; x_wconf 88' lang='lat' dir='ltr'>adulto</span> <span class='ocrx_word' id='word_1_136' title='bbox 403 2013 546 2116; x_wconf 75' lang='lat' dir='ltr'>(Calui.)</span> <span class='ocrx_word' id='word_1_137' title='bbox 570 2049 578 2096; x_wconf 74' lang='grc' dir='ltr'>ε</span> <span class='ocrx_word' id='word_1_138' title='bbox 594 2028 686 2094; x_wconf 86' lang='lat' dir='ltr'>lilius</span> <span class='ocrx_word' id='word_1_139' title='bbox 701 2033 811 2095; x_wconf 90' lang='lat' dir='ltr'>aetate</span> <span class='ocrx_word' id='word_1_140' title='bbox 827 2028 940 2094; x_wconf 91' lang='lat' dir='ltr'>minor</span> <span class='ocrx_word' id='word_1_141' title='bbox 954 2027 1157 2095; x_wconf 81' lang='lat' dir='ltr'>censebatur</span> <span class='ocrx_word' id='word_1_142' title='bbox 1171 2048 1328 2115; x_wconf 87' lang='lat' dir='ltr'>peccasse</span> <span class='ocrx_word' id='word_1_143' title='bbox 1345 2048 1385 2091; x_wconf 78' lang='lat' dir='ltr'>en</span> <span class='ocrx_word' id='word_1_144' title='bbox 1399 2025 1499 2111; x_wconf 90' lang='lat' dir='ltr'>igno-</span> 
     </span>
     <span class='ocr_line' id='line_1_16' title="bbox 183 2131 1497 2224; baseline -0.001 -25"><span class='ocrx_word' id='word_1_145' title='bbox 183 2134 305 2201; x_wconf 88' lang='lat' dir='ltr'>rantia.</span> <span class='ocrx_word' id='word_1_146' title='bbox 324 2135 447 2220; x_wconf 76' lang='lat' dir='ltr'>Agitur</span> <span class='ocrx_word' id='word_1_147' title='bbox 461 2134 504 2201; x_wconf 91' lang='lat' dir='ltr'>de</span> <span class='ocrx_word' id='word_1_148' title='bbox 523 2134 595 2201; x_wconf 86' lang='lat' dir='ltr'>tilio</span> <span class='ocrx_word' id='word_1_149' title='bbox 611 2133 730 2202; x_wconf 91' lang='lat' dir='ltr'>adulto</span> <span class='ocrx_word' id='word_1_150' title='bbox 748 2134 842 2224; x_wconf 91' lang='lat' dir='ltr'>apud</span> <span class='ocrx_word' id='word_1_151' title='bbox 857 2140 1017 2224; x_wconf 86' lang='lat' dir='ltr'>parantes</span> <span class='ocrx_word' id='word_1_152' title='bbox 1031 2134 1189 2219; x_wconf 83' lang='lat' dir='ltr'>degente.</span> <span class='ocrx_word' id='word_1_153' title='bbox 1212 2133 1313 2199; x_wconf 90' lang='lat' dir='ltr'>Plura</span> <span class='ocrx_word' id='word_1_154' title='bbox 1330 2131 1497 2198; x_wconf 87' lang='lat' dir='ltr'>eiusmodi</span> 
     </span>
     <span class='ocr_line' id='line_1_17' title="bbox 182 2240 1497 2330; baseline 0 -25"><span class='ocrx_word' id='word_1_155' title='bbox 182 2240 246 2306; x_wconf 90' lang='lat' dir='ltr'>filii</span> <span class='ocrx_word' id='word_1_156' title='bbox 264 2241 388 2307; x_wconf 88' lang='lat' dir='ltr'>delicta</span> <span class='ocrx_word' id='word_1_157' title='bbox 410 2240 486 2308; x_wconf 85' lang='lat' dir='ltr'>aliis</span> <span class='ocrx_word' id='word_1_158' title='bbox 507 2240 644 2327; x_wconf 89' lang='lat' dir='ltr'>legibus</span> <span class='ocrx_word' id='word_1_159' title='bbox 658 2241 867 2330; x_wconf 89' lang='lat' dir='ltr'>plectuntur,</span> <span class='ocrx_word' id='word_1_160' title='bbox 885 2263 975 2330; x_wconf 90' lang='lat' dir='ltr'>quae</span> <span class='ocrx_word' id='word_1_161' title='bbox 993 2241 1031 2307; x_wconf 95' lang='lat' dir='ltr'>in</span> <span class='ocrx_word' id='word_1_162' title='bbox 1045 2240 1134 2306; x_wconf 85' lang='lat' dir='ltr'>tilios</span> <span class='ocrx_word' id='word_1_163' title='bbox 1149 2262 1259 2329; x_wconf 86' lang='lat' dir='ltr'>aeque</span> <span class='ocrx_word' id='word_1_164' title='bbox 1282 2261 1322 2305; x_wconf 89' lang='lat' dir='ltr'>ac</span> <span class='ocrx_word' id='word_1_165' title='bbox 1337 2243 1497 2328; x_wconf 89' lang='lat' dir='ltr'>parentes</span> 
     </span>
     <span class='ocr_line' id='line_1_18' title="bbox 141 2338 1496 2434; baseline -0.001 -21"><span class='ocrx_word' id='word_1_166' title='bbox 141 2338 143 2341; x_wconf 57' lang='grc'>’</span> <span class='ocrx_word' id='word_1_167' title='bbox 183 2349 340 2414; x_wconf 86' lang='lat' dir='ltr'>teruntur</span> <span class='ocrx_word' id='word_1_168' title='bbox 359 2369 366 2416; x_wconf 93' lang='lat'><strong>:</strong></span> <span class='ocrx_word' id='word_1_169' title='bbox 384 2370 416 2413; x_wconf 92' lang='lat' dir='ltr'>v.</span> <span class='ocrx_word' id='word_1_170' title='bbox 441 2369 477 2434; x_wconf 90' lang='lat' dir='ltr'>g.</span> <span class='ocrx_word' id='word_1_171' title='bbox 501 2347 711 2430; x_wconf 87' lang='lat' dir='ltr'>idololatria,</span> <span class='ocrx_word' id='word_1_172' title='bbox 729 2347 951 2416; x_wconf 85' lang='lat' dir='ltr'>adulterium.</span> <span class='ocrx_word' id='word_1_173' title='bbox 969 2352 1089 2415; x_wconf 87' lang='lat' dir='ltr'>Fertur</span> <span class='ocrx_word' id='word_1_174' title='bbox 1107 2351 1222 2413; x_wconf 90' lang='lat' dir='ltr'>autem</span> <span class='ocrx_word' id='word_1_175' title='bbox 1244 2345 1311 2412; x_wconf 89' lang='lat' dir='ltr'>hoc</span> <span class='ocrx_word' id='word_1_176' title='bbox 1332 2349 1496 2412; x_wconf 87' lang='lat' dir='ltr'>statutum</span> 
     </span>
     <span class='ocr_line' id='line_1_19' title="bbox 183 2451 1497 2544; baseline 0 -26"><span class='ocrx_word' id='word_1_177' title='bbox 183 2459 300 2519; x_wconf 88' lang='lat' dir='ltr'>contra</span> <span class='ocrx_word' id='word_1_178' title='bbox 315 2454 461 2542; x_wconf 89' lang='lat' dir='ltr'>speciale</span> <span class='ocrx_word' id='word_1_179' title='bbox 480 2453 623 2544; x_wconf 83' lang='lat' dir='ltr'>aliquod</span> <span class='ocrx_word' id='word_1_180' title='bbox 644 2454 795 2523; x_wconf 89' lang='lat' dir='ltr'>filiorum</span> <span class='ocrx_word' id='word_1_181' title='bbox 811 2454 987 2535; x_wconf 87' lang='lat' dir='ltr'>delictum,</span> <span class='ocrx_word' id='word_1_182' title='bbox 1004 2477 1076 2520; x_wconf 92' lang='lat' dir='ltr'>non</span> <span class='ocrx_word' id='word_1_183' title='bbox 1094 2459 1213 2520; x_wconf 92' lang='lat' dir='ltr'>contra</span> <span class='ocrx_word' id='word_1_184' title='bbox 1227 2451 1356 2542; x_wconf 91' lang='lat' dir='ltr'>probra</span> <span class='ocrx_word' id='word_1_185' title='bbox 1379 2452 1416 2518; x_wconf 92' lang='lat' dir='ltr'>in</span> <span class='ocrx_word' id='word_1_186' title='bbox 1437 2474 1497 2541; x_wconf 88' lang='lat' dir='ltr'>pa·</span> 
     </span>
     <span class='ocr_line' id='line_1_20' title="bbox 184 2558 1496 2650; baseline 0.002 -28"><span class='ocrx_word' id='word_1_187' title='bbox 184 2564 296 2624; x_wconf 91' lang='lat' dir='ltr'>rentes</span> <span class='ocrx_word' id='word_1_188' title='bbox 312 2559 465 2626; x_wconf 90' lang='lat' dir='ltr'>coniecta</span> <span class='ocrx_word' id='word_1_189' title='bbox 481 2560 559 2645; x_wconf 79' lang='lat' dir='ltr'>(los.</span> <span class='ocrx_word' id='word_1_190' title='bbox 577 2564 653 2626; x_wconf 78' lang='lat' dir='ltr'>Ant.</span> <span class='ocrx_word' id='word_1_191' title='bbox 672 2565 722 2626; x_wconf 85' lang='lat' dir='ltr'>lV.</span> <span class='ocrx_word' id='word_1_192' title='bbox 740 2560 848 2649; x_wconf 74' lang='lat' dir='ltr'>aaa),</span> <span class='ocrx_word' id='word_1_193' title='bbox 871 2561 913 2626; x_wconf 94' lang='lat' dir='ltr'>de</span> <span class='ocrx_word' id='word_1_194' title='bbox 934 2560 1059 2650; x_wconf 89' lang='lat' dir='ltr'>quibus</span> <span class='ocrx_word' id='word_1_195' title='bbox 1078 2559 1166 2626; x_wconf 91' lang='lat' dir='ltr'>nihil</span> <span class='ocrx_word' id='word_1_196' title='bbox 1179 2558 1283 2625; x_wconf 90' lang='lat' dir='ltr'>habet</span> <span class='ocrx_word' id='word_1_197' title='bbox 1296 2563 1416 2640; x_wconf 83' lang='lat' dir='ltr'>textus,</span> <span class='ocrx_word' id='word_1_198' title='bbox 1438 2581 1496 2625; x_wconf 90' lang='lat' dir='ltr'>ea-</span> 
     </span>
     <span class='ocr_line' id='line_1_21' title="bbox 183 2665 1496 2755; baseline 0 -25"><span class='ocrx_word' id='word_1_199' title='bbox 183 2686 251 2752; x_wconf 91' lang='lat' dir='ltr'>que</span> <span class='ocrx_word' id='word_1_200' title='bbox 264 2665 472 2731; x_wconf 87' lang='lat' dir='ltr'>sufficienter</span> <span class='ocrx_word' id='word_1_201' title='bbox 486 2665 679 2755; x_wconf 89' lang='lat' dir='ltr'>puniuntur</span> <span class='ocrx_word' id='word_1_202' title='bbox 698 2665 776 2751; x_wconf 84' lang='lat' dir='ltr'>lege</span> <span class='ocrx_word' id='word_1_203' title='bbox 795 2671 872 2732; x_wconf 87' lang='lat' dir='ltr'>Lev.</span> <span class='ocrx_word' id='word_1_204' title='bbox 888 2672 984 2747; x_wconf 75' lang='lat'>20,9;</span> <span class='ocrx_word' id='word_1_205' title='bbox 1006 2688 1072 2732; x_wconf 92' lang='lat' dir='ltr'>non</span> <span class='ocrx_word' id='word_1_206' title='bbox 1097 2670 1217 2737; x_wconf 88' lang='lat' dir='ltr'>contra</span> <span class='ocrx_word' id='word_1_207' title='bbox 1232 2686 1362 2730; x_wconf 89' lang='lat' dir='ltr'>meram</span> <span class='ocrx_word' id='word_1_208' title='bbox 1378 2670 1496 2730; x_wconf 90' lang='lat' dir='ltr'>eontu-</span> 
     </span>
    </p>
   </div>
   <div class='ocr_carea' id='block_1_5' title="bbox 183 2771 1597 2862">
    <p class='ocr_par' dir='ltr' id='par_1_6' title="bbox 183 2771 1597 2862">
     <span class='ocr_line' id='line_1_22' title="bbox 183 2771 1597 2862; baseline 0.001 -26"><span class='ocrx_word' id='word_1_209' title='bbox 183 2771 327 2837; x_wconf 87' lang='lat' dir='ltr'>maeiam</span> <span class='ocrx_word' id='word_1_210' title='bbox 348 2795 379 2838; x_wconf 91' lang='lat' dir='ltr'>v.</span> <span class='ocrx_word' id='word_1_211' title='bbox 400 2777 453 2854; x_wconf 91' lang='lat'>18,</span> <span class='ocrx_word' id='word_1_212' title='bbox 468 2793 545 2838; x_wconf 90' lang='lat' dir='ltr'>eum</span> <span class='ocrx_word' id='word_1_213' title='bbox 563 2794 603 2838; x_wconf 86' lang='lat' dir='ltr'>ex</span> <span class='ocrx_word' id='word_1_214' title='bbox 617 2771 833 2840; x_wconf 79' lang='lat' dir='ltr'>accusatione</span> <span class='ocrx_word' id='word_1_215' title='bbox 855 2795 886 2837; x_wconf 92' lang='lat' dir='ltr'>v.</span> <span class='ocrx_word' id='word_1_216' title='bbox 902 2777 1075 2862; x_wconf 72' lang='lat' dir='ltr'>napaeas</span> <span class='ocrx_word' id='word_1_217' title='bbox 1094 2771 1152 2858; x_wconf 91' lang='lat' dir='ltr'>agi</span> <span class='ocrx_word' id='word_1_218' title='bbox 1167 2771 1209 2838; x_wconf 90' lang='lat' dir='ltr'>de</span> <span class='ocrx_word' id='word_1_219' title='bbox 1224 2771 1440 2837; x_wconf 87' lang='lat' dir='ltr'>contumacia</span> <span class='ocrx_word' id='word_1_220' title='bbox 1459 2771 1497 2837; x_wconf 91' lang='lat' dir='ltr'>in</span> <span class='ocrx_word' id='word_1_221' title='bbox 1591 2845 1597 2855; x_wconf 70' lang='lat'>.</span> 
     </span>
    </p>
   </div>
   <div class='ocr_carea' id='block_1_6' title="bbox 179 2875 1495 4776">
    <p class='ocr_par' dir='ltr' id='par_1_7' title="bbox 181 2875 1495 3371">
     <span class='ocr_line' id='line_1_23' title="bbox 183 2875 1495 2968; baseline 0 -25"><span class='ocrx_word' id='word_1_222' title='bbox 183 2877 321 2966; x_wconf 84' lang='lat' dir='ltr'>speciali</span> <span class='ocrx_word' id='word_1_223' title='bbox 343 2878 500 2961; x_wconf 86' lang='lat' dir='ltr'>materia,</span> <span class='ocrx_word' id='word_1_224' title='bbox 516 2900 561 2945; x_wconf 92' lang='lat' dir='ltr'>sc.</span> <span class='ocrx_word' id='word_1_225' title='bbox 581 2877 768 2945; x_wconf 88' lang='lat' dir='ltr'>habitualis</span> <span class='ocrx_word' id='word_1_226' title='bbox 789 2900 945 2945; x_wconf 85' lang='lat' dir='ltr'>excessus</span> <span class='ocrx_word' id='word_1_227' title='bbox 963 2880 1000 2945; x_wconf 92' lang='lat' dir='ltr'>in</span> <span class='ocrx_word' id='word_1_228' title='bbox 1019 2878 1097 2946; x_wconf 88' lang='lat' dir='ltr'>cibo</span> <span class='ocrx_word' id='word_1_229' title='bbox 1113 2883 1145 2944; x_wconf 88' lang='lat' dir='ltr'>et</span> <span class='ocrx_word' id='word_1_230' title='bbox 1160 2882 1256 2968; x_wconf 91' lang='lat' dir='ltr'>potu,</span> <span class='ocrx_word' id='word_1_231' title='bbox 1271 2899 1385 2966; x_wconf 91' lang='lat' dir='ltr'>neque</span> <span class='ocrx_word' id='word_1_232' title='bbox 1404 2875 1495 2943; x_wconf 93' lang='lat' dir='ltr'>enim</span> 
     </span>
     <span class='ocr_line' id='line_1_24' title="bbox 182 2984 1492 3079; baseline -0.002 -29"><span class='ocrx_word' id='word_1_233' title='bbox 182 2985 267 3051; x_wconf 90' lang='lat' dir='ltr'>haec</span> <span class='ocrx_word' id='word_1_234' title='bbox 280 3006 357 3050; x_wconf 91' lang='lat' dir='ltr'>cum</span> <span class='ocrx_word' id='word_1_235' title='bbox 372 2989 432 3051; x_wconf 90' lang='lat' dir='ltr'>Dr.</span> <span class='ocrx_word' id='word_1_236' title='bbox 450 3006 626 3052; x_wconf 87' lang='lat' dir='ltr'>censemus</span> <span class='ocrx_word' id='word_1_237' title='bbox 641 2985 758 3053; x_wconf 83' lang='lat' dir='ltr'>ass&#39;erri</span> <span class='ocrx_word' id='word_1_238' title='bbox 773 2984 1011 3079; x_wconf 87' lang='lat' dir='ltr'>tantummodo</span> <span class='ocrx_word' id='word_1_239' title='bbox 1025 2990 1064 3054; x_wconf 86' lang='lat' dir='ltr'>ut</span> <span class='ocrx_word' id='word_1_240' title='bbox 1078 2984 1314 3052; x_wconf 90' lang='lat' dir='ltr'>contumaciae</span> <span class='ocrx_word' id='word_1_241' title='bbox 1327 2984 1492 3074; x_wconf 86' lang='lat' dir='ltr'>exempla.</span> 
     </span>
     <span class='ocr_line' id='line_1_25' title="bbox 182 3089 1494 3190; baseline 0 -34"><span class='ocrx_word' id='word_1_242' title='bbox 182 3091 249 3157; x_wconf 84' lang='lat' dir='ltr'>Sed</span> <span class='ocrx_word' id='word_1_243' title='bbox 273 3113 385 3181; x_wconf 86' lang='lat' dir='ltr'>neque</span> <span class='ocrx_word' id='word_1_244' title='bbox 408 3091 462 3159; x_wconf 92' lang='lat' dir='ltr'>his</span> <span class='ocrx_word' id='word_1_245' title='bbox 488 3098 560 3159; x_wconf 86' lang='lat' dir='ltr'>tota</span> <span class='ocrx_word' id='word_1_246' title='bbox 583 3091 701 3190; x_wconf 64' lang='lat' dir='ltr'>statuti</span> <span class='ocrx_word' id='word_1_247' title='bbox 729 3092 818 3159; x_wconf 84' lang='lat' dir='ltr'>ratio</span> <span class='ocrx_word' id='word_1_248' title='bbox 846 3098 1006 3159; x_wconf 89' lang='lat' dir='ltr'>constat:</span> <span class='ocrx_word' id='word_1_249' title='bbox 1029 3093 1168 3175; x_wconf 89' lang='lat' dir='ltr'>etenim,</span> <span class='ocrx_word' id='word_1_250' title='bbox 1196 3113 1259 3159; x_wconf 90' lang='lat' dir='ltr'>cur</span> <span class='ocrx_word' id='word_1_251' title='bbox 1281 3112 1352 3158; x_wconf 93' lang='lat' dir='ltr'>non</span> <span class='ocrx_word' id='word_1_252' title='bbox 1374 3089 1494 3157; x_wconf 88' lang='lat' dir='ltr'>eadem</span> 
     </span>
     <span class='ocr_line' id='line_1_26' title="bbox 181 3197 1495 3289; baseline 0 -26"><span class='ocrx_word' id='word_1_253' title='bbox 181 3219 292 3286; x_wconf 93' lang='lat' dir='ltr'>poena</span> <span class='ocrx_word' id='word_1_254' title='bbox 311 3198 477 3288; x_wconf 87' lang='lat' dir='ltr'>puniatur</span> <span class='ocrx_word' id='word_1_255' title='bbox 494 3198 660 3265; x_wconf 88' lang='lat' dir='ltr'>helluatio</span> <span class='ocrx_word' id='word_1_256' title='bbox 679 3222 699 3267; x_wconf 88' lang='lat' dir='ltr'>a</span> <span class='ocrx_word' id='word_1_257' title='bbox 717 3205 861 3289; x_wconf 82' lang='lat' dir='ltr'>parente</span> <span class='ocrx_word' id='word_1_258' title='bbox 878 3200 934 3267; x_wconf 91' lang='lat' dir='ltr'>vel</span> <span class='ocrx_word' id='word_1_259' title='bbox 956 3199 1025 3266; x_wconf 90' lang='lat' dir='ltr'>alio</span> <span class='ocrx_word' id='word_1_260' title='bbox 1051 3199 1244 3281; x_wconf 87' lang='lat' dir='ltr'>commissa,</span> <span class='ocrx_word' id='word_1_261' title='bbox 1265 3219 1334 3287; x_wconf 91' lang='lat' dir='ltr'>qua</span> <span class='ocrx_word' id='word_1_262' title='bbox 1351 3197 1495 3286; x_wconf 90' lang='lat' dir='ltr'>punitur</span> 
     </span>
     <span class='ocr_line' id='line_1_27' title="bbox 181 3303 446 3371; baseline 0.008 -3"><span class='ocrx_word' id='word_1_263' title='bbox 181 3303 347 3371; x_wconf 87' lang='lat' dir='ltr'>helluatio</span> <span class='ocrx_word' id='word_1_264' title='bbox 364 3305 446 3371; x_wconf 84' lang='lat' dir='ltr'>frlii‘l</span> 
     </span>
    </p>

    <p class='ocr_par' dir='ltr' id='par_1_8' title="bbox 180 3410 1493 4355">
     <span class='ocr_line' id='line_1_28' title="bbox 225 3410 1489 3501; baseline 0 -23"><span class='ocrx_word' id='word_1_265' title='bbox 225 3410 357 3492; x_wconf 84' lang='lat' dir='ltr'>Recole,</span> <span class='ocrx_word' id='word_1_266' title='bbox 375 3411 496 3501; x_wconf 87' lang='lat' dir='ltr'>quanti</span> <span class='ocrx_word' id='word_1_267' title='bbox 516 3411 603 3478; x_wconf 91' lang='lat' dir='ltr'>inre</span> <span class='ocrx_word' id='word_1_268' title='bbox 619 3413 1004 3501; x_wconf 75' lang='lat' dir='ltr'>publicallebraeorum</span> <span class='ocrx_word' id='word_1_269' title='bbox 1023 3414 1186 3478; x_wconf 90' lang='lat' dir='ltr'>momenti</span> <span class='ocrx_word' id='word_1_270' title='bbox 1210 3412 1311 3477; x_wconf 89' lang='lat' dir='ltr'>luerit</span> <span class='ocrx_word' id='word_1_271' title='bbox 1323 3411 1489 3497; x_wconf 84' lang='lat' dir='ltr'>familia:</span> 
     </span>
     <span class='ocr_line' id='line_1_29' title="bbox 182 3517 1493 3605; baseline 0.002 -25"><span class='ocrx_word' id='word_1_272' title='bbox 182 3517 290 3581; x_wconf 89' lang='lat' dir='ltr'>tribus</span> <span class='ocrx_word' id='word_1_273' title='bbox 318 3518 520 3584; x_wconf 88' lang='lat' dir='ltr'>constabant</span> <span class='ocrx_word' id='word_1_274' title='bbox 547 3518 704 3598; x_wconf 87' lang='lat' dir='ltr'>familiis;</span> <span class='ocrx_word' id='word_1_275' title='bbox 730 3519 894 3600; x_wconf 83' lang='lat' dir='ltr'>familiae,</span> <span class='ocrx_word' id='word_1_276' title='bbox 917 3521 968 3586; x_wconf 92' lang='lat' dir='ltr'>uti</span> <span class='ocrx_word' id='word_1_277' title='bbox 994 3519 1114 3599; x_wconf 90' lang='lat' dir='ltr'>tribus,</span> <span class='ocrx_word' id='word_1_278' title='bbox 1138 3523 1175 3583; x_wconf 91' lang='lat' dir='ltr'>nt</span> <span class='ocrx_word' id='word_1_279' title='bbox 1198 3538 1334 3605; x_wconf 90' lang='lat' dir='ltr'>semper</span> <span class='ocrx_word' id='word_1_280' title='bbox 1357 3517 1493 3583; x_wconf 81' lang='lat' dir='ltr'>florenti</span> 
     </span>
     <span class='ocr_line' id='line_1_30' title="bbox 181 3621 1492 3712; baseline 0.004 -26"><span class='ocrx_word' id='word_1_281' title='bbox 181 3621 375 3688; x_wconf 88' lang='lat' dir='ltr'>conditione</span> <span class='ocrx_word' id='word_1_282' title='bbox 395 3631 649 3712; x_wconf 89' lang='lat' dir='ltr'>permanerent,</span> <span class='ocrx_word' id='word_1_283' title='bbox 667 3626 813 3692; x_wconf 83' lang='lat' dir='ltr'>maxime</span> <span class='ocrx_word' id='word_1_284' title='bbox 834 3630 910 3692; x_wconf 90' lang='lat' dir='ltr'>erat</span> <span class='ocrx_word' id='word_1_285' title='bbox 930 3627 965 3690; x_wconf 93' lang='lat' dir='ltr'>in</span> <span class='ocrx_word' id='word_1_286' title='bbox 986 3625 1089 3706; x_wconf 90' lang='lat' dir='ltr'>votis;</span> <span class='ocrx_word' id='word_1_287' title='bbox 1110 3624 1263 3712; x_wconf 90' lang='lat' dir='ltr'>itemque</span> <span class='ocrx_word' id='word_1_288' title='bbox 1282 3628 1321 3690; x_wconf 90' lang='lat' dir='ltr'>ut</span> <span class='ocrx_word' id='word_1_289' title='bbox 1343 3622 1492 3691; x_wconf 89' lang='lat' dir='ltr'>familia-</span> 
     </span>
     <span class='ocr_line' id='line_1_31' title="bbox 182 3729 1492 3822; baseline 0.004 -29"><span class='ocrx_word' id='word_1_290' title='bbox 182 3748 259 3794; x_wconf 92' lang='lat' dir='ltr'>rum</span> <span class='ocrx_word' id='word_1_291' title='bbox 272 3729 435 3819; x_wconf 88' lang='lat' dir='ltr'>possessio</span> <span class='ocrx_word' id='word_1_292' title='bbox 450 3730 579 3797; x_wconf 88' lang='lat' dir='ltr'>intaeta</span> <span class='ocrx_word' id='word_1_293' title='bbox 592 3739 835 3820; x_wconf 89' lang='lat' dir='ltr'>perseveraret.</span> <span class='ocrx_word' id='word_1_294' title='bbox 856 3731 913 3797; x_wconf 87' lang='lat' dir='ltr'>llis</span> <span class='ocrx_word' id='word_1_295' title='bbox 929 3730 1091 3798; x_wconf 92' lang='lat' dir='ltr'>omnibus</span> <span class='ocrx_word' id='word_1_296' title='bbox 1106 3730 1297 3822; x_wconf 89' lang='lat' dir='ltr'>plurimum</span> <span class='ocrx_word' id='word_1_297' title='bbox 1309 3729 1492 3798; x_wconf 89' lang='lat' dir='ltr'>obstabant</span> 
     </span>
     <span class='ocr_line' id='line_1_32' title="bbox 181 3834 1491 3928; baseline 0.004 -29"><span class='ocrx_word' id='word_1_298' title='bbox 181 3834 347 3902; x_wconf 90' lang='lat' dir='ltr'>helluatio</span> <span class='ocrx_word' id='word_1_299' title='bbox 363 3840 397 3901; x_wconf 92' lang='lat' dir='ltr'>et</span> <span class='ocrx_word' id='word_1_300' title='bbox 411 3835 580 3902; x_wconf 92' lang='lat' dir='ltr'>bonorum</span> <span class='ocrx_word' id='word_1_301' title='bbox 596 3859 673 3904; x_wconf 90' lang='lat' dir='ltr'>cum</span> <span class='ocrx_word' id='word_1_302' title='bbox 687 3837 806 3905; x_wconf 88' lang='lat' dir='ltr'>amicis</span> <span class='ocrx_word' id='word_1_303' title='bbox 824 3837 989 3928; x_wconf 81' lang='lat' dir='ltr'>profusio,</span> <span class='ocrx_word' id='word_1_304' title='bbox 1007 3860 1094 3928; x_wconf 87' lang='lat' dir='ltr'>quae</span> <span class='ocrx_word' id='word_1_305' title='bbox 1112 3843 1145 3904; x_wconf 91' lang='lat' dir='ltr'>et</span> <span class='ocrx_word' id='word_1_306' title='bbox 1164 3838 1339 3905; x_wconf 90' lang='lat' dir='ltr'>hominem</span> <span class='ocrx_word' id='word_1_307' title='bbox 1359 3861 1380 3903; x_wconf 88' lang='lat' dir='ltr'>a</span> <span class='ocrx_word' id='word_1_308' title='bbox 1394 3838 1491 3904; x_wconf 89' lang='lat' dir='ltr'>lami-</span> 
     </span>
     <span class='ocr_line' id='line_1_33' title="bbox 181 3941 1490 4035; baseline 0.003 -28"><span class='ocrx_word' id='word_1_309' title='bbox 181 3941 227 4007; x_wconf 91' lang='lat' dir='ltr'>lia</span> <span class='ocrx_word' id='word_1_310' title='bbox 244 3942 481 4024; x_wconf 89' lang='lat' dir='ltr'>abstrahebat,</span> <span class='ocrx_word' id='word_1_311' title='bbox 504 3943 600 4010; x_wconf 89' lang='lat' dir='ltr'>etad</span> <span class='ocrx_word' id='word_1_312' title='bbox 622 3945 872 4032; x_wconf 89' lang='lat' dir='ltr'>procreandam</span> <span class='ocrx_word' id='word_1_313' title='bbox 891 3945 1066 4012; x_wconf 90' lang='lat' dir='ltr'>robustam</span> <span class='ocrx_word' id='word_1_314' title='bbox 1088 3944 1221 4035; x_wconf 90' lang='lat' dir='ltr'>prolem</span> <span class='ocrx_word' id='word_1_315' title='bbox 1239 3943 1404 4011; x_wconf 87' lang='lat' dir='ltr'>reddebat</span> <span class='ocrx_word' id='word_1_316' title='bbox 1425 3944 1490 4011; x_wconf 91' lang='lat' dir='ltr'>mi-</span> 
     </span>
     <span class='ocr_line' id='line_1_34' title="bbox 180 4048 1490 4139; baseline 0.003 -25"><span class='ocrx_word' id='word_1_317' title='bbox 180 4071 245 4115; x_wconf 88' lang='lat' dir='ltr'>nus</span> <span class='ocrx_word' id='word_1_318' title='bbox 259 4048 434 4129; x_wconf 90' lang='lat' dir='ltr'>idoneum,</span> <span class='ocrx_word' id='word_1_319' title='bbox 455 4054 487 4115; x_wconf 91' lang='lat' dir='ltr'>et</span> <span class='ocrx_word' id='word_1_320' title='bbox 501 4049 593 4116; x_wconf 91' lang='lat' dir='ltr'>bona</span> <span class='ocrx_word' id='word_1_321' title='bbox 607 4049 806 4139; x_wconf 89' lang='lat' dir='ltr'>dissipabat.</span> <span class='ocrx_word' id='word_1_322' title='bbox 824 4057 917 4119; x_wconf 90' lang='lat' dir='ltr'>Bono</span> <span class='ocrx_word' id='word_1_323' title='bbox 933 4056 1047 4119; x_wconf 91' lang='lat' dir='ltr'>autem</span> <span class='ocrx_word' id='word_1_324' title='bbox 1062 4052 1213 4119; x_wconf 85' lang='lat' dir='ltr'>familiae</span> <span class='ocrx_word' id='word_1_325' title='bbox 1228 4050 1412 4138; x_wconf 85' lang='lat' dir='ltr'>invigilare</span> <span class='ocrx_word' id='word_1_326' title='bbox 1427 4051 1490 4118; x_wconf 94' lang='lat' dir='ltr'>im·</span> 
     </span>
     <span class='ocr_line' id='line_1_35' title="bbox 181 4155 1488 4249; baseline 0.003 -28"><span class='ocrx_word' id='word_1_327' title='bbox 181 4156 300 4244; x_wconf 89' lang='lat' dir='ltr'>primis</span> <span class='ocrx_word' id='word_1_328' title='bbox 323 4157 429 4246; x_wconf 90' lang='lat' dir='ltr'>patris</span> <span class='ocrx_word' id='word_1_329' title='bbox 455 4155 601 4223; x_wconf 81' lang='lat' dir='ltr'>familias</span> <span class='ocrx_word' id='word_1_330' title='bbox 629 4162 718 4239; x_wconf 89' lang='lat' dir='ltr'>erat;</span> <span class='ocrx_word' id='word_1_331' title='bbox 745 4157 811 4248; x_wconf 90' lang='lat' dir='ltr'>ipsi</span> <span class='ocrx_word' id='word_1_332' title='bbox 837 4159 1018 4249; x_wconf 87' lang='lat' dir='ltr'>oportebat</span> <span class='ocrx_word' id='word_1_333' title='bbox 1039 4165 1174 4248; x_wconf 87' lang='lat' dir='ltr'>praesto</span> <span class='ocrx_word' id='word_1_334' title='bbox 1199 4180 1268 4225; x_wconf 90' lang='lat' dir='ltr'>esse</span> <span class='ocrx_word' id='word_1_335' title='bbox 1297 4157 1488 4226; x_wconf 88' lang='lat' dir='ltr'>remedium</span> 
     </span>
     <span class='ocr_line' id='line_1_36' title="bbox 180 4262 1322 4355; baseline 0.004 -27"><span class='ocrx_word' id='word_1_336' title='bbox 180 4262 332 4351; x_wconf 85' lang='lat' dir='ltr'>aliquod,</span> <span class='ocrx_word' id='word_1_337' title='bbox 349 4285 392 4330; x_wconf 92' lang='lat' dir='ltr'>ne</span> <span class='ocrx_word' id='word_1_338' title='bbox 410 4263 559 4331; x_wconf 88' lang='lat' dir='ltr'>familiae</span> <span class='ocrx_word' id='word_1_339' title='bbox 571 4264 703 4331; x_wconf 90' lang='lat' dir='ltr'>bonum</span> <span class='ocrx_word' id='word_1_340' title='bbox 716 4270 786 4331; x_wconf 85' lang='lat' dir='ltr'>tam</span> <span class='ocrx_word' id='word_1_341' title='bbox 801 4287 907 4352; x_wconf 90' lang='lat' dir='ltr'>grave</span> <span class='ocrx_word' id='word_1_342' title='bbox 920 4265 1162 4333; x_wconf 86' lang='lat' dir='ltr'>detrimentum</span> <span class='ocrx_word' id='word_1_343' title='bbox 1176 4271 1322 4355; x_wconf 87' lang='lat' dir='ltr'>caperet.</span> 
     </span>
    </p>

    <p class='ocr_par' dir='ltr' id='par_1_9' title="bbox 179 4369 1487 4776">
     <span class='ocr_line' id='line_1_37' title="bbox 224 4369 1487 4462; baseline 0.005 -29"><span class='ocrx_word' id='word_1_344' title='bbox 224 4370 328 4449; x_wconf 89' lang='lat' dir='ltr'>Dices,</span> <span class='ocrx_word' id='word_1_345' title='bbox 358 4369 413 4436; x_wconf 92' lang='lat' dir='ltr'>vel</span> <span class='ocrx_word' id='word_1_346' title='bbox 436 4369 485 4437; x_wconf 90' lang='lat' dir='ltr'>sic</span> <span class='ocrx_word' id='word_1_347' title='bbox 510 4393 658 4460; x_wconf 90' lang='lat' dir='ltr'>poenam</span> <span class='ocrx_word' id='word_1_348' title='bbox 689 4371 798 4439; x_wconf 88' lang='lat' dir='ltr'>videri</span> <span class='ocrx_word' id='word_1_349' title='bbox 831 4372 1017 4440; x_wconf 85' lang='lat' dir='ltr'>duriorem.</span> <span class='ocrx_word' id='word_1_350' title='bbox 1041 4377 1164 4439; x_wconf 86' lang='lat' dir='ltr'>Verum</span> <span class='ocrx_word' id='word_1_351' title='bbox 1198 4373 1388 4462; x_wconf 84' lang='lat' dir='ltr'>perpende,</span> <span class='ocrx_word' id='word_1_352' title='bbox 1415 4374 1487 4440; x_wconf 87' lang='lat' dir='ltr'>filio</span> 
     </span>
     <span class='ocr_line' id='line_1_38' title="bbox 179 4478 1487 4569; baseline 0.005 -32"><span class='ocrx_word' id='word_1_353' title='bbox 179 4495 313 4563; x_wconf 89' lang='lat' dir='ltr'>sempor</span> <span class='ocrx_word' id='word_1_354' title='bbox 336 4478 510 4563; x_wconf 86' lang='lat' dir='ltr'>integrum</span> <span class='ocrx_word' id='word_1_355' title='bbox 531 4478 632 4546; x_wconf 87' lang='lat' dir='ltr'>fuisse</span> <span class='ocrx_word' id='word_1_356' title='bbox 653 4501 671 4544; x_wconf 92' lang='lat' dir='ltr'>o</span> <span class='ocrx_word' id='word_1_357' title='bbox 692 4484 837 4567; x_wconf 89' lang='lat' dir='ltr'>paterna</span> <span class='ocrx_word' id='word_1_358' title='bbox 860 4479 963 4546; x_wconf 93' lang='lat' dir='ltr'>domo</span> <span class='ocrx_word' id='word_1_359' title='bbox 984 4480 1158 4563; x_wconf 85' lang='lat' dir='ltr'>excedere,</span> <span class='ocrx_word' id='word_1_360' title='bbox 1179 4480 1272 4569; x_wconf 92' lang='lat' dir='ltr'>quod</span> <span class='ocrx_word' id='word_1_361' title='bbox 1296 4479 1375 4546; x_wconf 87' lang='lat' dir='ltr'>lecit</span> <span class='ocrx_word' id='word_1_362' title='bbox 1394 4480 1487 4545; x_wconf 89' lang='lat' dir='ltr'>filius</span> 
     </span>
     <span class='ocr_line' id='line_1_39' title="bbox 181 4579 1485 4677; baseline 0.006 -34"><span class='ocrx_word' id='word_1_363' title='bbox 181 4579 345 4668; x_wconf 88' lang='lat' dir='ltr'>prodigus</span> <span class='ocrx_word' id='word_1_364' title='bbox 370 4583 406 4648; x_wconf 92' lang='lat' dir='ltr'>in</span> <span class='ocrx_word' id='word_1_365' title='bbox 426 4583 622 4671; x_wconf 88' lang='lat' dir='ltr'>evangelio;</span> <span class='ocrx_word' id='word_1_366' title='bbox 647 4584 756 4653; x_wconf 90' lang='lat' dir='ltr'>filium</span> <span class='ocrx_word' id='word_1_367' title='bbox 780 4588 927 4677; x_wconf 91' lang='lat' dir='ltr'>supponi</span> <span class='ocrx_word' id='word_1_368' title='bbox 957 4587 1198 4677; x_wconf 86' lang='lat' dir='ltr'>aparentibus</span> <span class='ocrx_word' id='word_1_369' title='bbox 1220 4585 1343 4652; x_wconf 88' lang='lat' dir='ltr'>iterato</span> <span class='ocrx_word' id='word_1_370' title='bbox 1369 4607 1485 4652; x_wconf 83' lang='lat' dir='ltr'>severe</span> 
     </span>
     <span class='ocr_line' id='line_1_40' title="bbox 180 4688 1485 4776; baseline 0.005 -25"><span class='ocrx_word' id='word_1_371' title='bbox 180 4707 249 4752; x_wconf 87' lang='lat' dir='ltr'>esse</span> <span class='ocrx_word' id='word_1_372' title='bbox 271 4688 487 4774; x_wconf 86' lang='lat' dir='ltr'>castigatum,</span> <span class='ocrx_word' id='word_1_373' title='bbox 503 4692 526 4758; x_wconf 93' lang='lat' dir='ltr'>i.</span> <span class='ocrx_word' id='word_1_374' title='bbox 546 4714 577 4757; x_wconf 87' lang='lat' dir='ltr'>e.</span> <span class='ocrx_word' id='word_1_375' title='bbox 602 4691 786 4776; x_wconf 86' lang='lat' dir='ltr'>monitum;</span> <span class='ocrx_word' id='word_1_376' title='bbox 808 4717 876 4761; x_wconf 90' lang='lat' dir='ltr'>non</span> <span class='ocrx_word' id='word_1_377' title='bbox 896 4695 1004 4762; x_wconf 91' lang='lat' dir='ltr'>solum</span> <span class='ocrx_word' id='word_1_378' title='bbox 1029 4716 1146 4762; x_wconf 91' lang='lat' dir='ltr'>eorum</span> <span class='ocrx_word' id='word_1_379' title='bbox 1167 4691 1304 4759; x_wconf 88' lang='lat' dir='ltr'>monitis</span> <span class='ocrx_word' id='word_1_380' title='bbox 1324 4713 1395 4757; x_wconf 91' lang='lat' dir='ltr'>non</span> <span class='ocrx_word' id='word_1_381' title='bbox 1414 4713 1485 4759; x_wconf 89' lang='lat' dir='ltr'>esse</span> 
     </span>
    </p>
   </div>
   <div class='ocr_carea' id='block_1_7' title="bbox 0 0 1688 5346">
    <p class='ocr_par' dir='ltr' id='par_1_10' title="bbox 0 0 1688 5346">
     <span class='ocr_line' id='line_1_41' title="bbox 0 0 1688 5346; baseline 0 1"><span class='ocrx_word' id='word_1_382' title='bbox 0 0 1688 5346; x_wconf 95' lang='lat' dir='ltr'> </span> 
     </span>
    </p>
   </div>
  </div>
 </body>
</html>
