3366 5346
593 315 827 358 annumeramus
848 315 966 359 Molita.

125 453 250 502 Zabulon
263 455 290 502 et
307 451 432 501 lssarhar
450 464 476 500 v.
502 453 529 500 ta
547 464 588 514 sq.
612 452 685 501 hhh

125 542 185 591 (lad
200 555 227 590 v.
246 541 277 591 'id
291 555 333 604 sq.
591 539 660 589 Tru

126 630 187 680 Dan
200 644 226 679 v.
244 630 277 680 te
592 629 615 678 D

126 718 276 782 Ncpbthali
290 731 317 767 v.
332 719 365 768 ‘23
589 717 610 766 Τ

126 808 195 856 Aser
208 820 235 856 v.
251 806 283 856 ‘ii
296 820 339 869 sq.
591 805 637 855 Tu

124 895 259 959 Epilogus
273 908 301 944 v.
319 896 402 945 ‘itt-ill
593 895 826 946 Tun-uu-uhu
1069 898 1083 945 8

160 984 237 1036 Licet
253 997 319 1035 vero
339 985 469 1033 carminis
488 989 582 1047 partes
598 986 721 1047 potiores
744 985 800 1034 sint
818 985 988 1049 strophicae,
1009 989 1103 1034 tamen
1121 986 1210 1035 totum
1233 996 1345 1035 carmen
1364 987 1438 1035 stro-

126 1073 188 1135 phis
201 1078 330 1124 constare
343 1072 416 1123 haud
427 1085 582 1123 censemus.
597 1073 727 1136 alloquia
738 1073 846 1134 liuben,
861 1074 933 1135 Dan,
946 1073 1108 1138 Nephthali‚
1121 1074 1191 1124 Aser
1201 1075 1317 1125 seorsim
1328 1077 1438 1137 sumpta

125 1166 200 1212 certe
214 1173 271 1212 non
287 1165 350 1212 sunt
365 1162 507 1225 strophae,
521 1174 613 1225 neque
628 1176 690 1211 cum
706 1163 770 1213 allis
781 1163 912 1215 videntur
926 1175 990 1213 esse
1005 1163 1218 1213 commiscenda.

168 1308 351 1376 Exordium
371 1332 391 1375 a
412 1309 551 1376 nomine
572 1309 675 1376 ledae
691 1309 835 1394 orditur,
853 1311 1026 1399 reperitur
1044 1309 1133 1376 illud
1150 1310 1186 1376 in
1202 1309 1347 1400 eloquiis
1360 1333 1439 1398 gra·

126 1415 278 1481 rioribus
296 1415 456 1482 omnibus
486 1416 599 1482 :luda
621 1439 653 1482 v.
676 1425 708 1499 7,
739 1418 815 1483 Levi
841 1440 873 1484 r.
904 1422 957 1499 il,
983 1417 1160 1484 Beniamin
1181 1440 1213 1483 v.
1240 1422 1292 1497 tt,
1316 1417 1437 1506 loseph

125 1545 156 1588 v.
177 1528 230 1604 13,
248 1521 319 1588 Gad
335 1544 365 1587 v.
385 1529 440 1604 il,
456 1522 640 1613 Nephthali
660 1546 690 1589 v.
711 1529 767 1605 23,
790 1524 870 1590 item
888 1525 923 1588 in
948 1523 1086 1613 epilogo
1099 1547 1131 1589 v.
1150 1529 1204 1591 29.
1222 1522 1441 1600 Desideratur

124 1627 216 1694 idem
234 1627 347 1717 quoad
363 1628 492 1710 liuban,
513 1627 663 1696 Zabulon
683 1651 762 1697 cum
780 1630 943 1712 issachar,
960 1635 1151 1711 hamilear.
1172 1635 1208 1695 ln
1228 1629 1440 1696 benedictio-

125 1734 227 1800 nibus
249 1733 331 1801 luda
354 1740 388 1801 et
416 1736 492 1802 Levi
516 1743 611 1802 vates
636 1738 829 1803 orationem
849 1735 970 1823 dirigit
1001 1735 1045 1802 ad
1068 1736 1216 1811 labrem
1238 1735 1281 1802 de
1306 1735 1437 1819 huben,

126 1840 322 1924 Beniamin,
340 1840 472 1930 loseph,
497 1845 579 1920 han,
603 1841 788 1931 Nephthali
813 1843 914 1908 tertia
936 1864 1082 1930 persona
1108 1842 1277 1930 loquitur,
1294 1841 1377 1908 item
1395 1841 1436 1907 de

126 1947 207 2027 Gad,
225 1946 284 2012 scd
298 1946 421 2014 ellectu
436 1948 597 2036 abreptus
617 1947 746 2014 Gadum
767 1948 871 2014 etiam
892 1947 1022 2014 directe
1042 1947 1212 2035 increpat3
1227 1946 1438 2013 Zabulonem

125 2058 158 2118 et
173 2053 325 2119 lssachar
343 2052 471 2120 directe
487 2053 637 2143 primurn
658 2054 859 2144 alloquitur,
876 2053 958 2120 dein
973 2054 1010 2120 in
1028 2053 1163 2120 tertiam
1180 2074 1361 2143 personam
1375 2051 1436 2119 de-

125 2157 265 2225 labitur.

171 2405 202 2464 i.
230 2397 510 2465 Benedictionam
534 2399 675 2466 indoles.
703 2403 801 2466 Dent.
830 2407 870 2466 33
894 2422 961 2465 non
986 2411 1036 2465 est
1056 2397 1248 2488 prophetia.

160 2613 223 2663 Non
241 2612 388 2676 prohtetur
400 2615 511 2676 Mityses
530 2627 560 2664 se
579 2617 810 2665 annurniaturum
825 2628 897 2675 esse,
915 2628 988 2678 qnae
1004 2619 1139 2665 eventura
1158 2616 1214 2664 sint
1229 2617 1257 2663 in
1272 2615 1370 2664 diebus
1385 2627 1438 2664 no-

124 2703 259 2762 vissimis;
277 2715 333 2751 non
354 2707 397 2752 est
419 2704 447 2751 ln
471 2702 570 2752 tuturis
588 2703 830 2766 praenuntiandis,
847 2704 896 2754 sed
922 2705 950 2752 ln
974 2703 1074 2754 laustis
1097 2704 1291 2767 apprecandis.
1312 2704 1341 2752 si
1363 2716 1438 2767 quae
1466 2746 1471 2753 .

125 2789 216 2839 lutura
231 2796 446 2852 praemonstrat,
461 2791 537 2841 luere
552 2804 585 2841 ea
600 2795 655 2842 iam
670 2794 735 2842 ante
749 2797 983 2855 praemonstrata.
1003 2792 1045 2841 lta
1058 2805 1083 2841 v.
1101 2792 1116 2841 7
1130 2792 1235 2843 indicat
1249 2791 1374 2841 iuiurnm
1391 2792 1438 2840 lu-

124 2878 177 2928 dae
196 2881 380 2942 principatum
398 2875 478 2947 (Gen.
497 2879 559 2941 aaa
575 2880 664 2944 sqq.);
682 2881 777 2931 inclita
791 2881 849 2932 lata
865 2881 966 2945 loseph
986 2881 1041 2930 iam
1061 2883 1252 2944 praesagierat
1268 2881 1351 2930 Iacob
1366 2880 1438 2931 Gen,

127 2967 206 3025 tata
228 2981 270 3031 sq.
285 2968 377 3018 verbis
398 2970 499 3032 partim
524 2969 636 3029 iisdem,
654 2971 721 3021 Levi
737 2974 845 3020 tessera
859 2969 930 3020 Gen.
948 2969 1010 3027 ltin
1031 2970 1086 3019 iam
1102 2969 1192 3020 luerat
1213 2972 1241 3018 ln
1256 2969 1356 3019 melius
1375 2981 1438 3018 mu·

124 3058 183 3106 tata
198 3057 263 3106 inde
278 3057 312 3106 ab
327 3056 377 3106 Ex.
395 3057 439 3107 ta.
457 3055 498 3107 ct.
517 3060 601 3108 etiam
616 3058 720 3121 Moysis
737 3059 947 3109 henedictiones
963 3059 991 3107 in
1008 3058 1131 3108 Zabulon
1142 3071 1205 3107 cum
1220 3059 1357 3117 issachar,
1372 3059 1399 3107 et
1410 3059 1438 3106 in

126 3147 195 3195 ,laer
221 3146 347 3197 collatas.
369 3146 453 3196 Novit
473 3145 598 3210 prolecto
622 3152 719 3197 auctor
740 3149 905 3198 vaticinium
931 3147 1093 3199 iacobaeum
1115 3148 1241 3211 aliasque
1265 3148 1440 3210 antiquiores

124 3235 296 3297 prophetias,
313 3248 363 3299 pro
381 3239 457 3286 iterio
476 3236 569 3297 hahet,
586 3237 660 3300 quod
679 3237 776 3286 omnia
796 3236 860 3285 lade
880 3236 915 3285 ab
931 3236 1020 3286 exodo
1036 3238 1165 3300 portenta
1180 3238 1207 3286 et
1222 3237 1336 3286 oracula
1350 3234 1443 3298 proris

23 3358 25 3363 -
125 3323 263 3381 iebantnr,
278 3323 489 3373 cisiordanieam
514 3327 542 3373 in
567 3340 666 3374 rnanns
686 3328 832 3374 uenturam
855 3338 918 3373 esse
941 3325 1130 3373 Hebraeorum
1149 3337 1154 3371 :
1172 3336 1260 3372 novas
1276 3324 1438 3386 prophetias

75 3437 79 3445 ·
125 3424 181 3457 aron
199 3411 269 3469 edit;
287 3412 333 3458 uhi
351 3426 405 3460 non
424 3415 524 3474 repetit
540 3415 645 3474 priores
661 3414 833 3475 prophetias,
851 3413 889 3459 ibi
909 3412 971 3459 eitra
986 3412 1072 3459 verba
1087 3411 1223 3459 vertenda
1243 3415 1310 3458 sunt
1330 3412 1435 3472 opilati-

124 3498 175 3556 vis,
193 3512 249 3547 non
264 3498 364 3548 tuturis
379 3500 514 3549 absolutis
528 3501 586 3549 sive
601 3502 772 3563 propheticis
794 3515 800 3548 z
816 3513 843 3547 v.
864 3499 1084 3548 thiathirae
1100 3512 1141 3561 sq.

169 3695 325 3756 [leut.·33
347 3690 453 3756 tradit
476 3691 593 3778 lloysis
611 3690 874 3756 bertedr'ctiones.
893 3695 1007 3778 Neque
1023 3696 1139 3756 tamen
1154 3688 1311 3777 singulae
1326 3689 1438 3756 trihus

124 3817 242 3863 omnes
255 3795 526 3862 benedictionem
541 3797 795 3863 nanciscuntur.

161 4003 259 4063 Quoad
275 4003 365 4053 liuban
379 3974 560 4053 confirmatur
574 4003 715 4052 decretum
731 4006 801 4053 tien.
821 4002 882 4063 lid
907 4020 916 4049 ι
935 4017 992 4052 non
1012 4005 1117 4052 crescet
1136 4018 1161 4061 r,
1178 4003 1337 4064 expressius
1352 4003 1436 4050 etiarn

124 4106 208 4157 quam
231 4096 313 4142 antea
328 4092 484 4143 benedictio
499 4091 734 4142 desideratissima
753 4093 917 4154 denegatur,
935 4103 1087 4141 numerosa
1102 4090 1204 4153 proles.
1223 4090 1285 4153 lpse
1306 4104 1343 4140 se.
1364 4092 1438 4139 anti-

124 4196 208 4244 quum
224 4183 295 4232 Gan.
313 4181 391 4241 35,‘i‘.‘
406 4181 498 4231 scelus
516 4193 694 4245 nequaqnam
708 4184 763 4244 piis
777 4181 910 4244 deinceps
927 4181 997 4229 actis
1014 4180 1065 4227 init
1082 4177 1126 4241 (cl.
1146 4178 1228 4226 Num.
1248 4179 1291 4238 lt;
1310 4177 1366 4244 32).
1383 4180 1436 4229 Se·

126 4272 269 4321 verissimo
288 4272 410 4332 carpitur
428 4269 483 4317 ded
505 4270 540 4319 oh
560 4275 622 4319 acta
642 4270 723 4319 Num.
747 4270 789 4318 32.
807 4270 915 4318 Simeon
932 4269 1046 4330 penitus
1065 4269 1210 4326 omittitur,
1233 4268 1311 4317 cuins
1328 4270 1369 4318 rei
1388 4269 1437 4318 alii

125 4357 194 4407 alias
206 4362 352 4421 assignant
367 4360 498 4409 rationes.
514 4358 595 4409 Certe
615 4361 785 4409 Simeonitae
800 4359 897 4421 aliqui,
917 4356 1036 4406 tortasse
1055 4356 1169 4418 plurimi
1184 4369 1335 4419 peccavere
1351 4357 1434 4405 Nrnn.

125 4445 216 4505 didi,
237 4453 265 4497 at
280 4450 353 4498 certe
373 4461 429 4498 non
455 4449 625 4498 simeonitae
640 4448 702 4497 soli.
722 4448 875 4496 Plurimum
891 4447 1015 4496 numeris
1035 4444 1164 4495 diminuti
1179 4449 1243 4494 sunt
1264 4445 1437 4494 Simeonitae

125 4536 248 4596 aprima
267 4537 302 4585 ad
323 4537 475 4586 secundam
496 4539 525 4585 in
545 4537 657 4586 deserto
682 4537 903 4585 numerationem
920 4534 1014 4597 (Num.
1037 4531 1214 4599 intenti),
1231 4533 1314 4595 idque
1333 4530 1436 4581 iactum

125 4636 187 4673 esse
201 4625 297 4672 censet
311 4626 366 4674 Eat.
388 4626 423 4674 oh
440 4638 537 4676 eorum
552 4625 750 4684 idololatriam,
768 4625 1002 4674 murmurationes
1022 4625 1075 4672 cte.
1096 4621 1147 4670 Diu
1167 4632 1229 4669 cum
1243 4620 1358 4682 reliquis
1371 4621 1435 4670 suh·

123 4714 251 4763 stiteraut
267 4714 437 4763 simeonttae
450 4716 522 4764 cirea
539 4714 686 4774 cadesam,
700 4715 727 4763 in
743 4715 839 4763 limine
851 4711 1026 4762 meridionali
1037 4715 1128 4759 terrae
1143 4710 1256 4758 sanctae
1267 4721 1439 4772 errorumque
