3366 5346
656 305 743 347 nnrr.
768 288 859 358 3228
881 304 944 355 sao.
1397 290 1453 348 :327

145 447 238 507 tura
259 444 323 506 Deo
346 444 443 528 petra
469 460 549 518 sua,
570 437 627 504 sed
652 437 827 504 victoriam
853 436 1011 502 tribuunt
1030 441 1146 525 petrae
1170 459 1270 518 suae,
1289 439 1312 502 i.
1337 460 1366 504 e.
1390 438 1455 504 sibi

146 547 225 636 ipsis
249 546 302 611 vel
322 545 387 611 diis
407 544 493 627 suis,
518 567 624 634 eoque
649 566 745 612 suam
768 543 917 633 produnt
939 541 1131 610 stultitiam.
1156 548 1333 611 Praeterea
1353 545 1455 612 lsrael

143 653 220 718 illos
235 657 392 742 expertus
413 658 462 718 est
485 649 650 719 radicitus
666 651 789 743 malos,
813 648 961 739 ideoque
983 671 1103 717 eorum
1123 657 1213 717 certo
1232 652 1457 739 praestolatur

144 761 294 825 futuram
319 757 468 826 ruinam.
704 748 708 753 ’

187 870 333 933 Rursum
346 863 478 930 orditur
492 863 600 930 oratio
614 886 633 930 a
649 880 678 928 ²:
696 863 899 952 explicativo
917 886 924 929 :
938 887 969 930 v.
989 870 1030 931 :28
1053 863 1224 944 Quoniam
1247 890 1263 923 a
1277 886 1361 952 qens
1378 863 1457 930 ods-

143 993 208 1060 que
223 969 365 1037 coasilio
388 982 488 1036 estet
509 971 579 1036 sine
592 968 782 1060 prrcdcutia
807 998 837 1036 ».
867 969 1029 1060 Loquitur
1050 976 1142 1036 vates
1156 968 1213 1057 (et.
1240 993 1271 1036 v.
1291 971 1364 1057 30),
1385 994 1457 1037 non

143 1076 498 1166 [teus310quituruon
522 1076 565 1143 de
586 1076 748 1144 Hebraeis
765 1077 853 1165 (Mol
876 1077 918 1165 .),
936 1077 993 1143 sed
1016 1076 1059 1143 de
1079 1076 1226 1143 inimicis
1242 1076 1351 1166 (Vol.)
1374 1076 1457 1145 :ille
1484 1104 1487 1110 ·

143 1183 272 1273 quippe
288 1205 376 1250 uuus
395 1205 428 1251 v.
457 1191 512 1260 30,
535 1184 605 1273 qui,
632 1184 733 1251 lahve
756 1206 776 1249 a
795 1183 924 1273 populo
948 1205 1008 1250 suo
1032 1182 1224 1264 recedente,
1242 1182 1459 1273 persequitur

144 1289 254 1370 mille,
269 1289 446 1356 evidenter
470 1291 633 1357 inimicus
656 1296 721 1371 est,
746 1313 814 1357 non
832 1290 1015 1357 Hebraeus,
1037 1312 1070 1356 v.
1093 1296 1135 1356 29
1162 1317 1177 1350 α
1204 1290 1343 1356 Utinam
1361 1312 1458 1380 sape-

143 1409 218 1462 rent
242 1409 274 1462 et
300 1396 530 1486 intelligerent
563 1420 602 1464 oc
632 1397 816 1464 novissimo
839 1396 1060 1486 providerent
1093 1425 1124 1463 ».
1157 1398 1368 1464 Sententiam
1388 1419 1458 1462 esse

144 1503 421 1585 conditionalem,
439 1504 621 1571 ostendunt
637 1504 821 1571 verborum
836 1510 993 1593 tempora
1015 1509 1144 1570 mutata
1160 1503 1247 1592 (Dill
1284 1504 1308 1592 .)
1327 1526 1334 1572 :
1351 1504 1392 1569 Si
1403 1526 1458 1569 so-

137 1623 274 1699 perent,
298 1609 532 1699 intelligerent
556 1610 635 1692 hoe,
662 1632 708 1677 sc.
736 1609 974 1678 oeconomiam
999 1610 1095 1677 illam
1121 1609 1276 1676 divinam
1298 1632 1329 1675 v.
1358 1616 1457 1676 15-27

96 1718 97 1721 ’
143 1715 362 1806 explicatam,
395 1730 427 1783 et
456 1717 671 1784 ottercdereut
696 1717 883 1784 uooissimo
910 1739 990 1798 suo;
1023 1718 1110 1783 sieut
1141 1739 1173 1782 v.
1203 1723 1245 1783 20
1274 1717 1460 1783 novissima

143 1822 275 1891 israelis
290 1835 370 1890 sunt
387 1824 511 1914 plagae
525 1825 556 1890 ei
572 1831 786 1913 pergentem
805 1823 944 1890 stultam
960 1823 1188 1909 infligendae,
1206 1822 1254 1889 ita
1272 1822 1459 1889 novissima

143 1929 245 1995 huius
255 1929 454 2015 gentissuut
469 1929 581 2010 ruina,
593 1953 662 2020 qua
672 1930 812 1996 taudem
829 1931 913 1996 haec
925 1931 1106 2019 plectetur,
1122 1929 1223 1995 lsrael
1240 1929 1459 2015 redintegra-

144 2034 248 2101 bitur.
273 2036 508 2121 lutelligerent
528 2035 712 2126 imprimis,
737 2024 818 2102 suas‘
834 2034 878 2103 de
902 2035 1025 2103 israele
1045 2035 1203 2102 victorias
1228 2040 1382 2125 acceptas
1401 2058 1460 2123 po·

144 2141 310 2208 tissimum
331 2141 451 2208 referri
471 2142 597 2208 debere
620 2143 759 2221 lahvae,
781 2143 841 2231 qui
862 2142 1029 2232 apopulo
1048 2165 1107 2208 suo
1128 2143 1235 2209 iratus
1251 2140 1427 2208 recesserit
1450 2162 1456 2207 :

144 2271 175 2314 v.
194 2255 235 2314 30
257 2276 273 2310 «
301 2248 474 2329 Quomodo
487 2261 717 2338 persequatur
731 2271 820 2315 erraris
844 2247 950 2332 mille,
972 2260 1004 2315 ct
1026 2247 1093 2314 duo
1109 2248 1237 2337 superet
1251 2247 1366 2315 decem
1381 2246 1460 2313 mil

145 2353 217 2421 lia?
239 2378 353 2421 uorum
375 2353 464 2435 ideo,
487 2355 570 2445 quio
595 2358 683 2422 Deus
705 2378 786 2422 secus
809 2384 824 2415 »
847 2395 891 2404 -
911 2370 996 2429 niis,
1020 2367 1119 2443 petra
1141 2377 1258 2421 eorum
1280 2392 1324 2404 —
1341 2382 1356 2415 «
1379 2375 1460 2420 oen-

145 2459 237 2527 didit
254 2485 325 2542 eos,
343 2474 375 2526 rt
396 2461 560 2527 Dorulaus
577 2461 742 2528 corcelum
758 2490 789 2543 »‚
812 2463 835 2528 i.
860 2483 888 2528 e.
908 2460 1054 2528 tradidit
1075 2462 1131 2550 (cf.
1155 2462 1357 2553 23,15[16]),
1376 2488 1392 2521 a
1421 2460 1461 2525 il·

145 2566 217 2632 los?
234 2596 248 2625 »
269 2592 284 2626 a
301 2566 454 2632 Tradidit
470 2567 625 2634 venditos
644 2598 658 2628 »
675 2570 716 2655 (T
715 2568 806 2651 osa),
827 2598 841 2628 α
857 2566 934 2633 aliis
949 2568 1095 2633 dominis
1109 2567 1264 2634 vendidit
1282 2596 1297 2626 u
1313 2567 1457 2654 (Molo),

144 2679 320 2762 tamquam
344 2695 458 2740 servos
478 2673 543 2739 sibi
564 2673 714 2740 inutiles.
738 2673 797 2740 llle
816 2696 917 2753 rinus,
939 2673 990 2740 uti
1013 2678 1214 2763 patet-non
1236 2679 1285 2740 cst
1307 2672 1460 2740 Israelita

145 2780 265 2868 (cat),
287 2781 346 2847 sed
372 2781 478 2847 hostis
501 2781 634 2869 (Tusa).
657 2808 672 2841 ι(
697 2781 755 2847 Vel
783 2803 823 2847 ex
855 2781 920 2847 hoe
951 2780 1032 2847 satis
1060 2780 1222 2866 colligere
1249 2785 1402 2870 possunt,
1427 2801 1459 2845 se

131 2909 216 2953 ·non
239 2887 310 2953 suis
326 2886 457 2953 viribus
474 2886 666 2954 adscribere
677 2887 804 2953 debere
818 2887 1022 2955 Iudaeorum
1036 2886 1247 2954 eversionem
1264 2907 1271 2954 :
1290 2886 1351 2976 qui
1366 2886 1458 2952 enim

147 2994 220 3060 lieri
231 2999 356 3083 posset,
375 2999 413 3072 ut
423 3016 510 3061 unus
526 3017 565 3060 ex
577 2995 734 3061 hostibus
748 2993 842 3061 mille
855 2993 1323 3083 ludaeospersequereturt...
1341 2997 1458 3060 Nonne

145 3099 235 3183 ideo,
251 3099 333 3190 quia
347 3105 432 3167 Deus
446 3123 526 3168 suus
548 3101 698 3168 decrevit
716 3124 773 3167 eos
800 3100 947 3167 inimicis
962 3100 1118 3168 traderet
1139 3129 1155 3161 »
1174 3100 1336 3188 (Bassa).
1362 3104 1460 3166 Vates

147 3229 280 3274 rursum
291 3207 454 3296 parallelo
466 3207 584 3275 scribit
600 3207 849 3297 appellationes
862 3221 963 3297 petra
984 3213 1017 3274 et
1030 3207 1147 3287 lohere,
1163 3207 1223 3274 sed
1234 3207 1458 3297 metaphorae

146 3320 260 3401 petrae
283 3315 424 3380 minime
448 3315 615 3380 adhaeret
633 3336 640 3382 :
656 3314 720 3379 nisi
742 3320 840 3402 petra
860 3336 979 3381 eorum
1000 3314 1207 3379 vendidisset
1222 3337 1288 3380 eoa.
1305 3296 1459 3379 Auferte

146 3419 289 3483 verbum
305 3434 366 3481 'rm
387 3442 406 3483 a
427 3419 678 3504 significatione
705 3419 873 3484 recolendi
897 3419 940 3485 ad
962 3418 1064 3484 aliem
1087 3418 1374 3503 significationem
1400 3417 1459 3481 de-

145 3523 288 3602 seendit,
317 3546 404 3612 quae
428 3525 531 3590 etiam
561 3525 603 3589 de
632 3531 730 3611 petra
754 3533 931 3612 tamquam
951 3524 1104 3590 subiecto
1117 3523 1310 3613 praedicari
1335 3525 1461 3611 queat?

147 3653 178 3697 ν.
202 3637 242 3697 31
274 3657 289 3690 «
315 3632 393 3696 Non
420 3630 514 3696 euim
539 3643 587 3696 est
608 3634 698 3696 Deus
724 3643 837 3697 noster
859 3643 896 3696 ut
922 3630 974 3696 dii
1000 3652 1116 3696 cortun
1147 3651 1182 3709 »ς
1209 3629 1335 3718 reliqui
1361 3648 1369 3696 ε
1391 3651 1461 3695 ηοη7

146 3737 238 3803 euim
265 3736 353 3802 siem
372 3747 471 3826 petra
496 3748 613 3802 clostra
631 3749 732 3827 petra
751 3760 881 3819 cerain,
904 3737 964 3804 ubi
988 3737 1111 3803 merito
1138 3736 1272 3803 mireris
1295 3737 1367 3802 loco
1388 3751 1462 3799 uus·

147 3866 216 3910 nou
229 3843 332 3910 scribi
349 3857 461 3908 narica
479 3863 484 3904 :
504 3866 549 3910 se.
568 3849 662 3910 vates
677 3865 782 3910 uuam
801 3844 872 3911 iam
893 3850 1031 3929 gentem
1050 3843 1225 3909 inimicam
1251 3864 1333 3930 prae
1353 3841 1460 3908 oeulis

148 3950 268 4030 habet,
285 3949 421 4039 quaein
441 3973 509 4016 uno
525 3973 683 4039 supremo
699 3950 793 4016 idolo
809 3950 971 4018 confidat.
989 3950 1164 4017 Rationem
1184 3954 1278 4014 vates
1296 3948 1457 4033 assignat,

148 4080 209 4124 eur
224 4065 292 4124 tam
312 4056 460 4123 illustres
483 4056 563 4125 illae
585 4057 628 4124 de
650 4058 774 4124 lsraele
791 4057 952 4124 victoriae
968 4056 1022 4122 vel
1038 4079 1058 4122 a
1072 4055 1259 4142 gentilibus
1272 4053 1460 4120 victoribus

149 4163 297 4231 adscribi
316 4163 480 4231 deberent
506 4164 674 4231 voluntati
699 4165 814 4231 lahve.
835 4165 936 4230 lahve
953 4187 999 4231 sc.
1023 4163 1122 4252 plene
1137 4183 1273 4250 semper
1291 4161 1381 4227 valet
1396 4182 1459 4249 po-

149 4271 269 4359 pulum
291 4292 391 4338 suum
414 4294 433 4338 a
457 4271 554 4337 clade
573 4271 794 4338 inimicorum
819 4271 1023 4351 defendere,
1047 4269 1162 4335 clades
1176 4267 1311 4335 nonnisi
1326 4290 1366 4336 eo
1381 4289 1459 4357 per-

150 4378 302 4443 mittente
323 4379 453 4459 evenit;
475 4377 557 4443 dum
585 4377 634 4444 dii
659 4377 816 4464 gentium
840 4384 959 4464 gentes
981 4376 1046 4442 sibi
1071 4376 1210 4442 devotas
1231 4397 1299 4440 uon
1322 4374 1461 4440 valeant

150 4479 350 4564 defendere,
367 4484 426 4551 sed
447 4489 519 4551 tota
540 4507 594 4550 res
617 4484 849 4574 pugnantium
872 4483 1073 4557 fortitudine
1093 4483 1287 4550 dirimatur.
1309 4485 1373 4546 Hoc
1390 4478 1460 4544 dis-

154 4587 283 4655 crimen
298 4596 439 4679 possunt
455 4598 487 4658 ct
502 4591 628 4658 debent
643 4596 762 4678 gentes
779 4591 984 4677 intelligere,
1002 4591 1144 4658 sednon
1159 4588 1358 4673 intelligunt
1378 4583 1460 4673 quia

150 4694 277 4762 stultae
297 4699 401 4774 sunt(
426 4699 449 4765 f.
471 4721 502 4765 v.
525 4700 580 4767 ml
607 4719 650 4764 :a
672 4713 702 4765 ct
727 4697 862 4765 iuiruiez'
887 4699 993 4766 nostri
1011 4708 1091 4764 secret
1115 4694 1243 4760 iudices
1263 4719 1293 4760 n.
1320 4696 1366 4758 lta
1386 4712 1461 4757 om-
