3366 5346
511 309 607 354 ruoaa
630 310 826 355 inhumanus
848 310 887 353 ao
908 308 1067 353 cuarsruu.
1380 299 1435 358 107

125 446 233 511 factus
253 444 288 509 in
307 444 349 510 iis
365 442 583 532 puniebatur,
602 466 690 532 quae
713 444 745 510 ei
765 443 972 511 adsalutem
993 443 1073 509 data
1087 443 1236 510 fuerant.
1260 444 1438 512 Occiderat

124 552 327 640 prophetas,
345 549 546 640 privabatur
566 551 756 640 prophetis.
779 550 924 616 Thoram
944 549 1000 615 vix
1020 572 1092 616 non
1111 549 1298 626 abiecerat3
1318 574 1437 618 conce·

125 656 273 722 debatur
296 657 327 722 ei
352 658 454 723 thora
476 655 583 723 veluti
607 680 625 723 e
649 657 853 744 fragmentis
875 656 1035 736 collecta,
1057 656 1178 724 utilior
1202 655 1318 722 lutura
1341 656 1438 723 nobis

125 784 228 852 quam
242 763 326 852 ipsi,
342 763 436 851 quod
454 763 594 852 plenam
613 764 754 852 quidem
777 762 938 830 exhibeat
960 764 1081 829 seriem
1106 763 1370 852 promissionum
1393 765 1438 829 ab

125 870 262 936 exordio
280 870 417 952 mundi,
436 869 528 956 leges
546 893 628 936 vero
644 869 770 937 haheat
784 871 960 957 variorum
978 874 1174 958 temporum
1189 893 1258 937 nou
1274 876 1326 936 sat
1345 871 1439 937 clare

125 975 386 1043 discriminatus.
402 976 646 1044 Promissioncs
659 976 741 1043 illae
756 975 857 1043 nobis
871 982 949 1042 sunt
960 976 1031 1057 lux,
1041 976 1135 1063 leges
1147 976 1228 1043 illae
1239 978 1347 1043 iactae
1359 983 1439 1045 sunt

124 1082 257 1149 ludaeis
277 1105 373 1150 onus.
396 1083 522 1164 thora,
541 1082 722 1172 prophetis
741 1104 860 1149 careus
884 1082 1133 1171 interpretibus
1153 1082 1317 1149 divinitus
1340 1083 1439 1148 insti-

125 1189 221 1263 tutis,
240 1189 379 1256 tandem
395 1189 513 1256 effectu
528 1195 577 1255 est
596 1188 729 1279 pondus
749 1188 982 1270 intolerabile,
999 1211 1069 1277 quo
1087 1189 1191 1256 lsrael
1205 1188 1435 1263 induceretur,
1483 1222 1487 1228 ·

125 1300 164 1361 ut
187 1296 265 1362 totis
286 1297 373 1362 votis
396 1301 571 1385 expeteret
592 1317 715 1362 novam
739 1297 894 1376 thorum,
916 1317 1041 1362 novum
1066 1295 1285 1385 prophetam,
1310 1318 1439 1362 novum

123 1401 257 1469 foedus.
276 1403 398 1486 Thura,
414 1402 494 1468 licet
503 1401 756 1492 quadamtenus
771 1401 992 1483 moribunda,
1007 1401 1073 1469 tuit
1089 1401 1203 1468 israeli
1216 1402 1440 1491 paedagogus

125 1499 462 1576 mffifflm..

170 1614 274 1681 Factis
299 1614 416 1700 igitur,
442 1636 530 1704 quae
552 1638 586 1704 p.
615 1621 668 1681 61.
692 1621 747 1681 75.
773 1621 828 1683 79.
855 1621 896 1682 at
920 1613 1211 1696 describebamuS,
1238 1613 1439 1681 subiicimus

126 1722 217 1787 sacta
232 1721 316 1787 haec
334 1740 342 1786 :

170 1827 253 1915 (16).
269 1827 408 1917 Scripta
421 1827 499 1893 acui
511 1827 657 1894 prosaici
669 1827 805 1903 totidem
826 1827 864 1893 in
880 1849 986 1893 rentem
997 1827 1262 1917 pentateuchum
1278 1841 1438 1918 conperta

123 1946 205 1998 scrut
222 1945 284 1998 aret
295 1955 357 2022 per
375 1933 538 2018 Esdram,
557 1947 617 2000 aut
636 1933 818 2000 universim
827 1956 893 2023 per
907 1933 1052 2000 iudaeos
1071 1933 1245 2021 Babylone
1260 1935 1434 2024 dcpcntes,

123 2051 185 2105 aret
202 2037 240 2104 in
255 2039 459 2128 quibusdam
474 2039 686 2130 apopraphis
699 2039 754 2107 ccl
769 2052 849 2105 aute
864 2038 1071 2106 destructam
1086 2042 1213 2106 erchem.

169 2145 253 2233 (17).
281 2148 380 2212 Hunc
398 2145 668 2236 pentateuchum
693 2145 803 2212 Esdra
829 2145 1012 2235 superstite
1039 2149 1214 2213 htarrasses
1240 2146 1363 2213 <tetulit
1393 2147 1441 2214 od

124 2251 376 2319 Samaritanus.

169 2360 252 2447 (18).
271 2361 458 2447 Postquam
468 2359 597 2448 scripta
612 2358 687 2439 illa,
700 2357 842 2425 disiecta
853 2358 1007 2448 primum
1018 2372 1050 2425 et
1061 2358 1267 2448 deliquium,
1285 2360 1321 2425 in
1332 2382 1439 2426 acrium

57 2544 62 2553 ¹
124 2463 260 2530 tandem
282 2464 438 2531 conlisere
449 2464 735 2555 pentateuchum,
752 2463 908 2552 defecere
923 2464 1113 2554 prophetae
1132 2465 1228 2532 cicae
1247 2466 1363 2532 thorae
1384 2466 1439 2531 in-

126 2582 300 2659 terpretes,
322 2571 423 2637 litera
446 2583 582 2638 mortua
602 2571 720 2637 thorae
735 2574 835 2659 fucta
855 2570 990 2637 [uelocis
1008 2571 1222 2637 intolerabile
1244 2593 1329 2638 uncis
1346 2571 1437 2638 ciam

120 2677 247 2742 strauit
265 2700 372 2745 nouae
392 2677 463 2767 lcqi
481 2700 635 2766 raetiaque
654 2675 791 2765 foederi
806 2699 869 2765 per
888 2678 1045 2743 messiam
1064 2677 1271 2742 sanciendis.

171 2790 223 2851 18.
240 2788 284 2849 Ex
300 2807 352 2866 ea,
370 2807 473 2874 quam
489 2782 778 2864 describebamus,
796 2783 917 2849 thorae
936 2782 1079 2849 historia
1095 2805 1159 2872 pro
1175 2784 1338 2849 coronide
1358 2806 1437 2849 con·

125 2889 295 2958 clusiones
310 2891 477 2980 quasdam
493 2890 699 2958 derivamus.

168 3019 199 3062 a.
216 3001 290 3064 Non
308 3004 386 3063 sunt
405 2996 622 3086 supponendi
644 2997 787 3063 Hebraei
807 3002 888 3062 ante
903 2996 1090 3077 Christum,
1106 2996 1142 3062 iu
1156 2995 1389 3064 describendis
1404 3003 1438 3062 et

124 3104 367 3170 conservandis
387 3102 485 3170 libris
503 3103 624 3184 sacris,
646 3103 732 3170 artis
755 3101 895 3169 criticae
910 3103 1020 3190 fuisse
1037 3102 1252 3192 praecociter
1274 3116 1434 3192 expertes.

124 3208 263 3292 Critiae,
283 3212 331 3276 uti
353 3208 441 3276 aliae
465 3209 628 3276 scientiae
649 3231 737 3299 quae
761 3237 776 3270 u
804 3215 941 3276 exactae
966 3236 982 3272 n
1007 3210 1179 3292 dicuntur,
1202 3210 1272 3276 illis
1296 3211 1439 3277 saeculis

124 3312 198 3382 erat
220 3316 401 3382 hominum
420 3316 569 3402 ingeniis
591 3316 647 3382 vix
668 3338 740 3382 non
760 3315 941 3405 impervia.
958 3321 1032 3382 Non
1051 3323 1130 3383 suut
1143 3316 1209 3383 hac
1230 3317 1266 3382 in
1286 3339 1322 3382 rc
1345 3318 1439 3382 affir-

125 3422 244 3488 mandi
258 3422 403 3489 Hebraei
416 3422 519 3489 fuisse
532 3422 727 3512 politiores,
746 3428 805 3487 ant
821 3427 911 3488 certe
929 3422 1037 3488 multo
1050 3422 1244 3511 politiores,
1262 3422 1338 3489 aliis
1354 3445 1440 3508 gen-

124 3527 214 3595 tibus
239 3528 612 3607 circumineolcntibus‚
638 3527 810 3617 imprimis
836 3527 1048 3614 Babyloniis,
1075 3529 1221 3615 Assyria,
1249 3530 1438 3618 Aegyptiis.

124 3635 186 3713 uui
199 3634 306 3703 libros
321 3658 434 3702 sacros
448 3635 539 3702 inter
554 3635 725 3702 Hebraeos
740 3635 999 3717 describebant,
1017 3634 1113 3700 credi
1130 3643 1273 3724 possunt
1287 3636 1389 3703 fuisse
1403 3644 1441 3704 ut

123 3741 312 3830 plurimum
342 3743 391 3831 pii
417 3748 449 3807 ct
480 3741 631 3828 religiosi
659 3761 666 3807 :
694 3740 754 3808 scd
778 3743 885 3830 pietas
917 3739 989 3806 sola
1016 3763 1086 3807 non
1111 3744 1246 3832 supplet
1271 3743 1439 3810 deiectum

124 3848 286 3915 scientiae
306 3848 444 3914 criticae
464 3848 592 3915 aliusve
613 3847 776 3914 scientiae
799 3873 814 3906 r
838 3853 973 3913 exactae
995 3873 1024 3913 ».

171 3960 296 4021 Tamen
319 3956 496 4036 eximium,
512 3955 581 4020 imo
603 3954 846 4021 miraculosum
871 3954 1024 4020 studium
1049 3955 1186 4020 criticae
1214 3956 1296 4020 artis
1320 3954 1440 4021 scribis

123 4061 194 4127 illis
210 4062 425 4148 affingebant
443 4060 557 4129 ludaei
573 4065 650 4149 post
665 4059 818 4127 Esdram.
836 4060 872 4126 1d
888 4066 983 4148 patet
998 4083 1037 4127 ex
1054 4082 1173 4127 eorum
1189 4061 1230 4126 de
1251 4061 1386 4146 origine
1407 4070 1440 4127 ct

125 4167 241 4234 indole
269 4168 433 4234 versionis
459 4167 796 4257 septuagintaviralis
824 4168 1048 4256 pentateuchi
1072 4169 1289 4250 commentis,
1315 4169 1439 4257 ‹prihus

126 4280 263 4363 praeter
280 4280 341 4340 los.
360 4283 393 4340 ct
407 4275 584 4341 Philonem
605 4295 777 4340 assensere
794 4274 926 4354 lustin,
947 4279 1047 4353 tren,
1066 4275 1171 4339 Clem.
1190 4275 1296 4355 Alex,
1320 4274 1434 4361 cyrill.

125 4381 230 4461 Hier,
244 4381 363 4460 llilar.‚
377 4387 477 4468 Aug„
495 4381 662 4471 Epiphan.
675 4380 817 4468 aliiquc;
832 4380 1024 4467 dequibus,
1039 4381 1089 4446 uti
1103 4380 1206 4447 etiarn
1222 4382 1263 4446 de
1279 4383 1437 4446 universa

127 4486 186 4552 illu
199 4488 393 4553 narratione
408 4512 440 4554 v.
462 4487 607 4576 Cornclp
622 4493 647 4554 1.
663 4492 728 4552 338
743 4508 816 4574 sqq.
835 4490 929 4552 Patet
941 4485 1032 4551 idem
1045 4509 1085 4552 ex
1100 4487 1217 4553 fabula
1234 4493 1252 4552 h
1269 4487 1361 4552 Esdr.
1382 4492 1433 4561 n,

127 4593 183 4659 cui
206 4595 287 4660 item
310 4616 479 4661 assensere
505 4600 618 4661 Patres
639 4594 772 4683 plures,
792 4592 897 4658 libros
919 4613 1046 4673 sacros,
1070 4592 1238 4679 imprimis
1261 4594 1438 4679 pentateu-

127 4699 246 4783 chum,
270 4706 371 4767 autea
396 4702 498 4788 plane
523 4700 736 4790 deperditos,
761 4699 805 4765 ab
831 4699 934 4764 Esdra
954 4697 1145 4784 inspirante
1172 4704 1238 4763 Deo
1267 4694 1438 4761 restitutos
