3366 5346
740 516 828 563 ocur.
852 500 934 574 213.
1436 500 1496 561 aas

181 650 260 717 dem
279 649 487 718 adamussim
508 672 618 737 sensu,
637 673 706 739 quo
720 649 940 737 intelligebat
959 651 1493 740 31,o.}1aeen0nsupp0nenda,

179 757 239 823 scd
262 756 542 823 demonstranda.
573 762 615 823 at
637 758 826 825 certissime
851 778 920 824 non
943 762 994 823 est
1019 758 1121 823 thora
1143 780 1174 825 v.
1193 764 1212 824 3
1230 756 1334 847 plane
1348 757 1496 825 alienae

180 864 280 931 thora
304 869 396 945 3l‚9.
423 865 546 951 Agitur
566 864 699 955 'quippe
721 886 797 955 cap.
822 870 864 930 27
890 863 933 930 de
959 862 1167 931 celebranda
1186 863 1334 931 foederis
1352 886 1495 931 renova-

181 971 282 1053 tione,
309 992 397 1058 quae
421 976 507 1038 esset
532 971 693 1060 repetitio
717 970 888 1060 quaedam
911 969 1135 1037 restitution'm
1160 992 1180 1037 a
1207 975 1315 1058 lloyse
1341 972 1379 1038 in
1403 976 1496 1038 terra

181 1075 277 1143 lloub
299 1083 376 1159 29,1
399 1076 591 1145 celebratae
616 1076 745 1145 :huius
766 1076 991 1145 restitutionis
1012 1076 1280 1143 instrumentum
1302 1078 1404 1143 fuisse
1423 1078 1496 1145 tho

181 1205 253 1249 ram
280 1182 400 1272 lloysis
420 1190 498 1267 31,9
521 1183 670 1251 efficitur
694 1206 712 1251 e
736 1185 870 1251 ratione
898 1182 1109 1250 narrationis
1134 1190 1213 1263 31,9
1237 1206 1312 1273 sqq.
1335 1182 1379 1249 ad
1402 1190 1494 1263 29,1.

180 1289 292 1358 Thera
313 1290 430 1377 lloysis
447 1296 526 1372 31,9
550 1291 688 1358 videtur
704 1290 864 1357 habuisse
884 1290 1110 1381 pentalogum
1136 1312 1214 1356 cum
1236 1312 1296 1356 sua
1318 1290 1497 1380 paraenesi

181 1418 256 1485 cap.
275 1402 369 1479 5-11,
395 1396 649 1463 benedictiones
665 1402 699 1463 et
712 1396 971 1464 maledictiones
990 1418 1065 1487 cap.
1084 1402 1128 1463 28
1144 1419 1219 1486 sqq.
1239 1418 1247 1464 :
1272 1396 1381 1481 igitur
1397 1397 1498 1461 tbora

181 1508 261 1584 27,3
282 1502 435 1569 habebat
449 1510 509 1570 aut
530 1524 583 1586 ea,
608 1526 697 1593 quae
714 1526 788 1593 cap.
817 1510 858 1569 12
879 1502 1108 1593 praecedunt,
1132 1504 1262 1591 (omnia
1278 1503 1332 1570 vel
1351 1502 1495 1592 aliqua),

181 1613 240 1676 aut
253 1632 294 1675 ea
308 1632 397 1698 quae
411 1632 487 1699 cap.
506 1615 548 1675 27
569 1616 773 1700 sequuntur,
793 1610 925 1699 (omnia
942 1610 996 1676 vel
1011 1610 1153 1699 aliqua),
1170 1614 1231 1677 aut
1248 1616 1405 1698 utraque.

226 1715 439 1782 Praecedunt
460 1716 549 1783 duae
577 1739 778 1807 paraeneses
806 1723 978 1799 1,o-t,t0;
1009 1723 1207 1800 ata-1132
1232 1721 1265 1783 et
1292 1716 1499 1807 pentalogus

182 1821 465 1905 u,1-·1,11.11aud
490 1829 586 1913 puto,
602 1822 786 1914 inscriptas
800 1824 902 1890 luisse
924 1822 1099 1913 lapidibus
1117 1842 1348 1913 paraeneses:
1374 1823 1495 1903 altera,

183 1929 231 1993 uti
252 1928 347 2018 prior
368 1928 472 2018 (l,5),
494 1930 607 1996 verius
624 1936 675 1997 est
694 1930 889 2020 paraenesis
909 1929 1030 1997 thorae
1043 1952 1148 2020 quam
1164 1932 1277 1997 thora.
1295 1928 1499 1996 Remanebit

181 2056 265 2122 ergo
289 2035 361 2101 sere
380 2035 600 2125 pentaloyas.
627 2037 720 2103 Sicut
743 2037 835 2104 intra
853 2059 969 2103 arcam
987 2042 1086 2103 erant
1105 2036 1245 2103 tabulae
1265 2036 1424 2126 lapideae
1443 2036 1499 2102 in-

182 2140 350 2230 scriptum
365 2142 532 2209 habentes
551 2142 768 2229 decalogum,
791 2144 839 2209 ita
853 2143 891 2210 in
909 2148 1024 2209 monte
1039 2142 1146 2209 llebal
1162 2143 1275 2231 palam
1295 2141 1499 2231 prostabant

180 2246 312 2337 lapides
336 2247 538 2338 inscriptum
562 2248 730 2316 habentes
748 2250 985 2338 pentalogum.
1017 2250 1219 2335 becalogus,
1247 2247 1492 2315 documentum

183 2353 293 2440 magis
307 2375 453 2435 sacrum,
471 2354 565 2445 quod
580 2362 664 2422 esset
679 2378 699 2423 a
713 2360 781 2443 Deo
796 2355 994 2423 immediate
1015 2355 1220 2444 proiectum,
1232 2376 1310 2421 cum
1325 2376 1406 2421 arca
1421 2376 1498 2420 ver-

181 2458 320 2526 sabatur
348 2460 385 2527 in
408 2460 524 2527 medio
546 2462 682 2551 populi;
701 2462 907 2552 pentalogus
921 2462 959 2527 in
974 2461 1093 2527 limine
1105 2468 1217 2527 terrae
1233 2461 1437 2550 promissae,
1454 2460 1497 2526 si-

181 2566 322 2656 mulque
337 2566 373 2633 in
386 2572 569 2657 conspectu
584 2575 652 2635 tam
666 2567 969 2636 cisiordanicorum
988 2590 1092 2658 quam
1107 2566 1472 2634 transiordanicorum.

227 2672 286 2737 Vel
309 2673 474 2762 inscripta
501 2674 629 2740 fuerint
651 2673 827 2763 lapidibus
854 2697 911 2757 ea,
938 2697 1026 2763 quae
1053 2698 1128 2763 cap.
1154 2680 1195 2739 27
1222 2678 1494 2763 consequuntur,

183 2776 433 2844 benedictiones
446 2791 478 2844 et
496 2777 765 2845 meledictiones.
778 2786 869 2858 Quae
884 2786 934 2846 est
948 2779 1066 2868 opinio
1081 2781 1146 2845 los.
1163 2784 1212 2846 Ν.
1232 2784 1324 2859 aaa,
1343 2778 1403 2868 qui
1419 2802 1499 2864 sug·

180 2884 270 2970 gerit
289 2884 429 2973 quidem
451 2884 707 2951 maledictiones
730 2892 908 2965 ants-ae,
930 2885 991 2951 sed
1010 2908 1070 2951 cae
1092 2890 1171 2951 sunt
1193 2906 1307 2952 merae
1335 2884 1498 2951 maledic-

183 2989 295 3056 tiones
304 2989 377 3056 sine
391 2989 701 3073 benedictionibus,
726 3014 796 3059 non
814 2992 907 3058 solae
921 2983 1086 3058 vocantur
1098 2992 1210 3075 thora,
1227 3012 1341 3081 neque
1356 3012 1430 3080 cap.
1454 2997 1497 3056 27

183 3096 451 3185 promulgantur
467 3098 579 3164 forma
598 3099 719 3165 thorae
743 3118 751 3164 ε
772 3099 873 3165 thora
895 3099 1025 3188 quippe
1047 3103 1095 3164 est
1114 3098 1259 3164 verbum
1273 3095 1496 3183 legislatoris,

183 3224 252 3269 non
267 3224 378 3270 sermo
399 3203 551 3272 alternus
576 3205 665 3271 inter
686 3205 880 3273 sacerdotes
909 3210 943 3271 et
973 3204 1123 3296 plebem.
1150 3203 1400 3271 maledictiones
1420 3203 1499 3271 illas

182 3309 368 3396 ignorabat
386 3310 546 3401 populus,
566 3310 651 3379 dum
667 3316 791 3400 lloyses
810 3312 917 3379 verba
935 3334 968 3377 v.
989 3318 1045 3378 1-8
1058 3308 1324 3401 pronuntiabat3
1341 3331 1414 3377 non
1430 3309 1499 3396 igi-

182 3422 240 3483 tur
264 3421 399 3507 poterat
421 3417 570 3507 populus
596 3441 628 3485 v.
651 3424 708 3485 3.8
728 3440 920 3509 pronomen
943 3417 1049 3485 leuius
1073 3417 1283 3504 intelligere,
1303 3416 1333 3483 si
1346 3416 1435 3483 illud
1454 3415 1499 3483 ad

183 3524 336 3590 nondum
357 3525 596 3613 pronuntiatas
619 3524 880 3592 maledictiones
898 3526 1123 3591 referebatur.
1142 3525 1287 3589 Omnino
1310 3523 1497 3589 sistendum

183 3631 220 3696 in
239 3630 536 3696 benedictionibus
556 3637 589 3695 et
605 3630 907 3695 maledictionibus
930 3652 1006 3718 cap.
1031 3636 1087 3697 28.
1117 3630 1212 3704 Quod
1234 3628 1374 3716 quidem
1395 3634 1499 3715 caput

184 3734 326 3800 seorsim
345 3742 521 3824 sumptum
540 3736 820 3825 appellaturusne
840 3741 925 3801 esset
947 3739 1073 3822 tloyses
1087 3735 1237 3815 theram,
1254 3733 1440 3813 nescimus3
1463 3733 1498 3799 id

184 3863 255 3906 non
271 3842 423 3907 efficiunt
436 3865 468 3907 v.
486 3848 600 3919 aaut,
613 3840 778 3931 fuereque
790 3841 828 3908 hi
843 3840 1075 3909 versusserius
1089 3840 1263 3929 adscripti.
1278 3839 1340 3907 Ubi
1355 3839 1495 3920 recolas,

185 3948 328 4013 Semitas
357 3946 564 4037 quandoque
595 3947 771 4037 lapidibus
808 3948 964 4015 terminis
996 3946 1206 4037 inscripsisse
1241 3946 1499 4013 maledictiones

185 4052 351 4141 quasdam
379 4053 417 4119 in
438 4075 494 4119 eos
511 4054 610 4137 latas,
637 4056 697 4143 qui
716 4054 883 4121 terminos
910 4058 1099 4120 moverent.
1130 4058 1218 4140 Ergo
1240 4052 1346 4119 erecti
1371 4052 1500 4118 luerint

185 4159 317 4249 lapides
340 4160 393 4226 illi
412 4160 523 4228 instar
544 4162 782 4239 terminorum,
802 4160 864 4251 qui
887 4160 1010 4228 lahvae
1031 4161 1211 4227 interram
1231 4159 1432 4249 promissam
1447 4159 1499 4224 ius

184 4273 374 4349 tuerentur,
392 4266 488 4334 euius
506 4267 650 4335 Hebraei
673 4268 900 4357 (1ον.25,23)
923 4266 1034 4335 coloni
1057 4271 1191 4334 tantum
1216 4271 1323 4333 erant.
1340 4268 1379 4331 Et
1401 4270 1496 4346 nota,

186 4374 354 4441 llebraeos
374 4381 474 4455 11,29
492 4397 542 4465 sq.
565 4375 677 4442 iuberi
697 4396 824 4464 ponere
844 4373 1119 4443 benedictionem
1141 4372 1178 4439 in
1200 4377 1318 4439 monte
1337 4370 1496 4454 Garizim,

186 4481 461 4549 maledictionem
490 4482 528 4549 in
553 4488 667 4549 monte
690 4481 809 4565 llebal,
836 4492 1022 4571 utrumque
1044 4486 1161 4547 tamen
1183 4478 1334 4569 lapidem
1348 4484 1499 4547 erectum

185 4608 255 4653 esse
275 4588 311 4653 in
333 4594 447 4656 monte
468 4588 718 4656 maledictionis
737 4587 856 4669 llebal,
878 4594 1029 4655 ceterum
1052 4609 1129 4677 cap.
1152 4590 1195 4655 28
1210 4586 1351 4653 brevem
1368 4586 1499 4653 habere

185 4692 226 4757 de
250 4692 559 4775 benedictionibus,
585 4694 686 4761 valde
706 4695 879 4785 prolixum
904 4694 946 4761 de
975 4692 1276 4762 maledictionibus
1301 4698 1497 4759 tractatum.

185 4804 275 4876 Quae
291 4802 405 4869 omnia
433 4802 614 4870 videantur
632 4804 747 4870 favere
770 4802 936 4893 opinioni,
963 4802 1052 4869 solas
1071 4800 1330 4869 benedictiones
1344 4804 1378 4864 et
1396 4797 1499 4864 male·

186 4906 353 4975 dictiones
367 4930 436 4976 esse
451 4910 625 4999 lapidibus
639 4910 831 5001 inscriptas.
