3366 5346
256 305 316 365 418
708 316 942 364 corrrcrmnou
964 314 1119 362 sannaus.

258 476 347 521 mus.
367 456 484 518 Frater
499 472 569 517 non
587 450 746 518 babitans
765 452 880 539 sinaut,
900 473 961 518 seu
979 471 1048 516 non
1068 447 1201 516 habens
1221 443 1474 513 haereditatem
1499 464 1589 510 oon·

258 561 403 645 tiguam‚
426 557 472 625 ad
498 557 588 623 nihil
614 558 794 625 tenebatur
821 562 861 644 (c.
892 556 993 644 eat).
1016 560 1061 621 Ex
1090 553 1234 620 historia
1263 552 1355 620 Ruth
1385 549 1586 637 colligitur,

258 664 498 733 deficientibus
509 663 674 731 fratribus
685 671 849 752 cognatos
861 686 883 731 a
895 663 999 730 vidua
1013 659 1185 751 appellari
1199 657 1348 749 potuisse
1362 657 1489 725 ordine
1502 679 1589 747 pro·

257 772 460 862 pinquitatis
491 791 498 838 :
533 769 571 836 id
594 778 707 839 noster
728 777 838 838 textus
863 792 934 837 non
956 768 1064 852 effert,
1087 766 1231 857 quiade
1254 764 1325 832 sola
1351 764 1470 832 stricta
1494 763 1588 830 obli·

257 880 394 966 gatione
415 877 499 963 agit,
517 898 607 966 quae
626 899 696 945 non
717 876 939 961 incumbebat
961 872 1145 962 cognatis:
1168 877 1329 962 poterant
1343 870 1394 953 hi,
1411 869 1486 937 sine
1507 869 1586 936 nlla

257 985 419 1068 infamia,
446 982 645 1050 renuntiare
673 984 800 1052 viduae
826 983 929 1050 simul
958 987 992 1048 et
1015 979 1222 1048 haereditati
1249 976 1377 1068 (bap).
1408 981 1587 1064 Cognatas

258 1091 352 1160 Ruth
367 1097 424 1172 t,8
444 1091 596 1157 calceum
618 1092 712 1157 exuit
730 1091 765 1155 in
786 1091 926 1177 signum
941 1086 1129 1156 renuntiati
1149 1085 1244 1167 iuris,
1261 1084 1407 1152 sednon
1422 1085 1585 1175 conspui-

257 1204 327 1279 tur,
344 1220 414 1264 non
434 1196 574 1264 nomine
597 1197 764 1286 probroso
788 1200 939 1264 notatur.
966 1197 1067 1261 Hebr.
1087 1196 1181 1262 Sani.
1210 1190 1330 1260 clatet.
1354 1197 1388 1258 et
1415 1190 1517 1280 Valp.
1536 1188 1584 1258 ad

258 1306 360 1372 naith
388 1310 489 1386 222¹*
510 1302 625 1394 filias,
654 1305 734 1393 Syr.
754 1303 841 1393 filii,
862 1301 921 1369 sed
944 1301 1039 1391 Valp.
1061 1302 1097 1366 h.
1120 1301 1142 1366 l.
1162 1298 1273 1382 liberi,
1299 1320 1444 1388 praeces
1462 1297 1583 1365 natta.

259 1418 361 1494 ml
371 1423 476 1493 τέκνα;
495 1412 587 1477 LXX
598 1411 635 1476 h.
648 1409 672 1477 l.
686 1421 816 1499 σπέρμα.
826 1409 866 1475 Hi
873 1431 919 1476 sc.
933 1409 1129 1498 exprimunt
1137 1404 1584 1496 posteriorumludaeorum

259 1518 382 1608 prarin
399 1517 476 1604 (Ios.
495 1521 548 1583 IV.
566 1515 674 1604 823),
693 1515 953 1583 matrimonium
974 1515 1136 1581 leviratus
1150 1518 1224 1580 tum
1245 1517 1379 1579 tantum
1396 1510 1584 1579 admitten-

258 1624 360 1704 tium,
380 1622 520 1712 quando
543 1623 687 1689 omnino
712 1623 783 1689 sine
807 1621 925 1689 liberis
947 1621 1139 1688 decesserat
1159 1621 1276 1686 frater.
1299 1622 1456 1686 Ceterum
1481 1617 1587 1685 nobis

260 1730 296 1797 h.
317 1730 340 1796 l.
364 1727 583 1818 exponendus
602 1734 652 1795 est
672 1728 764 1796 solus
782 1733 881 1795 tenor
901 1729 989 1814 legis
1012 1732 1106 1794 Dent.
1128 1732 1283 1808 aaa-10,
1304 1747 1373 1793 non
1394 1746 1483 1815 quae
1505 1747 1586 1814 pos·

259 1836 366 1903 terius
380 1833 528 1902 invaluit
546 1834 670 1924 praxis,

307 1943 412 2009 «Sed
427 1969 441 2000 »
459 1980 503 2015 -r
523 1939 609 2008 levir
632 1940 695 2007 ibit
713 1940 762 2008 ad
779 1963 853 2007 eam
880 1943 981 2028 (Sam.
1007 1929 1083 2005 tilis
1109 1962 1172 2030 pro
1186 1929 1272 2020 utin)
1287 1951 1321 2006 et
1336 1977 1380 1988 -
1399 1967 1416 2000 a
1436 1937 1587 2028 accipiet

259 2070 337 2116 eam
351 2049 465 2138 frater
479 2048 564 2132 cias,
583 2061 615 2115 et
632 2047 811 2115 suscitabit
828 2069 943 2115 semea
958 2046 1086 2134 fratris
1100 2045 1156 2112 sai
1172 2073 1187 2107 »
1211 2046 1268 2134 (cf.
1285 2045 1417 2135 Heba),
1434 2067 1467 2112 v.
1483 2050 1504 2110 6
1519 2072 1536 2105 a
1554 2057 1588 2110 et

256 2154 529 2246 primopcaitam
556 2177 599 2221 ea
623 2177 663 2222 ea
684 2155 800 2244 filiam
827 2155 967 2221 nomiae
992 2153 1089 2225 illias
1115 2151 1306 2244 appellabit
1333 2181 1364 2234 »,
1394 2149 1499 2219 Hebr.
1529 2151 1587 2218 hic

259 2274 417 2350 assurpet
440 2262 477 2326 in
493 2261 635 2327 acontiae
649 2259 787 2348 fratris,
806 2260 958 2327 familiae
980 2282 1108 2327 nomen
1133 2259 1313 2350 producet,
1333 2288 1349 2321 «
1373 2272 1412 2325 ut
1434 2281 1508 2325 aaa
1532 2257 1588 2325 ole-

264 2366 375 2434 leatar
390 2390 515 2434 aetiten
533 2366 607 2433 eius
626 2389 669 2433 ea
692 2368 798 2433 lsrael
818 2395 848 2434 »,
871 2368 1037 2434 Statuitur
1056 2388 1139 2453 ergo
1157 2389 1220 2457 pro
1239 2389 1319 2434 casu
1339 2365 1493 2433 hominis
1513 2366 1586 2432 sine

262 2474 345 2540 filiis
363 2473 515 2541 defuncti
535 2473 687 2564 exceptio
707 2473 794 2561 legis
813 2478 890 2540 Lev.
915 2479 1028 2555 18‚16;
1047 2479 1145 2556 2021
1167 2473 1274 2563 (Coi.)
1289 2471 1507 2564 prohibentis
1521 2471 1587 2538 du-

262 2602 340 2647 cere
368 2579 482 2646 fratris
505 2602 659 2647 uxorem.
691 2603 723 2646 v.
752 2588 772 2647 7
806 2609 822 2642 «ι
851 2579 916 2648 Sia
942 2592 1057 2647 autem
1081 2579 1234 2647 noluerit
1259 2578 1415 2670 accipere
1444 2601 1586 2646 acorem

261 2686 387 2776 fratris
406 2687 472 2770 sai,
491 2687 591 2777 [picae
605 2686 639 2753 ei
654 2686 728 2777 lepe
745 2685 911 2774 debetur]‚
927 2700 1049 2777 perpet
1070 2686 1198 2753 mulier
1217 2685 1265 2753 od
1274 2698 1415 2776 portam
1436 2685 1587 2752 ciuitatis

263 2806 296 2861 et
316 2792 573 2883 [interpellabit]
593 2795 738 2861 iuniores
765 2806 862 2876 nata,
881 2792 1039 2884 dicetque
1060 2814 1073 2859 .·
1094 2797 1173 2861 Noa
1195 2792 1268 2860 vult
1291 2794 1402 2882 frater
1424 2791 1493 2860 oiri
1518 2794 1588 2861 mei

262 2900 427 2967 suscitare
447 2923 572 2966 aetiten
588 2900 712 2989 fratris
731 2903 787 2967 sai
807 2900 845 2966 ia
864 2899 982 2985 Israel,
1000 2922 1061 2968 aec
1076 2922 1131 2967 me
1151 2900 1189 2966 ia
1204 2899 1387 2990 coniuqem
1401 2922 1534 2967 sttncere
1554 2928 1585 2966 ».

263 3029 296 3070 v.
318 3012 338 3071 8
357 3034 372 3065 «
394 3007 590 3094 Statimque
607 3007 767 3072 accersiri
788 3029 867 3072 eccae
882 3006 1021 3098 sacient
1035 3019 1067 3073 et
1089 3007 1364 3097 iuterropabaat.
1386 3007 1425 3074 Si
1443 3027 1587 3097 respon·
1607 3030 1615 3042 ¹

265 3110 354 3176 derit
368 3112 481 3178 :Nola
504 3134 579 3178 eata
599 3134 740 3178 crearem
763 3113 919 3203 accepere
945 3143 975 3198 a,
997 3137 1028 3179 v.
1054 3120 1111 3179 9«
1137 3112 1275 3181 accedet
1297 3115 1421 3181 mulier
1441 3111 1489 3181 ad
1509 3136 1587 3180 eum

264 3239 380 3285 eoram
398 3217 600 3300 senioribus,
617 3231 649 3285 et
671 3217 766 3285 tollet
788 3218 1059 3286 calceamentum
1074 3220 1116 3286 de
1134 3219 1222 3310 pede
1242 3220 1315 3287 eius
1339 3250 1370 3288 ».
1392 3220 1588 3289 Secundum

264 3324 357 3392 Ruth
375 3329 430 3408 t,7
445 3324 609 3391 detractio
634 3325 739 3392 calcei
752 3332 826 3392 erat
840 3325 1036 3414 symbolum
1050 3326 1202 3394 abdicati
1215 3327 1312 3410 iuris,
1332 3350 1434 3417 quem
1450 3350 1589 3395 sensum

264 3430 354 3498 idem
382 3432 467 3498 ritus
489 3453 571 3499 sane
591 3431 695 3499 etiam
719 3431 754 3499 h.
772 3433 795 3499 l.
823 3432 929 3500 habet
954 3432 1105 3523 (Mala).
1128 3433 1194 3501 Sed
1218 3433 1314 3501 aliud
1342 3439 1404 3518 est,
1423 3434 1474 3501 uti
1499 3435 1589 3503 auth

264 3544 334 3621 ta,
358 3538 538 3606 detrahere
554 3539 707 3608 calceum
731 3539 800 3605 sibi
822 3562 928 3607 manu
944 3540 1098 3630 propria,
1119 3540 1216 3608 aliud
1237 3541 1337 3608 illum
1360 3543 1432 3632 pati
1454 3541 1590 3609 detrac-

263 3650 339 3711 tum
354 3667 374 3709 a
391 3645 547 3713 muliere.
565 3646 625 3712 llle
640 3651 714 3713 erat
726 3647 812 3713 ritus
826 3646 949 3733 legalis
962 3646 1051 3713 nihil
1069 3647 1203 3714 hahens
1218 3647 1429 3735 ignominiae
1445 3671 1452 3717 :
1466 3670 1589 3716 verum

264 3771 430 3839 perquam
455 3751 723 3836 ignominiosum
743 3758 833 3837 erat,
858 3752 1013 3820 calceum
1038 3752 1105 3820 sihi
1134 3777 1155 3820 a
1181 3754 1325 3822 muliere
1347 3753 1485 3822 detrahi
1510 3778 1590 3845 per·

264 3857 399 3924 mittere
420 3856 575 3947 (baasa,
602 3858 743 3948 Calua).
765 3865 838 3927 Non
863 3860 990 3950 ipsese
1014 3860 1173 3950 privabat
1196 3862 1269 3929 iure
1291 3884 1364 3945 suc,
1383 3867 1525 3950 rogatus
1544 3862 1591 3929 ah

264 3965 374 4033 altero
394 3966 533 4032 nomine
553 3965 709 4032 mulieris
731 3967 780 4033 uti
806 3966 897 4035 Ruth
921 3972 990 4050 t,8,
1011 3967 1072 4034 sed
1093 3968 1219 4035 mulier
1243 3991 1322 4036 eum
1346 3968 1517 4058 privabat.
1536 3970 1590 4037 dd

262 4070 352 4138 illud
371 4073 500 4161 quippe
519 4071 573 4138 ius
592 4094 610 4138 e
631 4071 746 4138 medio
766 4072 961 4140 tollendum
980 4097 1051 4140 non
1071 4074 1263 4143 sufficiebat
1281 4075 1355 4144 eius
1375 4075 1550 4144 revocatio
1570 4100 1592 4144 a

262 4176 334 4241 solo
358 4178 430 4243 viro
455 4179 561 4260 facta,
584 4178 709 4246 mulier
730 4178 820 4246 illud
844 4180 908 4246 viri
936 4179 990 4247 ius
1016 4183 1219 4248 exstinctum
1251 4182 1500 4271 pronuntiabat
1526 4184 1590 4250 illo

264 4279 332 4346 ritu
352 4305 429 4348 cum
444 4305 579 4351 summa
596 4285 662 4352 viri
680 4286 885 4372 ignominia,
902 4288 999 4354 cuius
1019 4288 1177 4376 symbola
1195 4295 1294 4356 erant
1309 4294 1460 4380 sputum,
1478 4289 1591 4358 rerba

263 4409 296 4452 v.
323 4394 342 4454 9
364 4393 396 4454 et
419 4411 546 4455 nomen
572 4414 605 4458 v.
630 4398 682 4459 to.
711 4391 892 4482 Sapienter
916 4395 1045 4485 quippe
1070 4395 1241 4462 statuebat
1265 4395 1351 4463 haee
1373 4397 1439 4479 lex,
1456 4399 1494 4463 ut
1514 4397 1592 4465 sola

262 4493 456 4583 ignominia
471 4495 549 4562 talis
572 4496 624 4562 vir
642 4500 837 4587 puniretur,
860 4523 928 4567 non
949 4500 1025 4568 aliis
1045 4501 1166 4591 poenis
1187 4501 1232 4568 ad
1257 4503 1438 4572 mulierem
1460 4503 1592 4574 ducen-

262 4602 344 4669 dam
368 4602 595 4690 adigeretur:
620 4611 795 4694 nequeunt
824 4606 983 4674 homines
1005 4609 1084 4694 cogi
1108 4609 1145 4675 in
1169 4609 1397 4694 connubium,
1424 4616 1458 4677 et
1477 4636 1592 4703 quan-

262 4709 377 4800 doque
394 4711 506 4802 poluil
525 4711 578 4778 vir
595 4711 771 4802 sapienter
790 4713 880 4780 illud
901 4715 1111 4784 connubium
1131 4739 1299 4785 recusare.
1321 4745 1337 4780 a
1355 4721 1533 4809 Spuetque
1552 4722 1590 4791 ia
