3366 5346
466 296 469 301 ·
529 274 606 318 ACTA
630 274 760 319 turinum
781 276 845 319 utet
869 276 959 320 virts
980 277 1100 322 meista.

309 442 459 490 ueneratio
475 441 548 489 enim
563 452 649 502 prava
660 441 721 502 ipsi,
847 439 897 489 filii
914 443 941 489 in
958 442 1058 503 quibus
1073 455 1129 491 non
1145 440 1213 492 sides
1230 444 1280 491 est.

209 544 234 578 r.
259 531 286 578 ‘tl
313 530 368 592 ipsi
384 533 607 592 provocaverunt
625 530 712 577 mein
732 542 800 578 nen·
824 569 826 572 .
1001 526 1004 533 '

754 617 796 675 st,
850 617 1027 667 irritaverunt
1042 631 1086 668 me
1101 620 1129 667 in
1145 619 1328 668 inanitatibus
1346 619 1414 666 suis
1436 629 1442 662 :

312 706 474 756 provocabo
498 705 583 768 igitur
613 718 666 767 ego
698 717 747 754 eos
773 707 802 753 in

613 795 800 858 non-populo,
854 796 882 843 in
898 795 981 857 gente
995 796 1082 845 stulta
1096 796 1210 845 irritabo
1224 807 1284 845 eos

299 1020 331 1080 2.
357 1013 505 1102 stropha
530 1013 719 1080 mtctatoria
746 1033 752 1078 :
780 1012 881 1079 ratae
906 1012 1100 1102 indiqnatio
1125 1012 1342 1080 describitur.

182 1215 192 1262 l
213 1228 239 1263 v.
262 1215 294 1264 ‘ti
315 1214 459 1278 Profecto,
475 1213 549 1276 ignis
566 1224 702 1262 accensus
717 1216 759 1262 est
775 1213 802 1260 in

672 1300 714 1349 ira
730 1313 801 1361 mea,
854 1303 881 1350 et
897 1301 1004 1352 ardebit
1018 1315 1106 1364 usque
1121 1301 1156 1351 ad
1172 1304 1227 1351 ima
1242 1301 1360 1354 interni,

313 1392 347 1441 Et
371 1391 480 1441 vorabit
507 1395 609 1441 terram
635 1391 663 1439 et
690 1402 805 1451 germen

732 1480 803 1539 aius,
856 1482 884 1528 et
898 1481 1034 1529 montium
1049 1479 1230 1529 fundamenta
1245 1479 1409 1529 comburet.

166 1622 190 1670 11
212 1636 238 1670 v.
262 1622 293 1671 23
313 1621 503 1683 biultipiicabo
518 1632 602 1683 super
617 1633 666 1669 eos
680 1621 763 1679 mala,
856 1623 974 1682 sagittas
989 1634 1066 1671 meas
1081 1623 1243 1671 exhauriam
1259 1623 1287 1670 in
1304 1635 1367 1672 eos.

215 1723 240 1758 v.
265 1709 297 1759 *tt
319 1710 432 1771 Exsuga
447 1707 544 1769 tames,
562 1709 692 1758 devorate
856 1710 946 1772 pestis
962 1710 1078 1773 luesque
1093 1723 1190 1759 amara

184 1852 195 1900 l
319 1848 437 1902 Dentem
471 1851 621 1901 bestiarum
661 1850 808 1899 immittam

703 1941 731 1988 in
746 1952 805 2000 eos,
858 1952 921 1989 eum
935 1952 1045 1989 veneno
1060 1942 1231 2003 serpentium
1247 1942 1275 1989 in
1291 1941 1428 2004 pulvere.

216 2043 243 2078 v.
264 2030 296 2079 ‘25
319 2029 399 2078 Foris
413 2029 533 2079 vastabit
546 2028 656 2091 gladius
860 2030 887 2078 et
904 2029 932 2077 in
947 2028 1085 2079 eubilibus
1099 2041 1194 2092 pavor.

168 2173 193 2221 11
315 2172 448 2221 iuvenem
464 2176 491 2219 ot
503 2172 652 2233 virginem,
861 2172 1011 2220 laetantem
1027 2184 1088 2220 eum
1105 2173 1165 2220 viro
1179 2173 1281 2221 canuto

217 2275 242 2307 v.
266 2260 298 2308 te
320 2259 486 2321 Cogitabam
497 2259 564 2307 ttatu
576 2272 639 2307 meo
650 2259 806 2317 absumere,
860 2259 954 2308 delere
968 2262 1130 2309 memoriam
1145 2273 1241 2309 eorum
1261 2273 1296 2309 ex
1312 2261 1496 2312 hominibus.

187 2402 197 2450 1
219 2415 245 2450 v.
268 2401 300 2450 27
321 2401 384 2449 Nisi
399 2400 519 2448 irritatio
534 2400 639 2449 inimici
655 2426 688 2436 -
851 2400 1005 2460 Desistam,
1028 2414 1064 2450 ne
1078 2402 1241 2464 superbiant
1255 2403 1357 2453 hostes
1374 2416 1491 2461 eorum.

321 2489 364 2540 Ne
379 2487 450 2538 torte
466 2488 560 2538 dicant
577 2503 584 2537 ε
601 2489 700 2538 Manus
713 2490 809 2538 nostra

685 2573 807 2638 excelsa,
859 2579 887 2627 et
899 2578 1061 2628 non-Iabre
1075 2579 1141 2629 iecit
1155 2581 1226 2629 haee
1240 2573 1346 2629 omnia.

493 2785 525 2844 3.
553 2778 702 2866 Stroplra
729 2797 736 2842 :
765 2777 985 2844 irtimieorum
1009 2778 1169 2846 stultitia.

171 2953 196 3001 11
216 2967 242 3000 r.
268 2952 299 3001 38
321 2950 459 3009 l’roieet0,
482 2962 552 3011 gens
577 2962 676 3012 expers
700 2950 811 3000 consilii

663 3043 730 3087 sunt
745 3039 808 3101 ipsi,
862 3045 889 3089 et
904 3053 961 3089 nou
976 3041 1018 3090 est
1033 3042 1060 3089 in
1076 3042 1118 3092 eis
1132 3042 1257 3092 scientia.

220 3142 247 3177 v.
271 3128 303 3177 29
326 3129 438 3177 Utinam
462 3131 593 3189 saperent
618 3129 645 3175 ct
670 3127 814 3190 intellige·

655 3220 717 3265 rent
733 3216 811 3276 haee,
864 3219 892 3264 et
907 3216 1085 3269 attenderent
1099 3220 1253 3268 novissima
1267 3221 1332 3269 sua!

219 3320 247 3354 v.
269 3305 303 3356 30
325 3304 470 3364 Quomodo
484 3303 562 3366 iuget
579 3316 651 3353 unus
670 3304 755 3363 mille,
864 3307 893 3354 et
909 3305 964 3355 duo
980 3310 1185 3371 persequantur
1199 3307 1293 3358 decem
1310 3312 1415 3372 millia,

323 3395 383 3444 Nisi
409 3397 489 3457 petra
514 3405 611 3443 eorum
637 3391 811 3443 vendidisset

760 3494 809 3531 ees
860 3488 888 3533 et
904 3483 989 3533 labro
1005 3484 1163 3535 tradidisset
1176 3487 1241 3536 eos?

218 3586 244 3620 v.
269 3575 297 3622 :tr
322 3573 432 3622 Etenim
452 3584 507 3620 uon
526 3572 600 3620 sieut
620 3576 698 3632 petra
719 3575 815 3619 nostra

612 3661 692 3721 petra
707 3671 813 3719 eorum,
866 3660 975 3710 inimici
990 3663 1082 3711 autem
1097 3666 1184 3713 nostri
1198 3665 1262 3736 sunt
1277 3665 1373 3715 stulti!

462 3866 494 3924 3.
522 3857 745 3947 Αηιίεινορὴα
772 3879 778 3924 ;
807 3858 1027 3927 irtimieorum
1053 3863 1200 3930 violatia.

194 4053 203 4101 1
224 4065 250 4100 v.
273 4051 306 4100 :rt
326 4050 466 4116 Proiecto,
482 4049 516 4100 de
536 4050 592 4099 vite
612 4048 752 4098 Sodomae
773 4050 815 4097 vi·

656 4138 692 4186 tis
707 4150 813 4198 eorum,
869 4144 896 4189 et
912 4139 946 4190 de
960 4154 1027 4204 agre
1044 4146 1228 4204 tiomerrhae;

225 4241 250 4276 v.
275 4230 306 4275 33
327 4227 389 4276 Uva
405 4240 501 4277 eorum
517 4240 571 4276 ura
583 4226 664 4285 tellis
870 4235 896 4277 ct
912 4234 1016 4281 racemi
1031 4235 1118 4282 amari
1134 4235 1210 4298 ipsis.

330 4316 416 4365 Virus
433 4316 584 4364 draconum
599 4317 642 4365 est
656 4316 752 4364 vinum
767 4327 817 4364 eo-

742 4416 814 4462 rum,
867 4424 895 4468 et
911 4427 1050 4466 venenum
1065 4414 1193 4477 aspidum
1208 4412 1288 4462 torte.

226 4527 251 4562 v.
275 4511 306 4561 :tt
327 4511 427 4560 Nonne
437 4509 464 4559 id
472 4509 818 4568 reconditumestmeeum‚
869 4508 1045 4568 obsignatum
1060 4504 1089 4552 in
1104 4503 1236 4551 archiviis
1251 4502 1319 4549 meis

228 4615 256 4653 v.
278 4601 362 4651 351n
387 4600 461 4651 diem
487 4598 625 4648 vindictae
651 4625 686 4633 -
714 4601 741 4647 et
769 4596 816 4646 siet

606 4686 765 4736 retributio!
782 4713 817 4720 —
868 4687 896 4733 in
912 4692 1029 4745 tempus,
1045 4693 1100 4744 quo
1115 4681 1224 4729 labatur
1243 4693 1292 4742 pes
1307 4691 1420 4731 corum.
