3366 5346
239 277 278 335 91
796 289 1009 335 ruraonocrro.

240 427 468 492 obscuratam.
501 431 540 491 11
565 423 705 490 historia
730 423 955 490 solemnitatis
981 423 1127 490 restitut'
1154 421 1318 502 foederis,
1342 422 1453 488 maior
1476 445 1559 511 pars

240 532 371 598 lacunis
403 531 539 598 videtur
567 553 636 597 esse
671 530 842 620 absorpta.
878 528 1101 597 Desiderotm·
1128 552 1206 596 vero
1236 528 1475 595 1111111οεὶ11
1505 529 1560 595 rei

238 637 394 705 narratio
421 637 458 703 ia
487 637 573 703 libro
599 636 772 726 bipartito,
798 636 860 726 qui
884 635 925 702 de
951 636 1099 703 secundo
1120 634 1261 723 foedere
1283 635 1371 708 silet.
1398 635 1559 702 Foederis

240 745 448 811 mentionem
475 750 588 822 31‚1o.
615 749 670 825 20,
696 744 724 810 si
754 743 844 810 solus
870 743 1012 809 seorsim
1042 743 1129 810 liber
1154 741 1338 831 bipartitus
1369 748 1554 830 spectetur,

239 853 363 918 referet
381 851 506 941 aliquis
522 851 566 917 ad
584 851 735 939 primum
755 849 885 917 foedus.
906 850 1028 930 Thera,
1047 851 1143 916 cuius
1158 848 1317 915 meminit
1331 853 1454 935 Moyses
1473 855 1555 929 33,t

237 958 274 1023 in
295 957 604 1039 benedictionibus,
624 957 744 1046 utique
764 956 923 1043 designat
939 955 1125 1024 secundam
1144 956 1338 1022 orationem
1358 955 1413 1022 vcl
1431 962 1555 1044 penta-

236 1064 355 1150 logum
379 1064 500 1144 solum,
525 1063 585 1129 sed
604 1086 622 1129 1
641 1063 714 1129 solo
738 1062 829 1129 libro
853 1063 1017 1152 bipartito
1039 1085 1142 1130 nemo
1169 1067 1282 1144 eruet,
1308 1085 1349 1128 ea
1376 1084 1456 1127 voce
1483 1084 1554 1128 non

237 1170 380 1258 exprimi
395 1169 488 1256 leges
500 1192 521 1236 a
535 1170 638 1236 Iahve
654 1169 739 1236 latas
752 1168 937 1251 universas,
951 1168 1134 1237 sedunum
1150 1168 1295 1258 aliquod
1307 1169 1553 1236 documentum

235 1276 376 1343 secundi
401 1275 549 1343 foederis
578 1275 854 1342 instrumentum.
884 1279 923 1342 Et
953 1281 1069 1342 tamen
1098 1274 1219 1342 debuit
1251 1273 1339 1341 liber
1367 1274 1554 1364 bipartitus

238 1382 366 1477 habere
395 1381 497 1448 huius
524 1383 663 1450 secundi
689 1381 835 1448 foederis
864 1381 987 1448 iustam
1015 1387 1048 1447 et
1077 1387 1274 1448 accuratam
1300 1381 1550 1461 narrationem,

238 1489 376 1577 qualem
396 1488 502 1555 hahet
520 1489 644 1578 prioris
658 1487 816 1569 foederis,
836 1487 973 1577 qualem
992 1487 1146 1554 habebat
1165 1486 1354 1577 aliquando
1375 1489 1504 1577 peceati
1520 1494 1555 1553 et

238 1594 427 1683 apostasiae
452 1594 666 1662 cadesianae.
694 1599 772 1661 Erat
801 1617 840 1661 ea
871 1594 1062 1661 necessaria
1088 1616 1167 1683 pars
1196 1601 1347 1661 actorum
1375 1595 1491 1681 Moysis
1515 1599 1555 1661 ut

240 1699 474 1783 edoceremur,
497 1701 621 1791 quibus
643 1700 897 1768 conditionibus
919 1707 996 1790 post
1017 1722 1093 1767 eam
1118 1688 1323 1791 apostasiam
1349 1699 1494 1791 populus
1516 1701 1551 1764 in

240 1808 387 1894 gratiam
399 1808 501 1874 labve
512 1807 664 1887 redierit,
679 1811 712 1874 et
724 1830 794 1898 quo
807 1808 879 1873 loco
894 1813 1033 1895 Moyses,
1047 1807 1131 1873 dum
1144 1807 1214 1874 vita
1224 1807 1371 1888 cederet,
1384 1805 1552 1872 Hebraeo-

239 1935 314 1979 rum
335 1935 388 1980 res
410 1913 599 2003 reliquerit.
622 1919 737 2003 Neque
757 1913 948 1981 sufficiehat
967 1936 1008 1981 ea
1029 1914 1192 1994 narratio,
1215 1935 1320 2003 quam
1344 1934 1437 1979 nune
1455 1918 1554 1980 trun-

238 2026 349 2088 catam
375 2020 481 2087 habet
506 2020 652 2088 historia
677 2020 836 2088 foederis.
867 2025 957 2097 Quae
987 2019 1141 2102 historia,
1174 2018 1310 2087 duabus
1339 2018 1553 2085 orationibus

237 2127 355 2214 Moysis
366 2127 520 2195 intimius
531 2128 660 2209 iuncta,
679 2149 756 2195 cum
772 2127 826 2193 his
841 2149 861 2192 a
874 2126 963 2193 libro
981 2125 1145 2216 bipartito
1160 2126 1322 2216 primitus
1335 2130 1409 2192 erat
1424 2125 1550 2207 aliena,

238 2240 340 2319 atque
360 2233 395 2297 in
413 2233 562 2299 eundem
579 2233 766 2321 aliquando
787 2238 837 2298 est
852 2232 1005 2299 immissa
1025 2234 1073 2321 (p.
1097 2238 1140 2297 62
1155 2232 1236 2321 sq).
1255 2236 1371 2320 Neque
1391 2231 1550 2309 obiicias

236 2359 305 2403 non
321 2338 423 2404 tuisse
439 2339 576 2405 eosdem
591 2344 733 2405 eventus
752 2338 945 2404 narrandos
958 2337 1012 2404 bis
1029 2357 1036 2402 :
1053 2338 1158 2427 plura
1177 2339 1271 2404 enim
1287 2339 1323 2403 in
1338 2336 1553 2405 orationibus

236 2444 309 2509 tuse
331 2449 449 2511 narrat
467 2449 602 2531 Moyses,
620 2465 709 2534 quae
724 2445 846 2511 eadem
861 2444 897 2511 in
917 2443 1006 2510 libro
1021 2444 1187 2533 bipartito
1202 2445 1444 2523 narrabantur,
1463 2465 1494 2509 v.
1513 2465 1549 2529 g.

236 2571 399 2635 magnam
421 2551 685 2641 theophaniam,
700 2551 980 2640 superstitionem
1000 2551 1100 2617 vituli
1120 2553 1226 2617 aurei.

282 2656 344 2722 t'bi
362 2657 463 2725 liceat
477 2658 576 2725 nobis
592 2658 747 2747 prolerre
768 2658 1011 2739 coniecturam,
1032 2680 1099 2748 quo
1119 2659 1195 2747 [ere
1212 2657 1291 2723 libri
1311 2656 1467 2747 bipartiti
1479 2655 1552 2722 loco

236 2786 275 2830 ea
297 2765 438 2831 11111111
457 2763 608 2854 foederis
633 2764 787 2832 narratio
809 2765 972 2854 primitus
997 2763 1179 2853 legeretur.
1206 2763 1295 2831 lllud
1314 2764 1441 2854 quippe
1463 2762 1553 2829 inter

236 2870 305 2938 alia
333 2872 434 2937 nobis
459 2873 542 2937 haec
573 2877 688 2938 nostra
714 2872 835 2937 thorae
860 2871 1004 2936 historia
1034 2870 1171 2936 videtur
1200 2871 1352 2951 efficere,
1378 2875 1416 2935 ut
1439 2869 1551 2936 lucem

134 3056 139 3065 .
236 2975 390 3040 affundat
408 2976 566 3065 pluribus
585 2976 844 3065 quaestionibus
868 2975 1136 3043 obscurioribus.
1160 2976 1430 3043 Admirationem
1454 2974 1548 3055 facit,

235 3084 332 3145 Num.
355 3087 518 3159 211111
544 3081 658 3147 iuberi
682 3104 703 3147 a
727 3087 793 3148 Deo
817 3087 950 3169 Moysen
976 3088 1126 3149 montem
1153 3082 1292 3150 Abarim
1325 3082 1551 3149 conscendere

236 3185 457 3268 moriturum,
489 3186 643 3252 mandati
676 3209 757 3254 vero
789 3187 1026 3278 impletionem
1059 3187 1153 3255 illico
1182 3189 1336 3279 differri,
1368 3198 1406 3256 ut
1433 3187 1552 3277 aliqua

188 3312 192 3318 ·
236 3296 358 3380 Moyses
375 3293 513 3379 negotia
531 3296 610 3360 ante
633 3292 801 3382 expediat,
824 3300 944 3362 losuen
962 3294 1120 3362 instituat
1140 3295 1275 3376 ducem,
1298 3293 1549 3383 indulgentiam

235 3405 368 3466 revocet
378 3421 574 3468 concessam
589 3408 691 3467 antea
706 3401 820 3489 quoad
835 3402 1009 3467 minoham
1022 3401 1196 3487 sacrificiis
1209 3401 1418 3481 addendam,
1437 3401 1548 3486 legem

234 3505 360 3573 condat
380 3507 422 3574 de
439 3507 633 3576 irritatione
651 3512 823 3588 votorum,
839 3507 1037 3574 Madianitas
1057 3508 1196 3598 plectat,
1218 3509 1368 3595 regionis
1388 3506 1551 3575 divisioni

235 3612 433 3700 prospiciat.
456 3617 521 3682 Cur
541 3636 611 3681 non
627 3614 780 3704 primum
801 3619 886 3680 111111
906 3614 992 3680 haec
1012 3618 1147 3701 Moysen
1165 3615 1279 3682 facere
1300 3614 1412 3695 iussit,
1429 3627 1550 3703 posteo

233 3717 330 3783 iussit
348 3724 500 3784 montem
522 3721 772 3786 conscendere?
794 3721 826 3786 Si
845 3718 934 3786 illud
958 3719 1161 3787 mandatum
1187 3727 1274 3788 Deus
1299 3720 1394 3789 dedit
1417 3732 1546 3811 sponte,

234 3823 318 3913 quin
347 3824 391 3891 ad
418 3824 503 3890 illud
527 3825 681 3891 dandum
711 3826 935 3893 induceretur
959 3826 1178 3915 quibusdam,
1206 3849 1294 3916 quae
1323 3834 1401 3893 ante
1425 3832 1552 3912 Moyses

235 3930 381 4010 dixisset,
395 3930 552 3998 videatur
566 3936 652 3997 Deus
667 3932 869 3999 mandatum
885 3932 1017 3999 dedisse
1029 3955 1271 4022 praepropere.
1288 3933 1395 4000 Aliter
1409 3931 1549 3997 omnino

235 4059 288 4102 res
305 4037 420 4117 habet,
437 4039 465 4104 si
487 4037 686 4104 mandatum
706 4038 794 4103 illud
811 4039 908 4105 dedit
925 4044 1102 4128 tamquam
1124 4061 1324 4128 responsum
1344 4039 1388 4106 ad
1407 4037 1548 4126 aliquod

235 4143 353 4228 Moysis
377 4144 548 4232 petitum:
576 4142 699 4210 merito
723 4143 925 4211 mandatum
956 4145 1116 4212 continuo
1144 4146 1411 4213 subnectebatur
1430 4145 1547 4235 petito,

236 4249 369 4314 etiamsi
394 4249 547 4316 mandati
574 4250 740 4316 exsecutio
769 4249 814 4315 ob
841 4249 1012 4338 sapientes
1040 4251 1189 4318 rationes
1224 4250 1438 4341 aliquamdiu
1465 4256 1552 4316 esset

235 4354 482 4443 postponenda.
500 4357 551 4422 Ad
571 4378 658 4445 quae
678 4358 733 4421 CN
754 4378 788 4444 p.
811 4361 875 4422 327
892 4357 1211 4446 respondebamus:
1232 4388 1246 4418 «
1270 4362 1407 4446 Moyses
1429 4364 1468 4424 ut
1485 4356 1550 4423 sibi

237 4460 308 4527 dies
334 4463 484 4528 nefastus
509 4461 653 4551 (mortis)
683 4461 873 4544 differatur,
902 4463 1037 4530 efficere
1061 4462 1190 4546 studet;
1217 4471 1349 4545 monet,
1375 4484 1550 4554 superesse

237 4567 412 4654 negotium
441 4574 523 4635 ante
550 4575 695 4634 mortem
724 4568 998 4656 procurandum,
1024 4592 1251 4637 successorem
1280 4570 1547 4657 designandum.

236 4674 295 4740 Cui
315 4675 496 4742 assentitur
514 4681 600 4742 Deus
621 4673 782 4740 mandato
802 4678 900 4742 Mum.
923 4679 1024 4757 2218
1044 4698 1122 4766 sqq.
1144 4682 1246 4767 atque
1265 4699 1302 4742 11
1322 4676 1409 4742 illud
1431 4675 1549 4742 statim
