3366 5346
628 307 718 350 1111.
744 290 901 362 108100.
1364 294 1421 351 007

109 462 231 529 parum
246 446 325 506 sunt
348 463 426 530 pars
441 445 474 506 et
487 438 680 507 haereditas
695 438 894 522 levitarum,
912 444 1015 528 atque
1036 439 1248 505 deeimarum
1270 441 1422 508 decimae

108 551 186 612 sunt
213 546 820 635 111110101010111111100100111111ς
847 568 917 612 non
940 545 1113 625 decimae,
1138 568 1207 611 non
1236 547 1420 635 primitiae,

107 675 175 719 non
199 651 416 719 victimarum
435 653 543 720 lectae
566 655 738 742 portiones
761 653 902 719 veniunt
917 654 1057 718 nomine
1076 653 1182 741 partis
1209 660 1243 719 et
1262 653 1423 720 haeredi·

109 759 197 825 tatis.
217 763 306 843 Ergo
326 782 366 825 ex
387 766 505 827 tencre
526 760 612 846 legis
638 764 737 825 Num.
764 766 925 841 two-bt
947 754 1017 825 tatii
1042 758 1166 824 levitae
1189 782 1291 848 quam
1315 782 1424 827 sacer·

109 864 204 931 dotes
228 888 297 931 non
319 867 423 932 aliam
454 866 586 932 habent
608 865 851 955 possessionem
878 865 914 931 in
936 865 1039 931 lsrael
1065 870 1202 954 praeter
1224 866 1369 947 lahven,
1392 873 1425 933 ct

108 971 418 1039 11011100011011.
442 981 461 1040 a
487 970 595 1039 verba
614 975 716 1039 Num.
745 978 844 1053 1830
870 978 1046 1061 tamquam
1075 971 1177 1037 lahre
1201 972 1340 1038 attatum
1361 973 1426 1038 toti

108 1078 215 1144 tribui
238 1079 317 1146 Levi
344 1079 506 1168 applicat.
528 1102 559 1146 v.
589 1086 645 1146 8«
670 1079 721 1144 Eo
738 1091 889 1167 tenrpore
909 1077 1081 1167 separauit
1099 1106 1114 1138 >r
1132 1077 1234 1144 latiae
1256 1106 1271 1138 a
1300 1079 1426 1145 tribum

109 1185 206 1269 Levi,
229 1197 267 1250 id
289 1197 444 1275 portaret
464 1207 580 1251 aream
599 1183 754 1274 foederis
771 1184 919 1268 Domini,
940 1197 971 1251 et
993 1196 1098 1251 staret
1118 1207 1234 1251 coram
1252 1207 1289 1250 eo
1304 1185 1340 1250 in
1361 1186 1426 1251 mi-

112 1291 265 1373 nisteria,
289 1315 329 1358 ac
347 1291 556 1358 benediceret
572 1291 607 1358 in
621 1292 759 1359 naariae
773 1290 868 1357 illins
889 1313 994 1381 usp-ue
1008 1291 1046 1356 ia
1058 1303 1272 1379 praesentem
1286 1291 1373 1359 aliern
1393 1320 1423 1357 r.

110 1420 142 1465 v.
166 1405 185 1464 0
208 1425 224 1459 «
249 1401 473 1478 Quamobrem
491 1421 561 1465 non
576 1399 697 1465 habirit
717 1397 797 1465 Leri
810 1410 948 1488 partem
964 1419 1072 1487 nepae
1085 1398 1332 1487 possessionem
1350 1421 1425 1465 erun

108 1503 277 1590 fratribus
291 1504 363 1572 suis
380 1527 387 1571 :
405 1504 488 1594 puio
499 1505 571 1595 ipse
582 1505 750 1571 Doniirms
761 1505 929 1594 possessio
945 1504 1017 1570 cias
1034 1517 1098 1583 cst,
1117 1504 1204 1571 siccet
1219 1504 1382 1594 promisit
1394 1506 1427 1570 ei

111 1611 278 1676 Darnirms
292 1614 381 1677 Deus
396 1626 476 1677 terris
495 1638 525 1678 ».
548 1617 596 1678 lta
612 1611 686 1701 ipse
699 1611 777 1678 Levi
802 1616 1064 1678 monumentum
1086 1611 1192 1677 veluti
1218 1611 1257 1677 fit
1277 1611 1426 1679 restituti

109 1716 273 1795 foedarim
288 1739 359 1784 non
375 1717 484 1799 enim,
501 1718 566 1784 nisi
591 1718 777 1785 certissime
793 1719 858 1785 hoe
872 1717 993 1784 foedus
1012 1723 1100 1783 esset
1121 1718 1328 1795 restitutum,
1347 1717 1426 1783 Levi

110 1822 335 1889 renuntiasset
351 1825 613 1912 possessionem,
632 1847 720 1912 quac
736 1823 789 1889 illi
802 1823 894 1890 inter
908 1825 1029 1889 tratres
1046 1825 1121 1890 iure
1138 1823 1326 1909 obtigisset.

155 1933 220 1994 Sua
249 1929 389 1995 tandem
420 1930 659 1996 intercessione
687 1954 707 1996 a
736 1932 839 1996 lahve
868 1928 1103 1995 misericordia
1129 1929 1279 1995 obtinuit
1302 1933 1426 2016 tloyses

109 2034 245 2100 veniam
266 2034 386 2124 populi
405 2035 440 2101 in
459 2041 587 2102 terram
607 2037 810 2126 promissam
833 2034 1039 2102 deducendi.
1067 2035 1156 2101 Nihil
1174 2035 1281 2120 igitur
1295 2034 1333 2100 in
1350 2034 1426 2100 uni-

111 2142 216 2206 versis
237 2139 280 2207 ad
303 2146 455 2208 montem
482 2140 593 2209 Horeb
620 2141 705 2208 actis
726 2148 791 2223 est,
815 2141 906 2231 quod
926 2141 1074 2231 populus
1100 2162 1179 2207 suae
1201 2141 1348 2207 iustitiae
1373 2163 1427 2206 ac-

111 2251 248 2335 ceptum
267 2247 420 2314 tribuere
441 2249 556 2338 possit.
578 2248 678 2316 Redit
698 2272 728 2314 v.
759 2256 798 2314 10
819 2248 928 2314 oratio
950 2249 1051 2312 tertio
1077 2247 1182 2333 (ais.
1210 2247 1266 2335 25)
1287 2247 1332 2313 ad
1348 2269 1425 2314 ean-

110 2351 187 2418 dem
208 2354 325 2441 tloysis
342 2354 618 2421 intercessionem
647 2375 654 2423 :
681 2354 763 2444 quid
786 2360 923 2444 praeter
939 2358 1018 2420 ante
1042 2354 1150 2443 petita
1171 2352 1423 2441 efflagitaverit,

112 2461 295 2525 ostendunt
311 2462 367 2526 Dei
381 2483 413 2526 v.
436 2468 473 2527 11
494 2462 611 2528 verba.

156 2588 187 2629 v.
209 2574 247 2631 10
269 2594 283 2625 «
301 2568 375 2654 Epa
391 2579 505 2632 autem
524 2566 603 2632 steti
625 2566 660 2630 in
683 2579 796 2631 acerete
811 2566 901 2631 sicut
909 2567 1026 2654 prim,
1048 2566 1285 2655 paredrupinta
1308 2565 1427 2631 diebus

92 2693 151 2736 erc
180 2671 366 2739 noctibas:
397 2671 638 2760 caarrdieitqae
669 2671 907 2737 psalleremus
932 2671 1120 2737 ericinam
1149 2672 1220 2736 eice
1252 2699 1267 2731 rr
1300 2671 1356 2758 (ct.
1382 2672 1426 2736 ad

112 2778 216 2862 aar).
241 2804 257 2836 «
279 2791 310 2843 et
330 2789 361 2844 te
377 2777 523 2868 perdere
539 2777 652 2844 aalide
675 2805 704 2844 ».
729 2781 885 2843 Extrema
908 2777 1016 2863 igitur
1030 2777 1188 2866 pericope
1206 2776 1332 2865 repetit
1351 2799 1426 2842 ora-

111 2889 163 2948 tor
178 2883 282 2968 illud,
298 2884 392 2974 quod
405 2884 555 2951 eiusdem
569 2883 667 2967 initio
683 2890 762 2965 9,Ξό
777 2905 854 2950 cum
872 2882 1028 2972 emphasi
1037 2884 1280 2965 affirmaverat,
1296 2889 1425 2972 quanto

111 3010 157 3056 sc.
183 2990 249 3056 sibi
270 2990 473 3069 constiterit,
496 2998 533 3057 ut
558 2990 660 3057 lahve
685 3011 769 3077 erga
793 2990 960 3057 llebraeos
984 2991 1132 3076 gratiam
1153 2989 1422 3075 redintegraret;

111 3118 314 3185 rursumque
337 3098 486 3164 affirmat
515 3097 663 3164 faustum
687 3119 767 3164 suae
787 3096 1039 3163 intercessionis
1062 3096 1231 3176 ellectum.
1261 3100 1318 3162 Est
1339 3097 1425 3162 haec

110 3201 197 3269 iusta
210 3203 381 3292 quaedam
402 3203 553 3294 captatio
575 3203 850 3283 benevolentiae,
877 3202 935 3270 sed
957 3204 1169 3293 potissimum
1187 3204 1350 3269 iuvantur
1364 3207 1425 3267 lle-

112 3308 224 3392 braei,
253 3316 290 3375 ut
317 3316 523 3397 agnoscant,
550 3317 699 3399 quantae
730 3309 918 3376 iniustitiae
951 3309 1034 3397 (aa)
1067 3311 1114 3375 rei
1150 3309 1290 3374 fuerint.
1322 3332 1352 3373 v.
1385 3315 1421 3374 11

115 3445 128 3471 ι(
156 3416 320 3504 Diritpue
346 3416 430 3482 mibi
454 3440 464 3482 .·
494 3415 584 3482 Vade
613 3430 645 3482 et
676 3415 842 3505 praecede
868 3416 1055 3505 populum,
1084 3428 1120 3480 art
1150 3412 1366 3501 inprediatur
1394 3426 1425 3477 et

108 3520 281 3608 possideat
309 3536 446 3605 terram,
471 3545 575 3611 qaam
597 3522 712 3588 iuraui
729 3522 889 3611 patribus
918 3543 1033 3586 eoram
1066 3531 1104 3585 at
1133 3518 1301 3585 traderem
1329 3517 1377 3584 eis
1394 3544 1424 3585 a.

112 3626 170 3691 1110
183 3649 300 3693 versus
313 3629 535 3709 verbotenuS,
553 3633 723 3717 quatenus
744 3629 781 3695 id
796 3627 1001 3716 compendio
1017 3626 1091 3692 fieri
1111 3630 1237 3715 potest,
1256 3625 1427 3692 0101111111

112 3733 232 3797 finium
251 3738 362 3801 101110
382 3735 569 3823 promissae
591 3734 836 3823 descriptione,
853 3734 978 3823 repetit
1008 3739 1062 3813 1‚7
1086 3754 1153 3821 sq.,
1177 3738 1211 3799 ct
1228 3754 1296 3798 non
1319 3753 1427 3820 aeque

110 3839 316 3906 verbotenus
333 3844 389 3907 Ex.
415 3846 507 3921 33,1‚
531 3846 633 3928 atque
657 3841 705 3905 ita
724 3840 884 3930 pericope
910 3845 1107 3921 9,25-1a,11
1127 3838 1284 3928 perducit
1306 3860 1425 3904 narra-

111 3945 237 4012 tionem
257 3945 301 4011 ad
311 3947 397 4014 illud
412 3946 567 4036 praecise
582 3953 767 4035 punctum,
788 3946 880 4012 unde
900 3953 953 4026 1,·1
969 3945 1064 4011 illam
1080 3945 1271 4012 continuat.

153 4052 297 4119 Attende
319 4055 455 4120 veroin
481 4053 533 4119 his
552 4052 713 4119 omnibus
734 4050 849 4140 lloysis
875 4057 1129 4139 argumentum.
1162 4051 1224 4129 Qui
1249 4058 1422 4133 0,1-10,11

110 4159 145 4224 in
161 4181 200 4225 eo
216 4165 280 4242 est,
298 4165 335 4226 ut
359 4159 521 4226 Hebraeis
536 4159 704 4241 inculcet,
733 4180 802 4225 non
818 4158 863 4225 ob
879 4179 999 4226 eorum
1025 4144 1191 4226 iustitiam
1207 4180 1264 4223 eos
1283 4181 1303 4224 a
1325 4157 1425 4224 lahve

112 4265 236 4332 electos
257 4289 346 4349 esse,
372 4268 468 4333 euius
499 4267 547 4333 rei
570 4265 811 4352 irrefragabile
840 4265 1084 4332 documentum
1108 4263 1279 4354 plurimae
1305 4286 1424 4331 eorum

112 4378 190 4436 sunt
208 4372 410 4455 iniustitiae,
428 4395 468 4440 ea
484 4372 700 4462 potissimum
725 4392 831 4461 quam
851 4373 887 4437 in
904 4373 976 4462 ipsa
999 4370 1146 4437 foederis
1166 4371 1203 4437 in
1225 4377 1342 4437 monte
1358 4375 1425 4436 llo-

113 4475 174 4541 reb
198 4478 369 4546 sanctione
397 4479 614 4545 admiserant.
644 4483 759 4568 lpsum
778 4479 906 4545 laetum
930 4484 1056 4565 lloyses
1080 4484 1265 4564 exaggerat
1290 4482 1421 4557 att-21,

114 4582 186 4648 eius
201 4585 403 4669 gravitatem
419 4585 598 4653 confirmat
618 4585 850 4652 demonstrata
870 4584 962 4651 trina
985 4583 1239 4663 intercessione,
1254 4605 1322 4671 qua.
1336 4580 1423 4645 illud

113 4688 177 4755 sibi
199 4689 300 4756 suerit
321 4692 561 4782 reparandum.
586 4697 708 4759 l'crum
736 4693 848 4782 ipsum
873 4696 1116 4778 argumentum
1136 4689 1177 4755 de
1193 4688 1423 4754 Hebraeorum
