3366 5346
262 317 321 379 ⁴3ss
813 327 911 372 venas
933 325 1039 373 rosus-1
1127 366 1130 372 .

261 467 376 550 betas,
392 463 474 532 dein
504 469 574 530 tam
600 470 742 528 nervose
768 459 1008 550 amplificatas,
1025 463 1063 526 ut
1083 459 1128 526 iis
1152 482 1171 526 e
1193 459 1322 549 scripto
1347 457 1502 525 recitatis
1527 479 1588 525 rex

261 572 363 640 losias
387 592 467 639 cum
491 568 648 636 universo
671 567 798 658 populo
823 572 954 634 terrore
980 566 1160 656 perculsus
1182 565 1226 633 ad
1248 565 1423 632 efficacem
1445 580 1588 632 morum

261 677 541 746 reformationem
561 675 608 743 sit
625 674 834 764 perductus?
848 672 974 752 Quodsi
989 671 1054 739 tibi
1071 672 1117 739 ob
1128 673 1247 740 oculos
1259 693 1368 761 ponas
1378 671 1492 762 ipsam
1506 671 1588 739 tho·

261 808 335 853 ram
349 789 503 866 6,1-7,11
522 782 578 849 vel
599 786 791 864 5‚1-11‚3s,
809 780 993 871 perspicies
1012 798 1088 869 cap.
1110 785 1153 848 28
1177 779 1252 845 eius
1268 799 1341 845 esse
1365 777 1586 868 aptissimum

259 891 450 982 epilogum,
478 911 554 979 cap.
584 894 627 954 27
653 888 809 955 nonita.
841 889 920 977 Cap.
950 892 992 954 28
1019 885 1179 953 uniuersa
1207 883 1373 951 mandata
1401 883 1519 952 tiarae
1545 884 1588 952 in

259 1003 373 1066 mente
394 997 539 1079 habens,
561 994 597 1062 in
618 994 692 1062 eius
713 993 897 1061 violatores
916 992 1069 1084 primum
1091 1015 1125 1059 v.
1144 999 1243 1061 1549
1266 991 1458 1060 uniuersale
1475 991 1587 1060 male-

259 1103 392 1172 dictum
407 1104 485 1186 fert,
502 1102 540 1172 in
561 1101 648 1170 urbe
661 1106 695 1169 et
714 1101 751 1169 in
772 1122 870 1189 agro,
892 1099 929 1167 in
944 1100 1106 1188 frugibus
1118 1104 1151 1167 et
1166 1100 1203 1167 in
1221 1097 1407 1189 partubus,
1429 1098 1532 1166 initio
1550 1105 1586 1167 et

258 1213 295 1279 in
319 1212 388 1277 fine
419 1209 566 1276 cuiusvis
594 1194 746 1298 incoepti
773 1207 1036 1289 incurrendam;
1062 1205 1145 1273 dein
1174 1205 1247 1273 eius
1276 1211 1348 1273 tam
1377 1204 1586 1309 universalis

262 1316 435 1385 maledicti
449 1315 563 1382 varios
574 1327 607 1383 et
622 1313 898 1382 accuratissimos
911 1314 1055 1404 effectas
1068 1311 1369 1380 vehementissime
1380 1316 1582 1399 exaggerat.

260 1429 425 1506 arae-m
445 1421 673 1490 summarium
692 1421 928 1506 maledictum,
945 1419 1018 1487 sola
1040 1442 1124 1488 voce
1144 1447 1160 1480 «
1180 1419 1383 1486 maledictus
1404 1446 1421 1481 »
1442 1441 1584 1509 expres·

257 1552 345 1614 sum,
366 1528 563 1596 nullatenus
588 1527 810 1618 explicatum,
828 1526 1033 1618 pronuntiat
1049 1525 1201 1617 primum
1226 1525 1265 1592 in
1288 1526 1583 1615 praevaricatores

257 1634 502 1704 mandatorum
523 1656 593 1701 non
613 1635 764 1700 omnium
783 1634 844 1701 sed
861 1632 1019 1701 undecim
1041 1637 1186 1717 tantum,
1207 1654 1277 1699 non
1297 1630 1583 1722 pravissimorum

259 1740 468 1831 (idololatria
498 1744 645 1822 secreta,
673 1741 787 1807 honor
816 1746 1016 1831 parentum,
1041 1739 1243 1807 reverentia.
1269 1759 1447 1807 caecorum
1476 1740 1580 1826 etc.);

257 1847 352 1937 quod
373 1845 594 1914 maledictum
613 1850 764 1915 extrema
780 1845 921 1914 tandem
943 1868 1044 1914 versu
1064 1844 1110 1913 ad
1131 1851 1239 1913 totam
1262 1845 1398 1913 tharam
1421 1843 1582 1912 extendi·

256 1959 325 2021 tur.
346 1957 466 2020 Nonne
490 1952 670 2037 fateberis,
692 1974 767 2043 cap.
788 1959 831 2021 28
853 1974 925 2020 esse
944 1952 1065 2020 thorae
1095 1952 1272 2042 epilogum
1290 1951 1579 2035 efficacissimum,

257 2083 333 2151 cap.
354 2066 397 2127 27
413 2060 627 2127 inefficacem
641 2061 781 2150 potius?
1366 2128 1370 2138 ,

301 2174 334 2235 6.
354 2166 532 2244 Quomodo
553 2165 674 2234 eadem
697 2166 888 2233 cohaerent
904 2187 982 2233 cum
1005 2166 1164 2233 universo
1191 2164 1358 2233 orationis
1376 2165 1581 2256 proposita?

257 2272 367 2342 Habes
390 2274 581 2341 orationem
602 2295 677 2362 cap.
700 2278 794 2354 5-11‚
811 2273 917 2338 solam
938 2272 995 2338 vel
1015 2272 1225 2340 collectaneo
1246 2277 1398 2356 aucmm,
1420 2278 1579 2362 quaeest

258 2381 300 2448 de
322 2379 495 2448 mandatis
514 2379 558 2446 ab
582 2378 705 2446 lsraele
725 2377 967 2461 observandis;
984 2378 1092 2446 habes
1113 2401 1189 2469 cap.
1212 2385 1255 2447 28
1277 2399 1369 2469 sqq,
1387 2401 1475 2470 quae
1497 2384 1580 2446 sunt

242 2489 300 2555 ¹de
314 2487 478 2578 praemiis
499 2485 741 2554 mandatorum
760 2491 974 2553 servatorum
988 2490 1023 2552 et
1039 2485 1160 2576 poenis
1179 2485 1423 2553 mandatorum
1438 2485 1579 2573 neglec-

256 2600 371 2662 torum
396 2613 404 2661 :
425 2592 613 2661 bellissime
629 2593 814 2660 cohaerent
833 2593 962 2660 omnia.
982 2596 1236 2683 lnexspectatus
1254 2592 1438 2661 intercedit
1462 2598 1579 2660 orator

257 2707 494 2783 sulcatus,
510 2722 572 2767 sua
584 2700 790 2790 praelegens
800 2698 1006 2767 documenta
1018 2721 1026 2769 :
1040 2699 1259 2789 abrumpitur
1272 2697 1435 2768 orationis
1448 2698 1575 2767 unitas.

303 2814 332 2875 7.
352 2813 419 2876 Nec
439 2806 528 2873 solas
546 2811 722 2874 contextus
743 2806 850 2873 habet
869 2804 1092 2873 difficultates
1109 2827 1117 2874 :
1134 2805 1325 2896 impeditus
1344 2811 1394 2874 est
1406 2805 1480 2896 ipse
1503 2819 1577 2875 tea-

258 2928 323 2980 tus.
342 2917 408 2979 Cur
432 2913 545 2979 media
569 2913 657 2979 inter
684 2918 811 2980 statuta
833 2911 876 2978 de
905 2912 1050 2998 agendis
1075 2935 1183 3003 prope
1209 2918 1345 2981 montes
1370 2911 1517 2981 Gerizim
1543 2920 1579 2980 et

258 3017 366 3085 llebal
388 3018 620 3106 interponitur
644 3041 675 3083 v.
699 3025 718 3085 9
744 3040 795 3108 sq.
822 3017 1040 3085 breviuscula
1063 3018 1124 3086 illa
1145 3018 1371 3089 adhortatio:
1395 3045 1411 3081 a
1428 3019 1578 3087 Attende

258 3122 405 3201 standi,
428 3123 529 3188 lsrael
551 3128 615 3188 ete.
640 3127 679 3190 »t
698 3128 785 3190 Num
809 3123 890 3190 satis
912 3146 983 3191 non
1007 3123 1230 3191 attendebant
1250 3147 1329 3193 cum
1351 3125 1476 3214 vulgus
1500 3131 1577 3195 tum

258 3229 325 3321 ipsi
338 3229 541 3312 sacerdotes,
559 3227 643 3295 dum
663 3234 788 3317 lloyses
802 3230 991 3321 pericopen
1004 3253 1036 3298 v.
1057 3237 1111 3299 1-8
1127 3232 1395 3321 pronuntiabat?
1408 3235 1475 3300 Cur
1489 3256 1521 3300 v.
1540 3241 1577 3301 1-

259 3343 279 3405 8
309 3341 438 3425 lloyses
465 3333 660 3425 specialiter
685 3334 871 3426 alloquitur
902 3336 1066 3419 seniores,
1090 3360 1122 3404 v.
1157 3346 1177 3406 9
1205 3360 1257 3428 sq.
1281 3338 1494 3407 sacerdotes?
1511 3341 1576 3419 Qui

257 3444 361 3513 etiam
389 3441 579 3512 sacerdotes
604 3443 740 3510 Levitae
765 3442 974 3527 scribuntur,
999 3444 1094 3535 quod
1120 3445 1321 3513 collectanei
1344 3445 1476 3513 idioma
1500 3469 1575 3515 esse

257 3557 473 3640 compertum
498 3549 686 3617 habemus?
706 3552 771 3617 Cur
792 3548 932 3623 tandem
950 3573 983 3617 v.
1008 3557 1111 3619 15-26
1134 3551 1394 3620 maledictiones
1416 3551 1576 3621 feruntur

257 3657 296 3722 in
310 3678 426 3744 pauca
441 3656 559 3744 aliqua
577 3660 729 3745 peccata,
747 3677 855 3746 eaque
867 3655 1083 3745 potissimum
1097 3659 1249 3726 secreta?

261 3824 263 3829 ,
302 3766 340 3829 ln
369 3783 438 3851 qua
464 3760 596 3828 nodosa
628 3761 825 3852 quaestione
851 3761 1036 3830 enodanda
1061 3765 1224 3855 aequiore
1253 3766 1429 3835 constituti
1456 3789 1576 3837 sumus

256 3869 342 3953 loco,
360 3890 467 3958 quam
498 3868 606 3934 critici
632 3868 801 3936 moderni.
822 3870 873 3953 lli,
888 3869 1090 3964 collectanei
1114 3871 1230 3941 indole
1253 3872 1348 3941 haud
1372 3879 1572 3965 perspecta,

257 3976 300 4045 de
321 3974 566 4066 compositione
592 3978 686 4042 Dent.
711 3996 801 4061 vaga
824 3981 859 4043 et
877 3974 1109 4046 discordantia
1130 3980 1311 4069 proferunt
1324 3979 1467 4072 placita;
1483 4003 1574 4070 quo-

256 4102 334 4147 rum
353 4080 462 4170 aliqui
481 4080 517 4148 in
537 4079 811 4171 desperationem
833 4082 899 4150 acti
917 4082 1048 4151 nodum
1067 4083 1154 4152 solvi
1173 4086 1315 4154 omnino
1338 4107 1433 4177 posse
1452 4084 1575 4179 despe-

256 4190 345 4267 rant,
369 4186 612 4255 additamentis
639 4187 950 4256 additamentornm
974 4191 1213 4261 absorbentur.
1235 4198 1299 4261 Nos
1322 4194 1573 4263 collectaneum

255 4289 458 4380 profitemur
483 4316 554 4362 esse
578 4317 646 4361 non
667 4294 799 4383 lloysis,
816 4294 876 4363 sed
901 4297 1068 4366 Samuelis
1093 4300 1253 4383 auctoris,
1273 4301 1478 4391 profitemur
1499 4323 1574 4372 esse

254 4395 400 4464 eandem
416 4397 513 4465 illam
532 4398 646 4487 legem
662 4403 776 4489 regni,
791 4424 897 4493 quam
919 4409 935 4469 1
958 4407 1043 4491 Reg.
1063 4413 1163 4488 10,25
1184 4407 1321 4475 Samuel
1340 4413 1502 4478 narratur
1515 4409 1574 4478 in-

251 4505 396 4573 seruisse
410 4503 501 4572 libro
521 4507 650 4594 ltoysis.
671 4510 892 4598 Compertum
911 4508 994 4577 itam
1011 4509 1180 4580 habemus
1198 4537 1216 4581 e
1235 4519 1298 4582 los.
1316 4521 1431 4600 Mt,
1449 4521 1573 4585 losuen

254 4637 271 4674 a
291 4611 397 4681 verba
418 4640 436 4677 »
455 4613 625 4704 quaedam
641 4612 755 4680 eidem
777 4614 867 4682 libro
887 4616 1080 4687 inseruisse.
1098 4622 1180 4687 Cum
1200 4620 1309 4709 igitur
1333 4622 1491 4713 pericope
1511 4630 1571 4710 26,

254 4724 413 4804 scaras
426 4743 539 4813 neque
553 4721 598 4791 sit
610 4720 812 4790 collectanei
823 4723 988 4791 Samuelis
1000 4725 1227 4813 continuatio,
1240 4751 1355 4820 neque
1368 4729 1450 4798 satis
1462 4729 1572 4823 adap-
