3366 5346
253 303 313 363 390
703 317 935 362 contaminem
957 316 1116 362 sannaus.

252 461 420 543 veriores3
447 458 497 526 uti
521 459 677 527 Philonis
697 458 741 525 in*
757 460 812 525 his
838 459 998 526 omnibus
1016 458 1188 526 cernentis
1211 461 1419 543 argumenta
1444 453 1577 520 amoris

253 567 318 634 viri
336 589 419 653 erga
443 565 643 646 mulierem;
672 569 729 631 Dr.
750 564 1009 654 interpretantis
1034 565 1139 631 ritum
1162 554 1364 652 symbolice,
1386 560 1577 628 mulierem

254 696 322 741 non
339 673 486 762 amplius
501 694 576 739 esso
598 671 806 755 destitutam,
823 673 882 739 sed
904 672 1033 738 salvam
1054 693 1125 738 esse
1144 670 1208 737 sub
1231 668 1339 736 tutela
1360 667 1492 749 mariti,
1515 690 1577 735 no·

254 802 333 848 vam
356 780 443 846 inire
469 779 574 846 vitam
597 800 675 846 cum
698 777 829 868 populo
854 779 973 845 electo.
1003 807 1018 839 «
1042 779 1088 843 Et
1110 788 1229 867 postea
1249 774 1395 842 intrabis
1415 773 1465 841 ud
1483 797 1591 867 eutii,-

254 886 468 975 dormiesque
489 907 567 952 eum
591 884 664 969 illa,
681 897 713 951 et
733 885 798 952 erit
811 908 900 952 eruor
921 898 983 952 tuo
1003 912 1034 951 u.
1061 908 1093 950 v.
1121 889 1161 950 u
1190 911 1206 944 «
1228 882 1269 951 Si
1286 896 1401 949 orclem
1427 883 1575 972 [postea]

254 1016 323 1059 uon
342 992 467 1059 sederit
486 992 603 1058 animo
623 1003 680 1057 tuo
697 1019 727 1074 »,
742 1030 787 1041 -
805 990 906 1058 Hebe.
930 1015 937 1057 :
956 989 1213 1079 conplacuerit
1235 987 1299 1055 tibi
1320 1029 1365 1038 -
1388 988 1576 1055 «dimittes

254 1122 330 1168 eum
350 1099 490 1166 liberam
511 1127 542 1180 »,
560 1135 604 1148 -
619 1101 720 1164 Hebr.
739 1087 846 1164 nesab
863 1097 941 1186 (lor.
959 1098 1091 1186 autc),
1110 1120 1173 1187 pro
1187 1095 1321 1186 placito
1338 1118 1419 1178 suc,
1436 1103 1475 1163 ut
1488 1118 1575 1185 quo·

255 1229 390 1295 cunque
410 1204 578 1297 placuerit
600 1227 640 1271 eo
656 1204 757 1271 abeat
771 1244 815 1253 —
830 1232 846 1266 a
864 1226 926 1272 nec
947 1204 1091 1271 uendere
1107 1203 1242 1294 poteris
1258 1203 1421 1291 pecunia,
1439 1225 1501 1269 ricc
1518 1225 1577 1291 op-

251 1312 400 1403 primere
419 1311 491 1404 [pier
506 1311 726 1402 potentioml,
746 1310 831 1400 quio
850 1309 1044 1377 buticiliusti
1058 1333 1134 1377 eum
1151 1338 1166 1371 »
1184 1310 1234 1376 illi
1251 1309 1488 1376 concumbens.

296 1435 339 1483 aa
355 1434 467 1488 annun
481 1409 519 1483 ub
538 1437 544 1479 :
559 1417 786 1509 expressionis
800 1440 918 1485 sensus
930 1418 1092 1484 incertus.
1106 1419 1198 1484 LXX
1210 1419 1376 1500 ἀθετήσεις,
1393 1438 1463 1483 non
1478 1415 1576 1482 incu-

180 1534 181 1539 ’
255 1524 381 1592 lidebis
406 1548 492 1592 eam.
515 1523 635 1593 ctatd.
658 1525 736 1611 Syr.
754 1546 824 1590 non
845 1523 1076 1590 moechaberis
1094 1546 1172 1590 crim
1194 1545 1233 1589 eu
1253 1523 1287 1611 (a
1302 1538 1360 1596 ut,
1376 1545 1447 1591 non
1465 1546 1486 1589 a
1501 1537 1574 1591 tau,

255 1637 485 1699 mercaturam
507 1635 637 1718 agere),
664 1630 806 1699 Lexioon
833 1631 892 1719 (cf.
914 1631 991 1719 Dr.)
1012 1629 1159 1696 maxime
1180 1631 1271 1696 favet
1296 1629 1444 1697 versioni
1470 1629 1589 1718 l'ulqss

255 1742 342 1807 Nota
365 1744 515 1804 extremo
529 1738 634 1805 inciso
654 1760 722 1804 non
743 1737 891 1827 praefigi
909 1737 1069 1827 copulam
1090 1738 1132 1827 (c.
1154 1739 1250 1824 Sym
1274 1737 1372 1826 Vulp.
1396 1735 1483 1825 nee).
1502 1740 1573 1825 Op-

256 1851 432 1934 ponuntur
445 1844 537 1911 inter
552 1867 600 1924 se,
618 1843 798 1911 interiecta
812 1844 949 1934 copula,
965 1843 1135 1910 dimittere
1150 1842 1294 1909 liberam
1306 1851 1341 1909 et
1354 1841 1495 1910 vendere
1507 1865 1574 1932 pro

256 1964 416 2041 erpeium
434 1951 515 2018 dein
533 1950 628 2018 aliud
640 1952 712 2018 siue
731 1949 855 2040 copula
866 1950 1093 2035 subnectitur,
1111 1956 1285 2017 externam
1299 1932 1506 2016 dimissionis
1521 1971 1576 2016 re·

255 2057 384 2126 tionem
406 2058 625 2126 describens:
649 2080 716 2124 non
737 2063 788 2124 est
808 2057 870 2123 illa
892 2057 1018 2125 mulier
1036 2080 1169 2147 aspere,
1187 2057 1356 2124 inurbane
1381 2055 1573 2135 tractanda,

256 2165 423 2232 violenter
442 2170 569 2232 etcum
584 2164 748 2253 obloquio
764 2163 947 2245 eiicienda,
968 2164 1029 2231 sed
1051 2162 1256 2231 dimittenda
1274 2162 1397 2248 amice,
1415 2163 1508 2252 quod
1528 2161 1573 2228 ad

258 2271 419 2360 copulam
433 2270 648 2356 coniugalem
666 2270 770 2336 fuerit
784 2270 945 2337 admisse.

472 2469 525 2530 18.
552 2467 622 2530 Lea
645 2462 687 2530 de
711 2463 786 2529 iure
806 2463 1035 2554 prt'ntoqeniti
1057 2467 1159 2531 Dent.
1184 2471 1359 2548 21‚15-17.

302 2663 386 2750 Arq.
410 2699 455 2709 —
475 2659 725 2746 Primogenitus
752 2683 820 2728 non
845 2667 897 2728 est
918 2660 1052 2729 iuribus
1072 2659 1366 2750 primogeniturae
1386 2659 1576 2750 privandus

258 2768 348 2849 ideo,
366 2766 456 2856 quod
476 2767 518 2832 sit
537 2766 630 2832 tilius
647 2766 759 2832 uxoris
774 2767 889 2833 minus
903 2766 1060 2834 dilectae.

303 2879 390 2941 Haec
404 2874 468 2954 lex,
483 2873 533 2938 uti
554 2874 643 2939 aliae
670 2872 841 2961 quaedam
864 2873 901 2940 in
920 2874 984 2940 hac
1001 2873 1218 2954 collectione,
1241 2894 1311 2939 non
1338 2878 1448 2941 totam·
1471 2880 1577 2940 mate-

259 2982 347 3046 riam
378 2984 578 3068 pertraotat,
608 2978 666 3044 sed
693 2980 844 3067 complet
871 2984 1018 3046 tantum.
1042 2981 1217 3046 Sententia
1245 2978 1367 3047 iudicis
1400 2978 1576 3050 excidebat

260 3086 351 3151 filius
368 3085 502 3151 iuribus
518 3084 827 3172 primogeniturae,
843 3086 975 3174 quoties
990 3087 1035 3153 ob
1052 3086 1238 3152 admissum
1255 3085 1396 3176 aliquod
1411 3086 1576 3154 delictum

261 3189 554 3258 condemnabatur
576 3189 621 3255 ad
643 3196 790 3256 mortem
813 3191 948 3259 civilem
966 3192 997 3280 (a
1020 3193 1147 3282 peribit
1167 3193 1283 3260 anima
1300 3192 1361 3260 illa
1380 3193 1422 3260 de
1447 3194 1578 3284 populo

261 3321 321 3367 suo
338 3297 385 3387 x).
407 3297 563 3364 Fueritne
583 3297 673 3386 patri
688 3296 783 3387 apud
798 3298 966 3365 Hebraeos
980 3301 1043 3382 faa,
1063 3299 1164 3366 etiam
1184 3299 1257 3366 sine
1273 3299 1396 3367 iudicis
1410 3302 1577 3368 sententia

261 3406 326 3473 illis
345 3403 478 3471 iuribus
497 3405 633 3494 privare
654 3403 765 3471 filium
785 3404 829 3471 ob
845 3404 989 3494 aliquod
1007 3406 1186 3488 delictum,
1203 3406 1253 3472 uti
1268 3407 1368 3473 lacob
1385 3407 1579 3497 privaverat

262 3513 457 3595 Rubenum,
473 3513 684 3598 ignoramus.
708 3514 803 3578 Certe
822 3512 912 3579 illud
928 3513 1087 3602 prohibet
1104 3514 1188 3581 haeo
1210 3514 1275 3597 lex,
1294 3537 1336 3581 ne
1355 3514 1579 3605 primogeniti

261 3621 338 3686 iura
360 3619 611 3685 transferantur
638 3617 682 3683 ob
706 3618 814 3684 solam
844 3619 1160 3708 praedilectionem.
1189 3624 1355 3688 Consonat
1375 3643 1415 3688 ea
1436 3621 1579 3688 omnino

261 3730 373 3792 rectae
395 3724 518 3791 rationi
540 3746 547 3792 :
570 3746 639 3790 non
659 3730 776 3792 tamon
797 3727 886 3792 hanc
906 3727 1063 3813 regulam
1085 3733 1220 3793 secutus
1238 3735 1288 3794 ost
1310 3727 1420 3805 Iacob,
1439 3727 1578 3817 quando

261 3832 455 3922 losephum,
478 3829 587 3897 filium
604 3832 716 3896 uxoris
733 3830 889 3914 dilectae,
907 3832 1067 3899 omnibus
1087 3832 1196 3899 modis
1216 3834 1380 3923 praetulit
1398 3834 1575 3903 fratribus,

262 3963 294 4006 v.
314 3946 354 4007 15
380 3967 396 3999 «
420 3936 460 4004 Si
482 3935 640 4002 habitarit
662 3935 761 4002 botrio
784 3961 906 4005 terrores
930 3937 1030 4023 duur,
1056 3961 1161 4005 tticum
1186 3938 1348 4006 dilectum
1375 3952 1408 4005 et
1431 3939 1578 4007 alteram

264 4044 418 4112 odiosam
437 4072 452 4105 »
470 4038 528 4131 (if.
547 4046 627 4108 Gen.
643 4048 744 4123 2930
760 4066 830 4132 sq.;
850 4051 864 4109 1
881 4049 964 4131 Reg.
986 4045 1068 4134 1,5),
1085 4074 1100 4106 «
1116 4046 1369 4136 qeitucriutque
1387 4070 1429 4114 ea
1445 4070 1482 4113 eo
1496 4045 1578 4113 libe·

263 4173 330 4230 ros,
350 4164 382 4216 et
395 4150 503 4239 fecerit
525 4147 622 4237 filius
640 4147 776 4214 odiosae
795 4151 1050 4240 primoqenitus
1069 4181 1097 4239 n,
1117 4175 1149 4218 v.
1171 4159 1211 4219 16
1231 4181 1246 4213 «
1270 4148 1482 4243 uolueritque
1500 4181 1516 4215 x
1535 4193 1579 4204 -
1668 4170 1674 4191 ¹

264 4259 366 4323 Hebr.
393 4276 401 4322 ε
429 4254 634 4344 inertiaque
660 4254 790 4321 diuidet
815 4277 822 4324 :
847 4263 1010 4324 statutum
1035 4259 1127 4327 hunc
1154 4281 1260 4325 unum
1284 4267 1398 4327 actum
1427 4260 1577 4351 respicit,

263 4362 364 4431 simul
379 4366 493 4427 tamen
508 4361 627 4428 incitat
642 4363 792 4446 maritos,
808 4370 846 4430 ut
863 4387 972 4455 aeque
987 4371 1020 4432 et
1035 4388 1104 4432 non
1119 4365 1304 4434 secundum
1320 4367 1429 4434 solam
1444 4366 1580 4458 praedi-

263 4468 444 4537 lectionem
463 4489 538 4534 cum
555 4467 719 4536 uxoribus
734 4492 948 4560 uxorumque
964 4471 1043 4538 filiis
1063 4477 1227 4559 agant-
1244 4500 1261 4533 «
1282 4474 1509 4540 substantium
1524 4473 1579 4540 in-

265 4590 316 4645 ter
333 4575 425 4666 filios
446 4597 522 4641 suos
539 4572 701 4659 diuidere,
720 4598 789 4642 non
802 4577 933 4667 poterit
948 4578 1064 4666 filium
1083 4578 1226 4645 dilectae
1236 4579 1351 4667 fucere
1360 4580 1579 4671 primogeni-

264 4699 351 4767 tutu,
366 4696 398 4752 et
408 4682 588 4775 praeferre
605 4681 680 4770 filio
703 4681 839 4750 odiosae
861 4713 889 4763 »‚
908 4707 940 4752 v.
961 4693 1001 4752 17
1023 4713 1038 4746 α
1060 4682 1122 4751 sed
1131 4684 1246 4774 filium
1262 4686 1398 4754 odiosae
1413 4699 1578 4777 aqitoscet
