3366 5346
749 315 835 359 usur.
858 297 961 361 aaut).

742 503 796 549 Gad
813 517 837 549 v,
856 503 885 548 ‘20
903 519 938 560 sq.

183 665 210 703 v.
231 650 264 701 ‘20
303 650 480 708 Benedictus,
497 650 546 712 qui
561 649 659 699 <litatat
675 648 748 699 Gadi
772 676 804 683 --
823 648 899 698 Sicut
914 648 958 697 leo
973 647 1090 710 quiescit
1109 673 1143 681 —
1163 649 1190 696 et
1209 645 1340 708 discerpit
1354 645 1498 694 brachium

1306 747 1368 783 cum
1383 735 1496 784 vertice.

182 842 209 877 v.
225 829 255 878 ‘ti
302 827 337 877 Et
352 829 496 891 prospexit
517 827 640 889 primum
657 826 720 883 sihi,
744 854 777 861 -
800 827 933 888 quoniam
955 825 992 874 ibi
1013 824 1134 874 divisisti
1153 810 1293 886 sceptrum
1315 823 1400 871 ciam!
1422 849 1456 858 -
1472 828 1499 872 ct

402 926 406 933 ·
1205 911 1272 961 adiit
1286 913 1378 975 capita
1392 911 1496 974 populi.

247 987 250 994 ’
299 1007 408 1056 Iustitia
424 1005 509 1056 taine
524 1004 596 1055 iacta
611 1008 663 1060 est,
679 1006 756 1054 —ct
772 1003 903 1052 iudicium
919 1005 979 1054 eiua
994 1015 1056 1052 cum
1073 1002 1167 1052 israel.

227 1199 310 1286 Arp.
334 1236 378 1246 -
407 1196 596 1263 Maledictio
617 1197 701 1263 haec
723 1202 772 1262 est
798 1195 909 1284 potius
935 1217 1040 1284 quam
1059 1193 1266 1261 benedictio.
1283 1191 1501 1259 Benedicitur

181 1328 214 1370 r.
235 1310 276 1371 20
293 1326 367 1370 non
389 1304 460 1393 ipse
476 1302 563 1386 Gad,
590 1302 649 1369 sed
667 1301 832 1368 dilatator·
863 1299 950 1382 (tait,
974 1302 997 1368 i.
1026 1324 1057 1368 e.
1084 1301 1197 1367 lahve.
1220 1297 1395 1366 Extollitur
1417 1298 1500 1365 Gadi

182 1410 361 1477 fortitudo.
385 1410 452 1476 Sed
476 1433 507 1476 v.
537 1417 577 1476 Bt
604 1409 729 1476 acerbe
753 1408 1016 1498 reprehenditur
1038 1407 1120 1490 Gad,
1143 1407 1236 1496 quod
1254 1405 1321 1472 sibi
1341 1404 1401 1471 uni
1418 1427 1498 1494 pro-

183 1516 328 1606 spiciens
342 1517 431 1583 clam
449 1517 571 1603 egerit,
590 1522 627 1582 ut
639 1521 768 1603 lloysen
782 1515 825 1581 acl
841 1514 1095 1581 concedendam
1110 1513 1177 1580 sibi
1190 1519 1319 1580 terram
1334 1511 1498 1578 transier-

183 1623 342 1691 danicam
371 1623 538 1709 adigeret.
562 1621 769 1690 Sententiam
793 1627 890 1688 Num.
915 1627 1028 1703 3237,
1051 1643 1119 1710 qua
1141 1642 1260 1686 eorum
1280 1617 1418 1685 tandem
1438 1640 1497 1707 pe-

184 1729 246 1795 tita
259 1728 549 1811 concedebantur,
570 1729 720 1795 affirmat
740 1727 938 1817 profluxisse
958 1751 976 1793 e
997 1727 1130 1793 iustitia
1153 1725 1279 1792 latice:
1301 1726 1413 1791 lerant
1432 1723 1498 1812 ipsi

184 1837 455 1923 consequentias.

228 1963 259 2008 v.
279 1947 321 2008 20
342 1970 358 2001 u
381 1943 426 2007 Et
451 1941 528 2007 Gari
547 1941 598 2008 uit
622 1963 635 2005 .·
660 1940 861 2007 Benedictus
875 1941 912 2006 iu
930 1939 1114 2007 lutittuline
1132 1937 1209 2003 Geel
1229 1967 1258 2002 η.
1276 1936 1339 2002 Sed
1360 1942 1497 2003 verten-

185 2048 268 2114 dum
284 2069 361 2114 cum
377 2050 469 2114 LXX
486 2046 605 2114 Chald.
620 2048 699 2136 Spr.
716 2071 722 2115 :
742 2046 956 2132 Benedictus,
982 2046 1044 2135 qui
1056 2044 1182 2111 dilatat
1200 2044 1286 2110 Gari.
1304 2041 1497 2110 Benedictio

185 2154 312 2220 directe
332 2155 443 2220 fertur
461 2176 531 2220 non
546 2154 581 2218 in
601 2153 682 2236 Gad,
707 2154 768 2221 sed
787 2154 823 2220 in
842 2154 956 2221 lahve.
982 2168 1041 2217 ant
1062 2174 1129 2218 non
1150 2149 1324 2218 consuevit
1339 2149 1442 2216 scribi
1455 2149 1497 2215 de

186 2260 474 2350 multiplicatione
495 2260 615 2348 prolia,
633 2256 692 2327 sed
708 2260 750 2326 de
774 2260 966 2326 extensione
990 2258 1111 2324 linium
1132 2258 1185 2345 (cl.
1206 2263 1261 2324 Ex.
1280 2261 1380 2338 :ibib
1397 2254 1495 2343 etc.);

184 2365 413 2455 participium
443 2372 602 2432 connotat
632 2366 800 2433 actionem
826 2389 895 2432 non
926 2366 1089 2442 futuram,
1121 2363 1179 2431 sed
1204 2368 1420 2451 praesentem
1445 2363 1500 2429 vel

184 2473 408 2561 praeteritam
426 2473 469 2538 ad
497 2479 630 2560 tempus
650 2495 814 2561 praesens
833 2472 1068 2538 continuatam
1093 2494 1100 2536 :
1131 2470 1289 2536 dilatavit
1310 2470 1416 2554 igitur
1437 2473 1500 2535 Ga-

185 2576 265 2643 dum
288 2578 409 2657 lehre,
427 2579 566 2666 quando
582 2578 668 2644 latos
686 2577 737 2643 illi
759 2584 854 2645 trans
879 2578 1058 2644 Iordanem
1074 2576 1237 2643 concessit
1251 2575 1347 2641 fines.
1368 2579 1404 2641 ln
1424 2575 1500 2663 qui-

187 2683 250 2749 bus
275 2684 405 2750 finibus
429 2683 656 2750 attribuendis
675 2684 892 2750 benedicitur
913 2705 984 2749 non
1009 2683 1113 2764 Gad0‚
1138 2681 1197 2749 sed
1217 2681 1331 2748 lahve.
1357 2709 1372 2742 «
1394 2681 1500 2762 Quasi

185 2789 235 2855 leo
253 2789 439 2878 requierit,
459 2790 612 2879 cepitque
633 2790 808 2856 bruchium
834 2805 866 2855 ct
890 2789 1048 2856 verticem
1076 2818 1105 2854 ».
1128 2788 1193 2855 Sed
1208 2787 1314 2854 verba
1327 2788 1381 2875 (ef.
1401 2786 1496 2874 Syr.)

183 2895 351 2962 actionem
377 2902 587 2985 praesentem
610 2897 831 2963 describunt:
852 2895 959 2976 Quasi
980 2896 1030 2962 teo
1055 2894 1213 2984 quiescit,
1237 2893 1385 2962 obtentis
1404 2901 1498 2960 trans

184 3001 366 3068 Iordanem
387 3003 525 3082 tinihec,
553 3025 638 3092 quos
658 3002 724 3068 sibi
741 3009 917 3092 tamquam
937 3002 1102 3091 praedam
1116 3024 1213 3068 stiam
1233 3001 1358 3088 exegit,
1378 3013 1411 3066 et
1425 2998 1495 3066 dis-

183 3108 292 3198 cerpr't
307 3109 481 3175 brachium
497 3132 573 3176 cum
590 3109 724 3190 vertice,
743 3115 840 3198 parte
856 3110 976 3198 capitis
994 3109 1196 3198 posteriore.
1216 3106 1391 3197 deceperit
1411 3106 1496 3173 haec

183 3213 321 3303 aliquis,
341 3221 378 3282 ut
400 3237 494 3283 mere
516 3217 728 3305 amplificent
751 3214 938 3302 imaginem
960 3215 1065 3283 leonis
1093 3237 1196 3304 super
1207 3213 1372 3304 praedam
1385 3213 1496 3302 quies·

182 3322 301 3385 centis
329 3321 474 3388 Adverte
503 3329 635 3403 tamen,
658 3328 731 3387 tum
758 3324 920 3409 temporis
942 3322 1070 3388 Gadum
1096 3322 1132 3386 in
1157 3321 1256 3385 novis
1281 3321 1349 3387 suis
1370 3321 1496 3384 finibus

183 3427 414 3513 quiescentem
439 3450 556 3514 reapse
582 3427 759 3511 unguibus
779 3427 924 3492 tenuisse
946 3427 1110 3514 praedam
1132 3447 1240 3492 suam.
1267 3426 1495 3512 liisccrpserat

180 3531 209 3595 is
227 3531 394 3612 israelem,
412 3532 498 3598 duas
518 3532 627 3597 tribus
643 3554 719 3597 cum
734 3530 877 3597 dimidia
896 3532 932 3596 in
955 3536 1196 3620 perpetuumu
1216 3531 1350 3618 relique
1366 3531 1494 3618 populo

181 3643 414 3725 separaverat,
429 3638 611 3704 alieniores
621 3639 752 3703 futuras
767 3639 867 3703 avita
883 3637 1024 3704 Israelis
1041 3637 1213 3703 Violenter
1224 3636 1289 3702 sibi
1306 3658 1401 3702 suam
1418 3657 1494 3725 por·

185 3744 312 3809 tionem
326 3744 518 3831 arripuerat
531 3745 612 3823 Gad,
628 3767 696 3809 non
713 3750 816 3832 caput
829 3752 887 3810 aut
902 3766 972 3826 cor,
989 3744 1048 3810 sed
1060 3743 1163 3809 veluti
1176 3744 1356 3810 brachium
1372 3763 1493 3820 unum;

181 3850 228 3915 ita
259 3851 419 3916 ferociter
451 3850 537 3916 illud
563 3850 747 3933 avelleret,
776 3861 812 3915 ut
841 3851 967 3938 pellem
998 3853 1100 3915 etiam
1125 3851 1347 3939 posteriorem
1375 3849 1496 3937 capitis

182 3978 250 4021 una
280 3956 499 4044 decerpserit.
525 3957 743 4036 colebamus,
770 3961 868 4021 Nunc.
892 3963 969 4039 32,i
995 3957 1168 4045 praemitti
1195 3956 1334 4044 quidem
1369 3977 1495 4021 nomen

184 4061 303 4127 Buben
322 4063 545 4149 primogeniti
564 4063 693 4128 nomini
712 4063 793 4143 Gad,
816 4063 873 4128 secl
895 4063 929 4128 in
944 4069 1015 4129 tota
1036 4063 1170 4150 reliqua
1184 4063 1317 4129 actione
1337 4065 1382 4150 (r.
1401 4068 1491 4129 625.

183 4169 476 4254 cataassim)
503 4174 697 4235 constanter
720 4168 896 4258 praemitti
918 4169 1060 4249 Gadum,
1082 4174 1121 4235 ut
1140 4170 1167 4234 is
1188 4168 1494 4236 videaturconsilii

181 4275 376 4360 potissimus
396 4274 497 4341 fuisse
516 4275 709 4360 instigator.
731 4282 837 4352 Quam
858 4275 1052 4364 opinionem
1069 4297 1186 4364 reapse
1202 4278 1382 4343 conlirmat
1395 4282 1489 4344 Dent.

181 4384 221 4443 33
237 4387 306 4446 tam
331 4403 447 4446 serere
469 4381 504 4446 in
530 4381 594 4448 hac
620 4403 656 4447 re
679 4381 935 4470 reprehendens
955 4381 1096 4461 Gadum,
1115 4381 1309 4449 nullatenus
1325 4405 1404 4448 vero
1423 4406 1454 4448 r.
1473 4390 1492 4449 6

184 4484 376 4554 itubenum.

224 4590 320 4656 ilissa
346 4594 414 4659 iam
439 4594 642 4683 metaphora
662 4593 823 4660 describit
845 4602 936 4659 rates
960 4594 1070 4660 scelus
1092 4595 1173 4663 Gad.
1194 4617 1223 4660 v.
1243 4600 1280 4660 ‘it
1303 4622 1318 4654 «
1341 4597 1385 4660 Et
1405 4594 1492 4662 vidit

175 4696 415 4786 principatum
439 4723 538 4766 scriem
563 4729 597 4781 »,
622 4739 665 4748 —
685 4715 792 4763 niuea
821 4707 964 4765 nonest
988 4701 1220 4790 principatus,
1245 4706 1278 4766 et
1299 4690 1328 4764 ib
1350 4723 1418 4767 non
1443 4707 1492 4769 est
