3366 5346
180 264 238 320 1111
634 280 861 326 consacraneus
882 268 1041 325 sinuatis.

177 413 411 500 infligebatur,
439 415 622 505 potuitque
650 416 774 481 marito
803 413 937 480 licitum
967 433 1040 478 esse
1065 432 1103 476 ea
1128 407 1299 475 delatione
1323 407 1505 476 abstinere

178 521 279 610 eique
293 520 448 588 sulficere
462 521 662 612 repudium;
678 521 790 611 potuit
809 520 910 587 licere
926 518 1138 609 parentibus
1156 515 1281 582 omissa
1295 515 1501 582 defensione

178 634 279 710 rats
295 650 385 717 sqq,
404 635 579 718 acceptare
599 629 688 695 filiae
709 627 913 718 repudium;
930 631 1004 692 erat
1023 629 1200 716 practerea
1222 644 1322 689 causa
1341 622 1497 690 fornica-

177 734 280 800 tionis
295 756 315 800 a
329 734 473 800 muliere
488 741 566 801 ante
588 736 888 825 desponsationem
911 733 1132 813 commissae;
1156 729 1267 820 potuit
1281 729 1501 819 deprehendi

177 841 314 907 illorum
333 841 480 908 duorum
494 842 538 907 ob
558 841 710 931 aliquem
728 841 900 916 defectum
918 839 1112 907 naturalem
1127 837 1172 904 ad
1186 836 1379 903 coeundum
1393 836 1495 903 inha-

178 948 307 1029 bilitas3
328 953 387 1013 aut
406 948 473 1014 alia
490 948 661 1037 quaedam
676 949 800 1014 horum
824 946 962 1014 similia.
980 945 1071 1012 Licet
1089 952 1204 1011 autem
1219 943 1305 1009 haec
1325 943 1380 1009 lex
1399 942 1501 1010 nobis

176 1055 245 1120 iam
265 1053 308 1119 sit
327 1076 547 1143 nequaquam
567 1055 758 1146 perspicua,
776 1054 864 1120 illud
884 1055 1024 1120 omuino
1047 1050 1288 1136 intelligimus
1304 1048 1402 1118 illam
1421 1072 1500 1117 ma·

178 1161 235 1226 riti
259 1165 462 1249 potestatem
488 1161 723 1250 repudiandae
749 1160 860 1227 uxoris
883 1159 985 1226 certis
1008 1158 1174 1226 limitibus
1199 1156 1496 1224 circumscribere.

180 1272 250 1333 Non
272 1267 411 1356 quaevis
432 1267 652 1357 displicentia
676 1264 722 1358 (v.
743 1268 773 1356 1)
793 1266 999 1346 sufficiehat,
1022 1265 1081 1331 scd
1102 1286 1153 1346 ea,
1172 1263 1268 1330 cuius
1290 1285 1393 1330 causa
1411 1271 1501 1331 esset

179 1387 237 1435 izi
253 1385 342 1443 niam
360 1394 427 1460 quo
444 1395 513 1439 uuo
534 1371 724 1439 excluditur
744 1377 971 1459 extravagans
985 1369 1097 1436 llilleli
1113 1367 1243 1459 opinio.

223 1483 338 1568 Neque
354 1500 494 1545 uxorem
522 1480 664 1546 maritus
686 1478 868 1568 repudiare
887 1482 1022 1568 poterat
1045 1475 1144 1542 brevi
1163 1497 1280 1556 manu,
1299 1474 1357 1541 sed
1377 1474 1500 1541 libello

179 1577 266 1674 opus
280 1591 370 1666 erat,
391 1585 508 1674 aliqua
534 1607 629 1652 mora
649 1585 899 1665 intercedebat,
924 1584 959 1650 iu
980 1606 1048 1673 qua
1072 1583 1216 1649 maritus
1236 1603 1309 1648 rem
1329 1582 1501 1648 maturius

178 1691 418 1783 perpenderet.
434 1696 505 1768 Quo
521 1713 604 1758 aevo
619 1691 777 1781 plerique
792 1690 967 1758 scribendi
987 1695 1095 1757 artem
1115 1689 1334 1777 ignorarent,
1350 1695 1424 1755 erat
1440 1710 1497 1755 re-

179 1797 387 1864 currendum
404 1797 449 1865 ad
463 1798 688 1881 sacerdotem,
708 1798 857 1865 iudicem
873 1797 927 1864 vel
942 1797 1103 1879 scribam,
1122 1796 1182 1886 qui
1194 1795 1244 1862 rei
1257 1797 1421 1862 rationem
1436 1817 1496 1860 ex-

179 1904 350 1993 quireret,
368 1904 531 1971 maritum
547 1904 759 1973 dissuaderet
781 1928 788 1973 :
813 1918 857 1971 an
878 1927 959 1970 vero
975 1904 1012 1970 hi
1028 1903 1198 1993 primitus
1218 1901 1312 1991 quod
1328 1900 1498 1969 Rahbinis

179 2010 320 2099 placuit,
339 2012 492 2080 habuere
509 2013 561 2078 ius
582 2034 704 2079 causae
727 2017 808 2078 ante
831 2011 960 2078 editum
979 2009 1117 2101 repudii
1136 2008 1293 2077 libellum
1310 2007 1498 2074 discutien-

180 2117 261 2196 dae,
279 2118 524 2206 approbandae
544 2119 599 2184 vel
623 2118 852 2185 reiieiendae‘l
873 2118 911 2184 ld
930 2139 1152 2207 nequaquam
1167 2115 1274 2183 habet
1287 2120 1413 2196 textus,
1436 2115 1499 2204 qui

180 2225 291 2310 potius
314 2224 449 2290 videtur
472 2246 576 2309 agere
594 2225 637 2290 de
659 2208 816 2313 repudio
832 2224 927 2290 nulla
948 2223 1106 2314 publica,
1129 2222 1188 2289 sed
1207 2223 1341 2315 privata
1359 2226 1498 2288 tantum

181 2329 296 2393 mariti
321 2328 521 2396 auctoritate
545 2331 647 2410 sacto,
670 2330 875 2396 documento
896 2336 1011 2396 tamen
1038 2330 1195 2416 legitimo
1222 2329 1435 2396 confirmato.
1458 2334 1498 2394 lu

1 2450 10 2542 ι·
101 2488 105 2523 ;
179 2433 254 2523 ipso
269 2435 422 2525 profecto
442 2435 560 2502 libello
583 2458 650 2503 non
677 2436 813 2526 repudii
832 2437 979 2503 rationes
999 2435 1270 2525 explicabantur,
1292 2434 1352 2503 sed
1370 2434 1498 2502 mulier

180 2539 421 2608 declarabatur
438 2541 553 2632 priore
569 2543 789 2609 matrimonio
805 2565 874 2610 esse
892 2543 1004 2610 soluta
1015 2549 1048 2610 et
1064 2543 1108 2610 ad
1121 2565 1227 2610 novas
1240 2543 1378 2632 nuptias
1392 2541 1498 2608 habi-

179 2647 232 2713 lis.
248 2648 298 2714 Cf.
315 2647 422 2715 Colm.
440 2648 548 2732 DiccS,
566 2649 652 2716 haec
668 2651 723 2715 vix
738 2649 849 2716 ullum
864 2650 1045 2740 reliquisse
1060 2650 1197 2717 mulieri
1211 2648 1402 2715 remedium
1414 2670 1498 2714 con-

18 2774 21 2779 ·
105 2774 114 2797 ¹
178 2761 231 2820 tra
241 2755 356 2822 mariti
367 2754 643 2823 inconstantiam.
658 2761 794 2838 Verum,
810 2780 878 2845 quo
887 2763 1041 2847 tempore
1055 2755 1408 2846 sensuseapressionis
1420 2769 1498 2823 mit

178 2873 236 2924 iz't
253 2861 384 2929 cunctis
394 2868 535 2952 pateret,
546 2885 661 2930 nonne
677 2863 789 2952 potuit
802 2863 927 2931 mulier
942 2864 986 2931 ah
1002 2863 1145 2930 arbitrio
1160 2864 1274 2929 mariti
1286 2883 1494 2953 provocare,

179 2973 212 3033 et
229 2990 342 3034 eoram
367 2968 558 3035 senioribus
583 2969 729 3037 civitatis
755 2992 855 3037 suum
875 2970 928 3036 ius
947 2969 1124 3037 vindicare
1145 2969 1250 3037 simili
1271 2968 1374 3036 modo
1388 2972 1496 3057 atque

178 3078 272 3139 [taut.
293 3081 336 3140 Ἠ
350 3081 535 3164 neonupta,
554 3098 657 3165 quam
673 3075 816 3142 maritus
834 3082 1036 3165 quereretur
1049 3098 1120 3143 esse
1136 3078 1356 3166 corruptam?
1374 3079 1495 3141 Nonne

178 3178 289 3268 potuit
312 3181 348 3245 in
374 3179 463 3246 illud
476 3196 534 3244 aar
549 3195 623 3248 mitt
637 3180 766 3269 inquiri
787 3181 889 3247 simili
907 3182 1053 3263 ratione,
1079 3189 1182 3270 atque
1202 3182 1252 3247 ihi
1271 3181 1498 3270 requireban-

179 3290 236 3350 tur
256 3313 272 3346 «
299 3285 398 3373 signa
418 3286 624 3374 virginitatis
647 3289 687 3353 o?
706 3292 823 3354 Nonne
842 3287 955 3379 potuit
973 3287 1112 3376 iniquus
1128 3287 1270 3356 uraritus
1287 3287 1426 3378 publice
1439 3310 1498 3354 re·

179 3391 358 3482 prehendi,
376 3392 547 3474 mulctari,
565 3392 639 3459 iure
656 3395 768 3461 uxoris
787 3394 824 3461 in
844 3401 1020 3484 posterum
1041 3394 1266 3462 dimittendae
1285 3393 1427 3485 privari,
1444 3399 1497 3460 at-

180 3520 247 3587 que
263 3499 438 3590 perpetuis
453 3499 578 3566 civium
594 3501 745 3591 permitti
760 3501 942 3569 ludibriis?

227 3608 309 3694 Cup.
327 3609 450 3673 XXIV.
470 3631 503 3675 v.
522 3613 577 3673 1-3
594 3614 671 3673 sunt
691 3607 905 3696 p1·od0sis,r.
923 3613 942 3673 t
959 3615 1010 3674 cst
1026 3609 1194 3698 apodesis.
1212 3630 1244 3675 v.
1273 3616 1287 3674 1
1308 3636 1323 3668 α
1340 3608 1381 3674 Si
1399 3631 1498 3676 acce-

175 3713 264 3800 perit
294 3711 393 3777 leomo
417 3735 558 3778 imorem
582 3727 614 3778 et
626 3713 784 3780 liebucrit
804 3738 896 3800 curre,
915 3729 949 3781 ct
969 3739 1038 3781 nora
1057 3715 1227 3782 invenerit
1245 3714 1399 3803 qratiam
1414 3727 1498 3782 unte

178 3817 292 3884 ortiles
311 3819 385 3885 eius
404 3825 545 3910 prepter
561 3819 716 3909 aliquam
736 3821 954 3907 foeditatem,
972 3823 1094 3889 scribet
1116 3821 1268 3889 libellum
1289 3821 1441 3911 repudii,
1464 3837 1498 3888 ct

177 3924 273 3991 (labit
291 3926 328 3992 iri
350 3950 455 3992 inerme
478 3926 587 4010 iltius,
612 3939 645 3992 et
665 3927 817 3994 dimittet
842 3951 917 3995 earn
940 3929 980 3996 dc
998 3929 1097 3996 dorico
1113 3952 1176 3996 uia
1200 3952 1233 4010 »3
1255 3969 1300 3979 —
1319 3935 1441 3996 verte:
1462 3943 1496 3996 ct

177 4034 391 4122 scripserit...
411 4047 443 4101 ct
463 4033 636 4101 dederit...
657 4047 689 4099 et
708 4035 942 4102 dimiserit-
957 4060 989 4104 v.
1012 4043 1067 4102 2«
1089 4059 1235 4126 cumque
1256 4058 1390 4125 rpressu
1405 4035 1496 4103 ulte-

178 4163 254 4205 rum
271 4140 435 4206 triaritum
450 4140 587 4207 duxerit
605 4168 639 4220 »,
658 4164 688 4207 v.
708 4148 726 4208 3
746 4171 760 4200 «
783 4155 815 4207 et
832 4141 889 4208 ilie
904 4166 1040 4233 quoque
1056 4142 1165 4209 oderit
1180 4166 1271 4228 cam,
1295 4142 1497 4233 dederitque

179 4246 212 4311 ci
230 4244 379 4310 libellum
402 4246 550 4336 repudii,
577 4259 608 4315 ct
628 4246 799 4314 dimiserit
819 4248 860 4315 de
880 4248 980 4316 deuio
1002 4272 1065 4316 sua
1082 4279 1117 4331 u,
1134 4290 1178 4300 —
1197 4251 1252 4316 hie
1268 4251 1400 4339 primus
1419 4272 1495 4316 mo-

179 4351 258 4432 duS,
276 4374 344 4440 quo
356 4355 525 4419 secundae
545 4354 684 4444 nuptiae
699 4356 888 4439 solvantur,
907 4358 1098 4424 secundum
1120 4357 1302 4446 repudium
1316 4380 1323 4439 ;
1338 4354 1496 4446 sequitur

179 4459 267 4526 alter
292 4458 430 4542 moduS,
456 4461 598 4527 secundi
618 4463 732 4528 mariti
756 4485 851 4530 mors
872 4504 916 4515 -
939 4494 954 4525 (ι
976 4464 1030 4531 ccl
1052 4476 1138 4530 certe
1158 4476 1309 4530 irrortuus
1331 4463 1440 4553 suerit
1458 4493 1494 4545 u,

178 4590 210 4632 r.
235 4573 253 4633 t
276 4594 293 4629 «
318 4590 387 4634 riou
407 4566 535 4657 poterit
545 4567 647 4657 prior
662 4570 808 4637 maritus
832 4572 979 4661 recipere
1001 4594 1077 4637 cam
1096 4569 1134 4637 ire
1151 4593 1302 4657 urerent,
1322 4572 1403 4662 quia
1416 4571 1495 4662 pol-

180 4674 253 4740 luto
273 4688 321 4742 est
340 4703 372 4759 »‚
394 4714 439 4724 -
457 4675 518 4742 sed
545 4677 647 4742 Hebe.
669 4689 875 4767 :postquam
886 4677 1027 4767 polluta
1046 4692 1094 4744 est
1111 4697 1118 4744 :
1136 4677 1218 4744 licet
1237 4680 1419 4768 repudium
1442 4700 1496 4746 re-
