3366 5346
178 281 218 339 ab
726 290 939 337 turnonucrro.

176 428 286 517 epulis
299 428 405 494 sacris
424 425 669 506 absumendam,
691 426 793 492 tertio
811 430 928 493 autem
947 446 1085 515 quoque
1100 444 1192 491 enno
1213 429 1314 508 laps
1334 446 1384 512 sq.
1401 444 1497 514 pau-

173 534 312 624 peribus
327 531 598 601 distribuendae.
617 532 791 621 Expressio
814 558 829 592 a
855 536 893 598 tu
917 537 951 598 et
969 531 1091 598 domus
1112 535 1172 597 tua
1192 557 1223 613 u,
1248 530 1303 597 vel
1322 530 1497 621 expressio

175 639 400 707 distinctior«
422 662 493 720 νο3,
521 645 554 706 et
576 638 640 705 filii
663 660 702 704 ac
727 639 818 704 tiliae
836 642 980 714 vestrae,
1004 637 1127 704 famuli
1149 645 1184 705 et
1203 637 1371 719 famulae,
1390 644 1497 726 atque

176 746 305 813 Levites
321 745 382 836 qui
405 746 442 812 in
462 745 606 812 urbibus
628 744 748 811 vestris
771 750 1005 811 commoratur
1027 772 1059 827 u,
1082 766 1154 811 non
1177 749 1321 835 possunt
1338 744 1383 811 ad
1403 742 1497 811 solos

62 857 68 867 '
176 853 288 920 tribus
302 853 548 920 Levihomines
561 853 741 939 restringi,
758 878 774 912 κ
789 851 1006 940 peregrinus,
1021 849 1177 940 pupillus
1190 858 1223 917 et
1235 849 1340 917 vidua
1355 878 1371 911 »
1392 856 1496 931 ttae

176 964 274 1026 erant
295 981 376 1026 sane
397 960 450 1025 vix
473 982 544 1026 non
563 980 699 1048 semper
717 980 788 1024 nou
809 957 956 1024 Levitae.
976 963 1047 1024 lam
1063 956 1250 1048 perpende,
1275 962 1496 1047 quantopere

177 1066 264 1133 haec
275 1066 477 1133 collectanei
491 1070 618 1132 statuta
632 1064 828 1152 discrepent
841 1063 886 1130 ab
902 1063 1065 1130 institutis
1086 1065 1251 1131 mosaicis.
1275 1063 1399 1130 Levitis
1412 1062 1495 1130 11331-

178 1179 346 1257 gnaverat
369 1175 494 1258 Moyses
516 1171 666 1237 decimas
687 1194 754 1261 pro
778 1170 1034 1237 scesteutatione.
1060 1170 1196 1237 Clerum
1222 1169 1428 1259 quemlibet,
1455 1175 1495 1237 ut

178 1283 293 1344 sancte
309 1283 341 1345 et
354 1278 494 1344 honeste
509 1277 627 1344 officiis
642 1278 821 1364 fungatur,
837 1282 972 1367 oportet
986 1277 1114 1344 habere
1132 1282 1261 1343 certam
1276 1282 1310 1344 et
1324 1276 1495 1344 sufficien-

177 1390 247 1450 tem
266 1384 557 1451 sustentationem.
584 1383 621 1450 ld
640 1406 718 1450 cum
734 1384 777 1450 de
795 1385 888 1450 omni
904 1384 995 1450 clero
1012 1405 1131 1451 verum
1147 1388 1208 1465 est,
1230 1389 1304 1450 tum
1321 1382 1495 1473 imprimis

177 1489 219 1556 de
234 1491 326 1557 clero
346 1514 464 1558 recens
484 1491 653 1558 instituto.
671 1495 779 1567 Quare
799 1496 924 1576 Moyses
944 1489 1012 1556 suis
1036 1489 1158 1557 Levitis
1176 1489 1376 1579 previderat
1390 1494 1492 1557 Num.

182 1602 232 1678 18,
254 1596 299 1663 ita
319 1604 357 1665 ut
379 1599 482 1664 totius
504 1597 626 1687 populi
643 1595 798 1663 decimae
815 1596 1029 1686 simplicibus
1050 1596 1162 1663 levitis
1179 1596 1353 1679 cederent,
1376 1596 1414 1663 hi
1433 1594 1495 1663 de·

177 1703 343 1771 cimarum
359 1702 511 1771 decimas
528 1702 764 1770 sacerdotibus
778 1702 978 1793 penderent.
1002 1708 1082 1769 Eam
1100 1702 1214 1790 legem
1232 1703 1268 1769 in
1284 1701 1494 1770 desertodu-

176 1810 258 1877 dum
279 1814 443 1877 statuerat
460 1816 598 1898 Moyses,
618 1810 678 1876 sed
695 1832 756 1898 pro
775 1816 866 1876 terra
882 1815 999 1877 sancta
1014 1809 1185 1899 imprimis
1202 1809 1402 1890 valituram;
1415 1830 1494 1876 eam

175 1916 230 1981 vel
244 1938 336 1983 anuo
351 1922 405 1982 tu
420 1916 567 2002 viguisse
582 1916 663 1982 inde
674 1916 815 1998 inferas,
832 1916 926 2004 quod
942 1917 1013 1982 fere
1024 1914 1145 1982 eadem
1155 1915 1379 2006 proportione
1390 1919 1492 1983 Mum.

176 2029 216 2089 ³1
236 2027 363 2111 Moyses
376 2022 488 2089 levitis
502 2026 605 2112 atque
624 2021 861 2089 sacerdotibus
874 2022 1074 2089 attribuerit
1092 2027 1226 2113 partem
1240 2021 1402 2111 praedae,
1423 2043 1496 2112 qua

176 2128 245 2194 illis
260 2128 411 2195 decimas
425 2128 628 2196 dividendas
639 2130 868 2196 commiserat.
887 2130 936 2196 ef.
957 2134 980 2195 C
997 2133 1021 2194 N
1038 2152 1071 2218 p.
1095 2134 1172 2197 319.
1187 2134 1272 2195 Num
1289 2151 1374 2216 ergo
1389 2127 1496 2195 morti

179 2234 320 2299 iamiam
331 2234 505 2323 proximus
517 2239 642 2322 Moyses
655 2234 769 2321 legem
780 2234 823 2300 de
838 2236 1082 2302 sustentatione
1098 2235 1181 2301 cleri
1196 2235 1381 2315 revocavit,
1395 2234 1496 2302 nulla

59 2388 62 2393 -
179 2338 249 2407 alia
266 2334 341 2425 lege
356 2340 399 2406 de
419 2363 454 2406 re
469 2347 539 2406 tam
558 2340 657 2426 gravi
673 2340 710 2406 in
727 2341 799 2407 eius
814 2340 929 2406 locum
944 2341 1104 2407 suffecta?
1123 2341 1216 2407 Vitae
1230 2342 1373 2408 miserae
1390 2347 1424 2407 et
1437 2362 1495 2407 va·

180 2467 246 2532 gae
261 2445 488 2512 addicebatur
506 2446 630 2528 clerus,
648 2445 899 2513 obscurabatur
917 2447 1027 2514 cultus
1047 2447 1216 2529 maiestas,
1234 2447 1344 2514 aditus
1361 2446 1495 2534 aperie-

179 2551 281 2618 batur
299 2552 464 2620 avaritiae
477 2553 622 2642 aliisque
642 2553 743 2621 vitiis.
761 2553 873 2620 Potuit
892 2552 1019 2642 iniquis
1033 2560 1109 2644 post
1128 2559 1258 2641 Moysen
1279 2551 1495 2642 temporibus

178 2657 355 2725 absorberi
370 2659 417 2741 id,
436 2659 530 2749 quod
551 2660 790 2727 sustentationi
806 2659 888 2727 cleri
907 2660 1111 2728 attribuerat
1124 2665 1261 2747 Moyses,
1277 2658 1331 2726 vel
1345 2658 1388 2725 ad
1406 2657 1495 2725 alie-

178 2787 260 2831 num
275 2788 374 2833 usum
390 2767 524 2834 detlccti
542 2788 549 2834 :
567 2767 733 2835 eiusmodi
751 2774 960 2855 temporum,
980 2790 1051 2833 non
1065 2789 1146 2833 vero
1163 2768 1237 2834 aevi
1258 2765 1399 2832 mosaici
1413 2788 1496 2832 con-

178 2871 356 2951 ditionem,
374 2871 568 2960 depingunt
581 2879 675 2939 Dent.
700 2879 740 2937 11
754 2880 787 2938 31
808 2878 861 2938 11.

224 2976 258 3041 d.
274 2976 438 3042 Similiter
449 2983 575 3064 Moyses
586 2976 1023 3067 carnesprimoprru'torum
1037 2979 1245 3046 animalium
1254 2977 1493 3045 sacrificalium

179 3086 277 3148 Num.
298 3088 397 3164 18,18
417 3082 620 3148 attribuerat
633 3082 868 3151 sacerdotibus
885 3106 892 3152 :
909 3084 1050 3151 eaedem
1068 3090 1164 3151 Deut.
1187 3092 1304 3165 12,17;
1322 3091 1433 3165 1520.
1450 3089 1495 3150 22

179 3188 244 3253 toti
254 3187 385 3277 populo
400 3189 635 3255 conceduntur
654 3190 763 3279 epulis
777 3191 881 3257 sacris
896 3190 1161 3280 impendendae.

225 3316 254 3360 c.
273 3300 397 3382 Moyses
412 3299 487 3362 Lev.
511 3302 591 3377 7,32
612 3318 687 3385 sqq.
709 3297 942 3365 sacerdotibus
959 3298 1134 3386 portiones
1156 3297 1376 3364 victimarum
1393 3296 1494 3364 attri-

179 3400 300 3468 buerat
315 3424 392 3468 crus
402 3401 572 3492 posterius
587 3408 619 3469 et
635 3403 871 3492 pectusculum
890 3424 897 3470 :
913 3404 1036 3471 iisdem
1051 3410 1147 3472 Dent.
1165 3410 1242 3484 18‚3
1258 3405 1495 3470 attribuuntur

179 3531 257 3574 crus
270 3509 436 3592 anterius,
454 3508 595 3576 echinus
606 3509 949 3600 duaequemeuillue.
963 3514 1004 3575 Ut
1016 3510 1160 3577 decursu
1170 3517 1362 3598 temporum
1377 3511 1494 3599 aliqua

179 3613 216 3679 in
245 3615 299 3679 1113
324 3615 500 3704 irrepserit
524 3618 683 3699 1111113113,
710 3639 814 3706 quam
840 3618 942 3683 etiam
972 3617 1143 3705 posterior
1174 3616 1299 3705 aliquis
1324 3617 1495 3706 propheta

180 3719 349 3787 censuerit
372 3721 415 3786 ad
441 3728 575 3811 tempus
597 3746 670 3789 csse
696 3722 923 3805 tolerandam,
948 3728 1001 3788 sat
1024 3723 1124 3788 facile
1146 3722 1366 3810 intelligitur.
1389 3721 1494 3789 Minus

178 3825 277 3892 facilc
291 3826 356 3892 sibi
370 3828 479 3914 fingat
492 3827 615 3916 aliquis
628 3834 759 3916 Moysen
772 3828 876 3895 morti
890 3828 1086 3918 proximum
1098 3829 1216 3918 priora
1231 3829 1355 3895 lahvae
1368 3832 1495 3894 statuta

179 3932 221 3997 de
244 3933 386 4000 consilio
408 3939 615 4015 mutantem,
644 3943 703 4001 aut
724 3937 852 4002 lahven
871 3934 1098 4001 sufficientem
1124 3957 1201 4001 crus
1223 3936 1376 4001 anterius
1400 3931 1496 3999 cruri

179 4040 373 4126 posteriori,
391 4040 553 4107 echinum
573 4063 651 4106 cum
669 4042 815 4108 maxillis
829 4042 1037 4130 pectusculo.

223 4145 246 4209 f.
262 4148 386 4232 Moyses
400 4146 572 4212 uicturam
583 4147 783 4236 paschalem
799 4154 854 4214 Ex.
872 4155 949 4230 1253
966 4153 1133 4214 statuerat
1148 4169 1243 4213 ovem
1260 4147 1315 4213 vel
1335 4167 1493 4236 capraram

177 4250 232 4315 lex
251 4255 345 4317 Dent.
371 4258 447 4332 lua
470 4253 638 4341 permittit
657 4253 761 4319 etiam
775 4253 902 4320 bouem.
921 4253 980 4319 vix
997 4253 1186 4320 censendus
1204 4259 1255 4319 est
1274 4254 1347 4342 ipsc
1369 4257 1496 4339 Moyses

179 4356 370 4446 quidquam
394 4363 584 4425 mutaturus
611 4359 712 4427 luisse
735 4362 769 4426 in
795 4362 865 4427 ritu
891 4355 1134 4427 celebrationis
1154 4361 1279 4438 Phase,
1303 4358 1397 4448 quod
1421 4364 1495 4425 crat

179 4462 451 4530 efficacissimum
468 4467 665 4532 memoriale
678 4466 778 4532 exodi
798 4467 1035 4556 aegyptiacae.

223 4592 259 4657 g.
275 4574 399 4656 Moyses
415 4571 607 4638 liberaliter
625 4572 824 4662 providerat
839 4573 973 4652 Levitis,
989 4572 1161 4639 attributis
1173 4594 1243 4639 uon
1258 4571 1341 4639 solis
1352 4570 1497 4637 decimis

178 4699 242 4766 pro
257 4676 512 4758 sustentatione,
526 4679 584 4745 sed
598 4683 697 4746 Num.
716 4686 834 4762 aaa-8
850 4679 944 4769 apud
958 4679 1151 4747 Levitarum
1164 4679 1317 4746 civitates
1332 4674 1467 4767 pascuis
1483 4696 1493 4744 ε
