3366 5346
661 324 750 370 uror.
775 310 846 380 5,Ξὲ
869 325 933 377 sou.
1400 313 1457 371 233

145 458 306 548 primitur
319 449 396 526 bert
413 460 458 546 (v.
479 460 533 546 Ἠ)
556 466 589 526 et
609 474 681 549 'pm
698 458 744 549 (v.
767 460 837 546 ³23),
853 480 936 530 ,eece
959 480 1087 549 rituque
1113 459 1157 547 (ν.
1184 465 1244 534 22;
1269 461 1312 526 cf.
1341 483 1373 526 v.
1400 467 1455 527 ¹23.

145 566 330 653 masao).
351 572 443 644 Quae
462 565 527 632 luit
549 565 650 649 ratio,
670 573 708 632 ut
729 566 877 656 populus
895 566 1159 655 perterrefactus
1179 565 1328 655 petierit,
1347 574 1384 633 ut
1405 590 1457 633 re-

145 672 239 762 liqua
259 672 422 738 mandata
440 672 508 739 iam
531 695 602 739 non
623 672 822 739 immediate
841 672 900 738 sed
922 671 1083 754 mediate,
1105 674 1128 739 i.
1145 695 1176 740 e.
1194 694 1257 762 por
1274 679 1419 761 Moysen,
1437 696 1458 739 a

142 779 244 844 lahve
265 779 478 845 edoceretur.

184 907 216 949 v.
240 891 282 950 22
301 886 369 969 (19)
394 913 409 946 a
435 888 527 952 Haec
549 888 650 951 verba
673 885 806 951 lectitas
826 898 875 951 est
894 885 1060 951 Dominus
1078 883 1125 951 ad
1139 907 1273 951 earnem
1298 886 1458 952 araitita-

141 989 255 1056 dinem
280 1004 427 1057 cestram
454 992 490 1058 in
505 1003 622 1058 monte
637 991 679 1057 de
701 991 814 1059 medio
834 991 926 1081 tynis
949 1004 982 1058 et
1001 992 1101 1058 atthis
1123 1005 1156 1059 et
1177 992 1357 1080 ealiqinir,
1380 1016 1458 1060 aare

140 1119 280 1186 mapaa,
310 1098 401 1165 niliil
423 1096 554 1164 addens
573 1098 726 1187 amplias
755 1126 784 1164 ».
804 1114 860 1183 qm
877 1086 927 1169 ab,
945 1099 988 1165 cl.
1010 1102 1108 1166 Num.
1137 1104 1250 1176 1125.
1271 1098 1378 1165 Etiam
1400 1101 1457 1166 hic

141 1206 241 1270 vertit
263 1204 383 1270 Chald.
406 1227 476 1270 non
498 1205 641 1271 cessauit
664 1204 756 1295 (qiu),
774 1205 833 1271 sed
862 1205 1003 1271 omnino
1029 1226 1106 1271 oum
1131 1207 1222 1271 LXX
1250 1204 1351 1293 Valy.
1377 1228 1456 1271 ver-

140 1312 282 1377 tendum
303 1317 352 1378 est
370 1334 440 1377 aaa
456 1311 612 1398 perrexit
629 1333 711 1378 voce
731 1333 858 1397 magua
874 1310 982 1400 loqui,
1000 1318 1037 1378 ut
1053 1311 1181 1397 singuli
1200 1312 1337 1397 singula
1351 1314 1455 1378 verba

140 1416 386 1502 intelligerent.
407 1417 482 1485 Gai.
499 1439 512 1482 .·
531 1447 546 1479 a
569 1417 675 1485 tacuit
694 1419 747 1484 his
759 1418 879 1485 decem
894 1418 1009 1485 verbis
1028 1417 1129 1484 dictis
1147 1446 1176 1483 ».
1194 1418 1456 1485 Silentium-illis

141 1523 293 1590 animum
319 1523 468 1603 addidit,
495 1530 534 1590 ut
558 1547 621 1613 per
644 1525 776 1611 legatos
802 1548 833 1592 v.
858 1531 900 1591 ⁴23
924 1547 1000 1614 sqq.
1030 1529 1162 1612 Moysen
1184 1524 1452 1613 alloquerentur,

141 1630 233 1717 quod
256 1631 368 1695 lacere
395 1631 468 1697 ausi
491 1653 560 1697 non
585 1635 705 1714 essent,
725 1631 890 1721 quamdiu
912 1636 999 1697 [teus
1024 1654 1080 1698 eos
1101 1631 1231 1721 alloqui
1256 1632 1456 1720 perrexisset

103 1743 108 1752 “
141 1736 274 1823 (Tusa).
298 1765 312 1795 (ι
338 1739 383 1801 Et
406 1737 540 1825 scripsit
572 1762 612 1802 ra
634 1737 670 1803 in
693 1738 824 1803 driadas
855 1738 982 1803 tabidis
1008 1737 1167 1827 lapideis,
1196 1760 1281 1827 qaas
1311 1737 1456 1804 tradidit

140 1842 227 1908 asilii
245 1871 274 1908 ».
293 1842 342 1923 1d,
364 1843 489 1931 elapsis
504 1849 545 1909 to
561 1844 682 1910 diebus
701 1845 830 1912 lactum
847 1844 969 1932 (Cat),
991 1845 1027 1911 h.
1046 1845 1069 1909 l.
1087 1844 1268 1932 suppletur
1286 1844 1329 1909 ad
1346 1844 1456 1910 absol-

139 1933 289 2014 vendum
318 1970 509 2015 sermonem
538 1949 580 2015 de
606 1950 786 2035 decalogo.
803 1955 920 2038 Neque
949 1949 1113 2016 mandata
1147 1956 1225 2038 post
1252 1949 1454 2035 decalogum

139 2053 208 2120 lata
236 2054 380 2120 tradidit
408 2056 509 2121 lahve
535 2055 664 2121 tabulis
684 2056 860 2145 inscripta,
881 2056 953 2131 sed,
971 2078 1062 2144 quae
1089 2055 1217 2144 scripta
1242 2063 1317 2122 tum
1343 2063 1452 2136 erant,

138 2161 265 2249 scripta
284 2168 382 2226 erant
401 2185 420 2226 a
441 2165 561 2247 Moyse,
579 2163 677 2229 euius
696 2163 822 2250 scripto
837 2160 991 2251 aequalis
1012 2184 1090 2227 cum
1109 2162 1237 2251 scripto
1259 2161 1361 2228 lahve
1376 2185 1456 2228 con-

139 2266 293 2332 cedenda
314 2271 388 2332 erat
410 2267 532 2353 legalis
553 2269 748 2334 auctoritas.
773 2268 810 2333 ld
835 2267 921 2333 mihi
940 2269 1102 2356 consequi
1125 2267 1262 2335 videtur
1280 2290 1319 2333 ex
1338 2269 1455 2354 Moysis

138 2372 172 2438 in
189 2374 255 2439 hoc
271 2372 382 2462 capite
400 2374 669 2459 argumentandi
684 2373 828 2441 ratione.
847 2378 965 2440 Nonne
979 2373 1134 2440 indidem
1150 2373 1332 2463 probabile
1347 2374 1454 2440 ellici-

139 2485 206 2559 tur,
228 2484 361 2565 Moysen
387 2479 551 2546 mandata
575 2486 650 2568 post
671 2480 875 2566 decalogum
899 2480 991 2546 edita
1012 2480 1147 2568 scriptis
1171 2470 1372 2547 mandasse?
1394 2486 1454 2547 lle·

139 2583 244 2651 bebat
257 2586 329 2674 ipse
350 2585 484 2652 nullum
506 2608 574 2653 non
594 2586 763 2653 adhibere
781 2586 946 2668 medium,
968 2608 1036 2675 quo
1057 2587 1306 2653 demonstraret
1327 2609 1453 2675 aequa·

138 2691 206 2761 lem
234 2690 462 2780 posteriorum
492 2693 731 2759 mandatorum
759 2714 837 2758 cum
866 2692 1032 2780 decalogo
1058 2694 1297 2758 auctoritatem
1324 2714 1331 2759 :
1358 2693 1453 2781 atqui

139 2799 251 2863 maior
272 2819 336 2886 per
358 2820 393 2864 se
418 2803 467 2864 est
487 2798 672 2865 auctoritas
696 2798 783 2884 legis
809 2798 955 2888 scriptae
980 2821 1084 2887 qnam
1106 2820 1165 2864 ore
1186 2797 1350 2876 traditae,
1375 2820 1453 2865 eum

138 2903 182 2969 sit
201 2905 311 2990 magis
332 2904 529 2971 authentica
546 2909 581 2971 et
599 2905 837 2972 immutabilis.
855 2904 1043 2971 Reddenda
1069 2927 1171 2994 porro
1195 2910 1246 2970 est
1270 2905 1368 2986 ratio,
1393 2927 1454 2970 cur

138 3016 223 3078 Deus
239 3033 308 3076 nori
317 3011 509 3100 perreeerit
521 3011 640 3077 eadem
656 3011 787 3078 ratione
802 3011 909 3101 loqui,
924 3034 970 3078 sc.
988 3011 1132 3078 Hebraei
1146 3010 1224 3100 ipsi,
1239 3017 1275 3076 ut
1287 3033 1349 3100 per
1362 3015 1452 3098 Moy·

137 3139 194 3182 sen
219 3139 275 3184 eos
294 3116 537 3206 alloqueretur,
555 3119 724 3206 petierant
747 3138 754 3184 :
776 3140 808 3185 r.
832 3124 874 3184 23
896 3118 965 3208 (20)
990 3146 1005 3179 a
1032 3120 1093 3185 l'os
1116 3130 1250 3199 aretem,
1266 3130 1451 3207 postquam

138 3222 283 3289 audistis
311 3246 425 3290 vocem
451 3223 493 3290 de
521 3223 634 3290 medio
660 3227 890 3304 tenebrarum,
908 3237 940 3290 et
963 3238 1111 3291 merrtem
1135 3224 1255 3290 ardere
1279 3223 1449 3312 [uidistis],

138 3330 323 3396 accessistis
346 3329 394 3396 ad
412 3353 478 3425 nte,
500 3353 615 3397 omnes
637 3331 814 3420 principes
842 3332 996 3396 tribuam
1018 3344 1050 3396 et
1075 3330 1221 3397 maiores
1245 3343 1329 3395 nata
1354 3358 1369 3389 η
1393 3334 1402 3417 (
1426 3332 1449 3395 f.

140 3439 264 3525 caup.
283 3436 329 3525 5),
352 3466 367 3497 «
385 3449 488 3526 atque
511 3436 679 3504 dixistis»
697 3459 704 3505 :
723 3461 754 3504 v,
777 3443 819 3504 ‘lt
835 3438 905 3524 (m)
928 3464 944 3497 α
962 3439 1050 3503 Ecce
1065 3435 1211 3502 ostendit
1226 3437 1321 3501 nobis
1336 3435 1452 3500 Danti-

140 3563 203 3606 nas
221 3545 310 3607 Deus
330 3555 443 3609 noster
463 3543 675 3610 maiestatem
695 3557 728 3610 et
746 3542 1023 3632 mapnitadinem
1037 3562 1154 3626 suam,·
1169 3564 1280 3608 rocem
1298 3541 1371 3607 eins
1388 3564 1451 3606 aar·

140 3645 288 3713 dirimas
310 3647 351 3713 dc
375 3647 486 3715 medio
506 3649 609 3740 ἐφη-ές,
634 3662 667 3716 et
683 3651 902 3739 probaveritis
924 3647 1025 3714 bodie
1039 3676 1071 3729 »,
1096 3688 1141 3696 —
1163 3648 1250 3715 bene
1280 3646 1378 3735 Vulp.
1403 3648 1451 3714 ita

141 3752 255 3819 reddit
275 3755 376 3820 Hebr.
405 3754 567 3837 victimam
591 3757 656 3823 tuit
683 3757 953 3845 experimentum
976 3794 1020 3804 —-
1045 3784 1060 3815 a
1084 3755 1181 3844 quad
1203 3754 1360 3842 loquente
1380 3757 1449 3820 Deo

140 3881 215 3924 cam
241 3859 381 3926 homine
408 3860 533 3928 viserit
557 3862 656 3928 darno
685 3891 713 3927 ».
740 3868 785 3928 lte
807 3861 969 3951 populari
990 3861 1050 3927 illa
1075 3861 1251 3951 opinione,
1276 3860 1449 3926 neminem
1536 3926 1540 3932 .

137 3988 236 4055 posse
262 3965 460 4033 immediate
486 3990 588 4054 agere
613 3991 692 4036 cum
717 3968 868 4050 numine,
888 3967 951 4033 nisi
972 3967 1077 4036 simul
1095 3969 1318 4048 exanimetur,
1334 3968 1376 4034 cl.
1405 3966 1450 4032 ad

139 4077 227 4154 t‚33.
247 4073 312 4139 Sed
330 4073 394 4139 boe
407 4077 678 4164 experimentum
694 4097 763 4140 nou
778 4079 918 4140 censent
930 4096 1000 4141 esse
1020 4074 1256 4163 repetendum.
1272 4096 1304 4139 v.
1323 4080 1365 4142 25
1380 4074 1450 4162 (22)

140 4206 156 4239 a
174 4183 244 4247 Cur
257 4203 338 4269 erqo
353 4181 540 4247 moriemur
553 4195 587 4247 et
599 4180 774 4248 decorabit
788 4204 849 4246 nos
865 4180 959 4269 ipais
975 4180 1031 4247 liic
1050 4180 1246 4246 ataaimus?
1261 4208 1276 4241 n
1294 4180 1357 4247 Ubi
1374 4203 1451 4265 gra·

137 4286 222 4353 tuito
242 4286 387 4354 adstruit
411 4290 496 4355 l'ost.
518 4288 595 4354 illos
615 4296 820 4367 aatumasse,
841 4288 942 4353 illum
967 4288 1084 4374 ignem
1110 4310 1260 4354 crescere
1287 4293 1388 4376 atque
1407 4287 1451 4353 ad

138 4413 171 4457 se
187 4393 324 4460 tandem
342 4416 412 4460 esse
431 4401 688 4484 perventurum.
708 4421 723 4455 a
744 4394 783 4462 Si
802 4394 893 4461 enim
909 4393 1122 4460 audierimus
1143 4394 1233 4461 ultra
1250 4417 1364 4460 uocem
1387 4397 1449 4457 Do-

139 4497 226 4562 mini
248 4501 311 4564 llei
333 4501 455 4582 nostri,
481 4501 667 4567 atariemar
693 4528 722 4564 ».
750 4501 974 4567 affirmarunt
1002 4500 1054 4566 bis
1082 4524 1116 4567 se
1152 4524 1222 4568 esse
1250 4502 1445 4577 marituma,

139 4604 256 4670 asserti
280 4606 418 4674 tandem
443 4607 595 4697 aliquam
616 4607 810 4695 generalem
830 4607 999 4674 rationem
1020 4608 1199 4696 proterunt
1218 4630 1248 4671 v.
1276 4613 1317 4670 26
1343 4608 1412 4687 (23)
1436 4622 1443 4669 :

141 4738 156 4770 «
178 4708 271 4790 Quid
288 4723 336 4778 est
360 4714 471 4780 amitis
489 4736 586 4796 caro,
608 4727 646 4780 at
662 4713 785 4782 audiat
802 4736 917 4781 rocem
936 4713 999 4779 Dei
1017 4713 1178 4794 viscatis,
1198 4712 1259 4801 qui
1276 4711 1317 4775 de
1335 4708 1446 4775 medio
