3366 5346
424 268 514 313 usur.
539 250 696 322 lat-Mt&
720 249 793 308 s-tr
819 264 880 308 nor
900 264 977 310 surr
1002 274 1016 304 «
1040 267 1298 318 rurnooucrionss
1322 281 1350 316 o.
1505 258 1543 316 43

275 404 384 471 Habes
404 402 441 468 in
465 405 560 468 Deut.
575 397 745 465 orationes
769 402 849 480 trec,
866 421 1013 489 quarum
1032 403 1132 469 tertia
1152 403 1279 471 desinit
1292 404 1329 472 in
1348 406 1541 472 historiam.

230 517 315 590 Quas
326 510 425 576 facile
442 508 666 575 concesserim
679 505 828 572 describi
838 527 878 571 eo
892 506 1025 591 ordine,
1043 531 1112 598 quo
1130 509 1269 578 habitae
1283 511 1361 596 sint,
1380 511 1459 578 licet
1474 534 1544 578 non

230 622 400 686 statuatur
425 613 583 704 explicite
613 611 727 701 prima
759 612 867 679 oratio
894 614 1014 681 habita
1045 638 1115 683 esse
1146 625 1225 685 ante
1255 619 1452 701 secundani,
1488 623 1548 684 aut

228 724 423 815 paraenesis
437 728 592 803 nir-11,
610 726 652 786 32
668 719 809 786 recitata
824 741 894 786 esse
909 719 1025 787 media
1041 721 1132 789 inter
1148 725 1373 814 pentalogom
1393 731 1426 791 et
1438 723 1547 792 male-

229 829 406 897 dictiones.
428 835 527 896 Estne
552 829 600 894 ita
632 827 772 906 mirum,
792 830 924 913 Moysen
955 827 1101 894 solemni
1125 830 1245 898 thorae
1273 831 1547 921 promulgationi

227 935 442 1027 praemisisse
464 934 617 1024 aliquam
640 934 760 999 thorae
785 934 986 1021 paraenesin
1007 934 1105 1023 (1,5),
1130 935 1211 1003 dein
1234 938 1371 1004 thorum
1396 937 1548 1027 promul-

228 1065 335 1131 gasse,
361 1042 501 1110 tandem
523 1040 773 1107 restitutionem
796 1037 944 1106 foederis
962 1040 1173 1108 celebrasset
1196 1043 1290 1109 Dices
1315 1044 1439 1110 haberi
1459 1044 1547 1110 alte·-

229 1172 303 1217 ram
330 1149 534 1239 paraenesin
563 1151 777 1230 7‚12-11‚32‚
805 1167 889 1231 orgo
912 1145 1009 1212 illam
1040 1154 1195 1231 asino
1221 1172 1296 1217 esse
1323 1151 1544 1239 superfluam.

228 1261 350 1324 Eratne
370 1256 594 1345 superfluum,
611 1253 654 1319 de
675 1274 710 1317 re
731 1256 802 1317 tam
824 1253 934 1337 gravi,
955 1254 1063 1320 thora
1089 1254 1217 1322 habere
1243 1278 1445 1346 paraeneses
1462 1256 1548 1322 duas

229 1363 284 1430 vel
304 1363 405 1429 etiam
431 1361 570 1450 plures?
589 1381 657 1424 non
677 1358 769 1424 enim
793 1380 910 1424 omnes
931 1361 1051 1446 Moysis
1071 1383 1247 1428 sermones
1269 1363 1414 1430 traditos
1440 1362 1547 1429 habe-

230 1491 316 1536 mus.
333 1473 455 1534 Eratne
474 1466 697 1556 superfluum,
713 1467 891 1554 paraenesi
909 1466 1020 1546 alteri,
1036 1489 1126 1556 quae
1143 1468 1355 1557 potissimum
1369 1473 1419 1534 est
1434 1490 1548 1534 mora-

229 1576 284 1658 lis,
301 1574 520 1665 praemittere
536 1571 652 1653 aliam,
670 1593 757 1661 quae
777 1571 991 1660 potissimum
1010 1579 1061 1640 est
1077 1575 1255 1657 historica,
1272 1598 1349 1642 cum
1375 1574 1494 1641 foedus
1513 1575 1548 1640 in

229 1686 323 1749 terra
339 1681 434 1748 Moab
454 1678 622 1746 sancitum
644 1677 855 1768 potissimum
875 1700 974 1745 sunm
996 1679 1260 1748 fundamentum
1277 1682 1404 1748 habeat
1421 1687 1497 1748 acta
1512 1682 1549 1748 in

230 1793 345 1855 monte
365 1787 487 1868 Horeb,
504 1786 541 1852 in
554 1786 660 1852 Gades
675 1790 817 1866 Barnea,
834 1785 869 1851 in
888 1786 1182 1854 transiordanica‘l
1198 1791 1281 1856 Sunt
1297 1789 1383 1855 haec
1397 1789 1551 1878 proiecto

230 1894 405 1983 aptissima
425 1891 529 1959 reali-s
551 1890 757 1957 introduc-tio
775 1893 907 1958 thorae.
925 1892 1050 1968 Quodsi
1066 1894 1213 1961 ulterius
1234 1917 1435 1983 progressus
1456 1894 1549 1960 affir-

231 2022 314 2084 mes,
339 2000 528 2066 orationem
558 2002 713 2080 1,c-t,t0
743 1996 822 2062 ideo
848 2020 919 2064 esse
942 2003 1127 2080 exaratam,
1155 2000 1246 2089 quod
1268 2022 1416 2088 sequens
1441 2000 1551 2065 oratio

229 2111 343 2174 careat
357 2103 594 2195 praeambulo,
610 2103 726 2190 forma
745 2104 848 2171 etiam
870 2110 904 2170 et
922 2126 1023 2171 sensu
1045 2104 1214 2172 rhetorico
1231 2129 1303 2173 csse
1319 2105 1551 2173 introductio-

230 2234 326 2296 nem,
352 2211 478 2278 falsum
511 2209 631 2276 asseris
660 2232 668 2278 ε
702 2232 781 2276 nam
814 2209 964 2299 primum
995 2212 1144 2278 secunda
1176 2213 1285 2279 oratio
1317 2235 1416 2280 suum
1445 2213 1553 2280 habet

229 2317 494 2410 praeambulum
514 2338 588 2405 cup.
612 2322 631 2383 5
650 2317 742 2405 (Van
757 2318 800 2382 H.
820 2339 853 2405 p.
875 2320 943 2404 ts),
961 2339 1001 2384 ao
1021 2324 1202 2407 praeterea
1220 2319 1285 2385 tiro
1305 2319 1450 2409 quisque
1468 2317 1551 2385 artis

231 2424 421 2493 rhetoricae
443 2422 506 2490 tibi
530 2421 631 2504 dicet,
648 2423 797 2512 primam
820 2424 1010 2491 orationem
1028 2447 1098 2492 non
1119 2425 1249 2493 habere
1271 2427 1418 2492 formam
1442 2425 1551 2492 intro-

231 2532 414 2614 ductionis,
437 2530 497 2596 sed
518 2551 587 2595 esse
612 2520 802 2595 orationem
826 2530 985 2597 omnibus
1004 2532 1158 2598 numeris
1173 2532 1377 2613 absolutam,
1395 2530 1552 2598 similiter

232 2644 334 2726 atque
358 2636 527 2704 Ciceronis
552 2634 662 2702 oratio
684 2635 722 2701 in
751 2640 891 2701 Verrem
924 2636 966 2701 de
999 2637 1108 2724 signis
1137 2660 1207 2704 non
1241 2644 1292 2704 est
1323 2637 1549 2716 introducti0‚

228 2743 510 2834 praeambulum,
533 2741 709 2808 exordium
729 2741 894 2808 orationis
914 2741 956 2808 de
975 2743 1170 2832 suppliciis,
1188 2743 1247 2810 sed
1269 2748 1350 2809 sunt
1372 2743 1459 2808 duae
1478 2764 1553 2808 ora-

232 2852 340 2918 tiones
359 2873 396 2917 re
416 2850 537 2917 affines
554 2849 614 2915 sed
628 2848 740 2914 torma
754 2847 948 2930 distinctae,
964 2849 1133 2916 babentes
1148 2850 1305 2936 singulae
1322 2871 1383 2916 sua
1399 2847 1549 2932 exordia,

231 2979 309 3025 suos
328 2956 495 3047 epilogos,

276 3071 309 3131 M.
331 3062 571 3153 Proposuimus
587 3085 638 3143 ea,
654 3085 743 3151 quae
759 3061 868 3129 critici
882 3062 1038 3129 moderni
1057 3067 1196 3130 censent
1211 3063 1253 3128 de
1266 3067 1363 3129 Dent.
1384 3061 1553 3152 primige-

231 3170 289 3237 nio
310 3191 319 3239 ε
344 3169 425 3251 iam,
449 3191 537 3258 quae
559 3167 625 3257 ipsi
644 3169 826 3248 sentimuS‚
851 3168 1097 3235 indicabimus.
1120 3168 1275 3247 Quaestio
1299 3191 1418 3235 revera
1441 3168 1552 3234 solum

233 3281 282 3344 est
306 3276 348 3343 de
371 3275 519 3342 secunda
544 3274 715 3356 oratione,
737 3296 825 3362 quae
847 3274 1071 3363 inscriptione
1097 3280 1175 3357 aot
1201 3275 1302 3341 thora
1324 3279 1358 3341 et
1378 3273 1552 3364 subscrip-

232 3385 325 3450 tione
348 3389 426 3465 29,1
456 3383 584 3472 (28‚69)
607 3380 712 3448 verba
733 3380 882 3448 foederis
902 3381 1110 3471 appellatur,
1132 3387 1165 3447 et
1182 3383 1235 3447 his
1249 3380 1332 3470 ipsis
1353 3379 1552 3446 nominibus

232 3492 428 3578 agnoscitur
447 3511 521 3556 esse
543 3511 594 3555 res
608 3489 758 3577 supremi
773 3489 876 3578 plane
889 3489 1055 3554 nomenti.
1075 3493 1118 3554 Mn
1135 3487 1254 3576 quain
1271 3491 1386 3552 nostra
1401 3485 1552 3574 disputa-

233 3597 325 3662 tione
340 3602 417 3662 ante
439 3595 555 3662 omnia
570 3594 757 3661 excidenda
777 3600 856 3661 sunt
875 3617 949 3683 cap.
968 3601 1186 3683 12-27‚quae
1204 3592 1302 3660 nullo
1322 3592 1460 3659 nomine
1480 3593 1552 3681 pri-

234 3700 384 3788 migenia
403 3701 470 3767 dici
488 3707 639 3791 possunt.
664 3706 796 3768 Manent
816 3702 846 3786 ί)
867 3700 1129 3791 praeambulum
1150 3723 1226 3790 cap.
1252 3702 1324 3789 ὅθ)
1348 3698 1553 3789 pentalogus

233 3808 350 3894 Moysis
367 3813 476 3887 6,1-“1,
496 3807 586 3896 11,3)
606 3808 784 3898 pentalogi
808 3807 1003 3896 paraenesis
1024 3809 1277 3895 7‚12-11‚32,t)
1299 3805 1554 3872 benedictiones

233 3921 267 3981 et
286 3913 542 3980 maledictiones
560 3936 634 4003 cap.
651 3921 705 3981 28.
730 3914 866 3980 Minoris
886 3914 1051 3979 momenti
1073 3933 1145 3980 esse
1170 3918 1265 4003 patet
1287 3910 1550 4001 praeambulum

234 4027 269 4088 et
288 4020 505 4110 paraenesin,
523 4022 675 4111 supremi
694 4022 860 4086 momenti
880 4019 1107 4110 pentalogom
1128 4025 1161 4087 et
1177 4018 1446 4101 maledictiones
1464 4040 1554 4107 quae

232 4133 311 4195 sunt
332 4127 501 4218 ipsissima
527 4127 669 4194 «verba
692 4126 839 4193 foederis
860 4155 876 4188 »
900 4134 993 4208 29,l,
1014 4127 1250 4216 explicantque
1267 4125 1414 4193 foederis
1433 4125 1554 4193 condi-

232 4235 342 4301 tiones
363 4234 547 4302 servandas
569 4240 639 4300 tam
656 4257 676 4300 a
696 4233 822 4323 populo
844 4256 950 4324 quam
968 4256 988 4299 a
1008 4234 1123 4300 labve.
1142 4239 1225 4300 Sunt
1246 4233 1331 4301 haec
1350 4231 1553 4319 gravissima

234 4341 350 4424 ambo,
367 4364 437 4408 non
452 4341 544 4408 solus
559 4340 773 4430 pentalogus,
791 4342 872 4429 quia
890 4342 956 4407 hoc
971 4341 1090 4407 foedus
1104 4339 1142 4407 in
1160 4344 1253 4406 terra
1272 4339 1367 4407 Moab
1383 4339 1551 4405 sancitum

233 4467 318 4526 non,
340 4447 390 4514 uti
409 4448 507 4538 prius
528 4446 615 4513 illud
634 4448 670 4513 in
689 4446 810 4527 Horeb,
826 4445 890 4512 fuit
900 4444 1027 4534 foedus
1049 4460 1196 4527 tantum,
1216 4445 1276 4514 sed
1296 4446 1361 4511 fuit
1377 4451 1490 4523 tw.
1511 4447 1549 4506 it

236 4551 516 4644 (11.13)s0ectas
537 4564 570 4621 et
591 4551 824 4637 ntoledictum,
842 4575 912 4620 nou
932 4552 983 4620 uti
997 4552 1084 4620 illud
1106 4554 1194 4621 solas
1214 4552 1401 4642 adscriptas
1422 4548 1553 4613 habens

234 4658 502 4742 henedictiones,
520 4660 579 4728 sed
595 4666 730 4750 praeter
744 4659 806 4728 has
827 4659 1057 4727 atrocissimas
1074 4659 1342 4727 maledictiones.
1365 4660 1453 4741 Ergo
1475 4651 1550 4716 iuro
