3366 5346
273 308 327 365 402
720 324 951 368 consecrarem
974 325 1131 368 sannaus,

268 456 469 524 humiliavit
489 481 628 524 tenorem
651 457 806 543 jeronimi
824 458 891 541 sui,
919 471 951 524 ct
970 457 1108 545 artfcres
1128 456 1260 523 malum
1279 456 1454 523 demedio
1481 456 1537 522 tui
1557 485 1588 523 r.

267 588 300 631 ν.
317 571 357 631 25
375 593 391 626 u
412 565 476 631 Sin
495 579 611 631 aretem
627 565 663 631 in
675 587 760 653 apro
775 564 940 653 repererit
953 564 1004 630 air
1015 563 1183 655 precellam,
1199 586 1286 654 qrrae
1300 562 1509 653 desponsata
1524 577 1587 647 ert,

267 685 299 736 et
319 671 582 762 apprehendens
601 671 822 737 concubuerit
845 694 922 737 cum
945 694 997 747 ea,
1025 671 1096 760 ipre
1113 671 1280 737 morietur
1294 669 1386 736 rolris
1405 699 1420 730 »
1448 693 1456 735 :
1486 694 1521 739 v.
1545 678 1588 736 20

270 779 413 866 «pratella
428 778 518 845 nilril
521 778 694 868 patietur,
711 801 772 844 ricc
785 791 834 844 est
848 778 1046 855 centimeter,
1059 778 1226 868 qrtouiam
1240 777 1328 843 sicat
1343 776 1433 843 latro
1443 800 1589 843 coneur-

266 885 320 973 ptr
335 898 452 952 curura
465 888 609 973 fratrem
622 909 719 951 ¹raum
737 898 769 952 et
779 885 903 952 occidit
912 885 1068 951 animam
1083 885 1169 971 eius,
1186 885 1235 951 ita
1248 898 1282 950 et
1293 883 1414 973 patella
1421 907 1586 974 perpessa

266 1005 315 1058 est
335 1016 369 1075 »3
388 1017 420 1061 v.
444 1000 486 1058 27
508 1022 524 1053 «
547 993 619 1059 sola
643 992 888 1080 ercliacum,
913 991 1077 1057 clamarit
1100 1021 1114 1051 υ
1133 991 1253 1083 pirella
1272 990 1492 1081 desponsata,
1513 1021 1528 1053 u
1555 1006 1587 1057 et

265 1099 380 1166 trullus
398 1099 519 1190 afficit,
540 1100 601 1188 qni
620 1098 779 1164 liberaret
797 1120 873 1164 eam
895 1126 926 1164 u.
954 1121 985 1166 v.
1010 1105 1053 1166 28
1075 1127 1089 1157 «
1116 1097 1156 1165 Si
1172 1097 1341 1166 inuenerit
1360 1099 1413 1164 cir
1427 1097 1587 1188 puellam

266 1207 445 1295 rapinem,
462 1230 633 1296 anacreon
648 1205 933 1293 laletsponsum,
949 1217 981 1270 et
997 1204 1253 1295 apprehendens
1273 1205 1493 1272 concubuerit
1506 1229 1587 1271 cum

265 1313 339 1399 illa,
358 1328 391 1380 et
405 1337 456 1380 res
478 1313 526 1379 ad
539 1312 708 1379 iudicium
725 1311 855 1378 venerit
878 1341 908 1392 n,
926 1351 969 1362 -
987 1312 1089 1380 Hebr.
1112 1336 1119 1381 ε
1141 1326 1173 1378 et
1195 1311 1512 1402 depr·elrendantur;
1532 1336 1588 1379 sc-

264 1443 322 1487 cus
342 1420 562 1487 matrimonio
579 1420 771 1506 iungantur
785 1425 947 1486 consueto
963 1419 1078 1500 modo,
1097 1424 1131 1485 et
1146 1419 1225 1485 dote
1247 1419 1290 1486 de
1305 1441 1402 1486 more
1416 1441 1525 1509 pensa
1541 1460 1588 1469 -

265 1550 295 1593 v.
312 1534 354 1593 20
370 1555 386 1588 «
405 1525 511 1609 (labit,
534 1525 596 1615 arti
611 1525 774 1591 dormirit
791 1549 869 1591 cum
887 1548 940 1608 ea,
953 1526 1050 1615 patri
1058 1526 1200 1614 praellae
1217 1526 1588 1616 queinqaaqintasielos

264 1633 413 1722 arpenti,
434 1647 465 1699 et
489 1632 626 1698 tatum
646 1654 721 1698 eam
742 1654 897 1713 errorem,
918 1633 1002 1721 quia
1020 1632 1221 1698 humiliavit
1241 1656 1342 1702 curre:
1366 1656 1438 1699 non
1452 1634 1588 1721 poterit

265 1739 439 1806 dimittere
455 1763 528 1806 eam
548 1739 679 1805 cerrectis
697 1737 815 1804 dictas
836 1738 925 1805 citae
944 1762 1027 1805 suae
1045 1767 1075 1823 »‚
1097 1740 1265 1829 quamdiu
1280 1741 1353 1829 ipse
1371 1740 1510 1806 vixerit.
1535 1749 1589 1808 An

263 1846 330 1913 illis
352 1854 394 1914 50
417 1846 507 1913 siclis
527 1847 762 1913 includeretur
786 1846 861 1934 ipsa
887 1844 964 1927 doe,
980 1868 1025 1912 an
1048 1846 1132 1912 haec
1160 1852 1336 1935 practerea
1366 1845 1470 1913 inerit
1500 1869 1595 1935 pcn-·

267 1952 392 2036 denda,
409 1975 480 2020 nou
499 1953 621 2042 liquet.
640 1954 844 2018 Posteriores
867 1952 983 2019 ludaei
1004 1954 1081 2040 (los.
1107 1958 1156 2019 lv.
1180 1961 1211 2021 8.
1233 1954 1286 2040 23)
1308 1953 1470 2042 copulam
1491 1977 1525 2018 v.
1546 1962 1588 2020 20

263 2059 478 2150 interpretati
492 2065 572 2126 suut
585 2072 647 2125 aret
662 2059 710 2124 :si
725 2066 824 2148 pater
837 2059 1045 2126 recusaverit
1057 2059 1109 2125 illi
1122 2059 1205 2126 dare
1219 2059 1328 2126 tiliam
1343 2081 1498 2141 uxorem,
1511 2068 1589 2127 tum

263 2166 392 2255 pendat
407 2174 449 2234 50
462 2167 571 2233 siclos.
589 2172 631 2231 At
646 2165 674 2231 si
693 2168 720 2231 is
740 2172 812 2232 erat
831 2188 963 2249 sensus,
981 2166 1202 2232 scribendum
1226 2172 1299 2233 erat
1316 2189 1323 2236 :
1341 2166 1486 2235 habebit
1505 2190 1587 2235 carn

263 2294 418 2352 uxorem,
442 2279 500 2339 aut
513 2272 610 2338 dabit
626 2279 689 2339 etc.

420 2501 475 2561 30.
498 2498 569 2559 Lea
592 2496 636 2561 de
658 2515 727 2558 non
745 2491 903 2559 elrcccnda
919 2493 1031 2583 patris·
1050 2517 1155 2561 cruore
1167 2499 1266 2562 tran
1284 2502 1400 2578 22,30.

305 2694 390 2779 Aru.
414 2730 457 2739 -
482 2690 671 2778 Repetitur‚
698 2711 767 2754 nou
795 2695 911 2755 tamen
933 2689 978 2755 ad
1004 2690 1159 2768 verbum,
1183 2690 1372 2780 prohibitio
1393 2697 1473 2759 Lev.
1504 2701 1585 2773 18,8

262 2797 454 2867 attentandi
480 2795 634 2882 coniugii
661 2817 738 2861 cum
768 2817 871 2861 uxore
896 2797 1004 2884 patris
1033 2799 1139 2862 etiam
1171 2820 1223 2880 ea,
1256 2820 1346 2886 quae
1378 2801 1586 2867 attentantis

262 2911 372 2972 mater
386 2926 455 2969 nou
470 2911 530 2969 est.
1222 2981 1224 2985 ,

307 3034 338 3078 r.
361 3018 402 3077 30
420 3010 526 3096 (23,1)
552 3037 566 3066 «
588 3011 664 3073 Non
680 3007 826 3096 accipiet
843 3007 942 3073 lromo
961 3031 1103 3075 tenorem
1116 3011 1229 3097 patris
1243 3011 1315 3098 scri,
1338 3035 1400 3078 nec
1416 3012 1587 3080 revelabit

262 3116 513 3205 operimentum
528 3114 600 3180 eius
616 3141 645 3197 n,
663 3135 709 3179 sc.
727 3113 913 3201 patrissui.
931 3114 1025 3182 Sicut
1047 3116 1229 3205 turpitudo
1246 3119 1317 3185 eius
1331 3119 1487 3187 mulieris
1500 3125 1584 3191 Lev.

264 3229 341 3305 18,8
355 3222 531 3312 turpitudo
546 3219 653 3309 patris
670 3226 731 3301 est,
752 3220 801 3285 ita
815 3220 920 3286 etiam
936 3223 1190 3310 operimentum
1213 3223 1305 3292 illius
1319 3228 1581 3316 operimentum

261 3329 368 3420 patris
382 3336 441 3395 est.
459 3327 518 3393 Hic
532 3348 621 3394 unus
640 3349 658 3392 e
675 3326 808 3393 casibus
824 3330 900 3392 Lar.
921 3333 961 3393 18
976 3328 1011 3395 h.
1030 3329 1054 3396 l.
1072 3337 1375 3416 commemoratur,
1393 3336 1477 3422 quia
1493 3359 1585 3406 unus

260 3444 416 3526 tempore
434 3435 579 3502 oratoris
594 3433 702 3500 nostri
716 3433 945 3500 inculcandus
960 3435 1141 3502 videbatur
1157 3459 1165 3505 :
1189 3440 1329 3528 quando
1343 3446 1443 3529 pater
1459 3444 1581 3512 relicta

261 3544 384 3611 iuvene
395 3566 501 3611 uxore
513 3541 713 3625 decedebat,
731 3541 949 3607 commodum
966 3541 1073 3609 videri
1084 3550 1230 3632 poterat,
1243 3553 1279 3614 ut
1290 3569 1365 3614 eam
1375 3547 1468 3616 filius
1481 3572 1582 3620 suam

261 3651 388 3716 laceret
403 3650 520 3737 itaque
537 3647 629 3737 apud
643 3669 678 3713 se
694 3647 869 3713 retineret.

347 3879 401 3939 31.
430 3875 499 3936 Lea
523 3868 564 3935 de
588 3867 813 3935 admittendis
837 3869 891 3935 vel
912 3892 981 3936 non
1006 3870 1229 3940 admittendis
1254 3875 1291 3941 in
1314 3877 1494 3946 ecclesiam

665 3978 897 4043 Hebraeorum
919 3981 1017 4044 Decet.
1044 3985 1177 4060 23,1-8.

304 4186 387 4272 Arc.
408 4221 454 4231 -
476 4187 512 4247 ln
534 4185 672 4267 gentem
696 4187 850 4247 sanctam
876 4203 945 4249 non
965 4183 1193 4252 admittantur
1219 4190 1381 4274 eunuchi,
1397 4194 1490 4280 quod
1512 4197 1580 4263 cir·

260 4289 502 4356 cumcisionem
525 4287 688 4354 decenter
709 4286 826 4353 subire
846 4296 1037 4378 nequeant;
1059 4314 1171 4382 neque
1201 4294 1412 4379 philisthaei,
1434 4305 1579 4369 Ammo-

260 4397 363 4476 nitae‚
382 4393 544 4460 Moabitae
559 4416 722 4460 eorumve
737 4395 880 4483 posteri3
899 4395 1140 4464 Idumaeornm
1161 4409 1315 4470 econtra
1335 4410 1367 4470 et
1386 4408 1578 4499 Aegyptio-

259 4526 336 4571 rum
351 4499 479 4593 posteri
497 4499 598 4567 tertia
613 4500 837 4585 generatione
857 4502 1096 4572 admittantur.

302 4609 481 4697 Agit-arde
495 4605 718 4674 admittendis
741 4629 803 4695 per
824 4608 1117 4678 circumcisionem
1138 4612 1181 4679 ad
1202 4613 1280 4683 iura
1297 4618 1413 4687 civilia
1436 4627 1469 4689 et
1489 4625 1574 4692 reli·

258 4719 354 4806 giosa
375 4715 618 4786 Hebraeorum.
639 4717 713 4781 Non
732 4714 949 4783 affirmantur
969 4717 1022 4784 his
1036 4717 1170 4787 iuribus
1189 4725 1345 4794 excidere
1359 4727 1396 4811 ii,
1414 4731 1474 4818 qui
1496 4741 1574 4822 post
