3366 5346
188 302 227 361 28
740 309 952 354 ruruooucrro.

53 510 57 516 .
186 455 258 516 1661
281 447 399 514 reticet
418 450 511 513 Meut.
534 450 645 528 1l,u5.
674 448 748 509 Lex.
773 449 875 523 27,32
896 442 1046 510 decimas
1067 443 1164 511 iubet
1179 446 1285 535 pendi
1308 447 1412 514 etiam
1430 449 1512 515 aui-

187 555 345 633 malium;
369 558 465 619 Deut.
492 558 592 633 laus
618 551 769 618 solorum
793 550 968 617 fructuum
990 556 1104 617 torrae
1126 553 1296 620 meminit.
1323 559 1441 637 Porro,
1467 560 1513 624 ut

186 659 374 749 aliquando
384 671 462 750 post
480 663 632 745 Moysen,
651 655 864 746 temporibus
885 655 1142 724 difficilioribus
1157 658 1291 757 aliqua,
1314 683 1403 750 quae
1426 661 1510 750 lege

184 773 294 835 666661
312 765 548 833 sacerdotibus
565 762 759 854 pendenda,
782 763 853 828 sive
874 768 1043 851 perpetuo
1058 763 1129 830 6166
1151 765 1195 831 ad
1219 771 1354 856 tempus
1374 767 1510 857 populo

182 874 467 953 condonarentur,
492 871 635 961 impunc
662 868 879 937 concesseris.
907 870 951 937 Ut
966 873 1078 936 autem
1108 876 1233 958 Moyses
1260 872 1333 962 ipso
1360 873 1508 942 iamiam

183 981 368 1047 moriturus
381 1001 437 1046 eas
451 977 687 1064 indulgentias
699 975 912 1057 concesserit,
930 976 1202 1066 concesseritque
1213 1001 1255 1045 ea
1271 978 1382 1046 forma
1398 1002 1507 1069 quam

183 1091 277 1153 Deut.
301 1092 340 1152 111
356 1107 406 1173 sq.
429 1083 574 1160 habent,
598 1083 670 1148 veri
695 1081 851 1147 absimile
875 1086 935 1148 661.
952 1086 1071 1171 Neque
1092 1082 1296 1152 (1166611661.
1317 1093 1357 1154 11
1381 1108 1431 1176 66.
1448 1109 1507 1153 66-

183 1191 361 1258 lummodo
383 1189 498 1255 minus
518 1188 746 1254 determinato
765 1187 914 1276 idipsum
938 1188 1093 1270 edicere,
1121 1191 1214 1283 quod
1235 1190 1428 1260 distinctius
1442 1193 1505 1260 ha-

186 1299 308 1364 beatur
328 1301 403 1362 Lev.
425 1302 479 1362 27.
503 1294 636 1361 Etenim
656 1299 751 1361 Dent.
776 1300 816 1361 1x
836 1315 887 1382 sq.
911 1300 990 1359 sunt
1010 1294 1109 1383 16666,
1128 1297 1220 1382 leges
1239 1306 1353 1364 autem
1368 1305 1505 1387 oportet

183 1426 254 1471 6666
269 1402 514 1470 determinatas
533 1408 566 1468 61
587 1401 782 1482 (1161166166,
805 1422 861 1466 eas
882 1399 1112 1488 potissimum,
1131 1424 1219 1491 quae
1236 1410 1316 1471 sunt
1334 1403 1378 1471 de
1395 1405 1503 1472 vecti-

184 1510 332 1596 galibus.
355 1510 503 1598 Populus
523 1508 568 1574 ad
588 1506 787 1573 solvendam
808 1507 987 1595 pecuniam
1007 1529 1142 1597 semper
1163 1508 1281 1575 tardus
1302 1502 1504 1600 recepturus

185 1624 258 1682 erat
272 1617 365 1702 leges
386 1621 481 1681 11661.
509 1619 549 1680 lt
573 1635 639 1702 sq,
658 1612 902 1702 repudiaturus
922 1620 1024 1702 61666
1045 1637 1108 1702 pro
1128 1615 1295 1702 abrogata
1319 1617 1504 1686 habiturus

185 1729 259 1788 erat
271 1721 383 1809 legem
398 1727 473 1787 Lex.
495 1727 549 1785 27.
568 1727 618 1786 116
633 1718 741 1805 igitur
756 1718 956 1799 affirmabis,
972 1719 1007 1785 id
1023 1720 1126 1806 Moysi
1140 1721 1178 1787 16
1193 1721 1310 1787 animo
1326 1724 1440 1805 luisse,
1463 1729 1503 1790 ut

184 1828 297 1913 legem
319 1828 408 1894 hanc
429 1829 626 1893 revocaret?
645 1832 681 1891 61
705 1824 855 1891 debebat
875 1825 911 1890 id
934 1826 1048 1892 lacere
1068 1826 1273 1908 distinctius
1297 1851 1339 1894 ne
1364 1829 1502 1918 piorum

184 1934 476 2001 contunderentur
496 1932 734 1999 conscientiae.
750 1936 789 1998 Et
804 1952 974 2019 quaenam
994 1934 1105 2021 potuit
1120 1955 1192 1999 esse
1212 1934 1298 2001 ratio
1313 1935 1502 2001 66666116ἑ

185 2041 442 2127 dulgentiarum
462 2037 778 2119 concedendarum,
810 2037 893 2103 dum
919 2039 1068 2127 populus
1087 2040 1124 2105 in
1152 2040 1227 2128 ipso
1252 2040 1370 2107 limine
1389 2046 1502 2108 terrae

183 2146 373 2234 promissae
394 2151 598 2226 versaretur,
619 2144 716 2209 611166
737 2148 862 2229 Moyses
881 2147 1043 2210 contiuuo
1066 2145 1250 2212 extollebat
1268 2147 1504 2214 fertilitatem?

184 2251 331 2336 Legibus
352 2250 551 2317 revocandis
575 2250 727 2338 prolecto
749 2248 1009 2316 incommodum
1032 2257 1168 2340 tempus
1189 2258 1261 2319 erat
1280 2252 1385 2333 illud,
1408 2253 1501 2342 quod

183 2362 329 2424 mortem
345 2359 462 2444 Moysis
479 2357 633 2446 proxime
649 2355 872 2422 antecedebat
891 2377 899 2423 ε
919 2355 1112 2422 dubitaturi
1132 2364 1231 2424 erant
1248 2360 1417 2441 homines,
1436 2382 1500 2425 an·

183 2484 254 2529 non
273 2464 375 2553 plura
394 2469 617 2530 revocaturus
637 2462 756 2528 luisset
778 2466 920 2549 Moyses,
943 2463 970 2528 si
991 2462 1121 2530 diutius
1138 2465 1286 2548 vixisset,
1309 2486 1502 2554 omnesque

184 2570 440 2659 quodammodo
460 2570 554 2656 leges
577 2567 770 2635 evadebant
788 2569 951 2634 incertae.
979 2569 1198 2655 Legislatoris
1218 2570 1316 2637 brevi
1337 2570 1498 2638 morituri

183 2682 257 2744 erat
271 2676 366 2762 leges
381 2682 458 2742 ante
473 2675 560 2742 latas
579 2697 648 2741 non
663 2696 836 2759 revocare,
855 2674 913 2742 sed
931 2703 947 2736 ((
966 2675 1140 2743 inculcare
1154 2703 1170 2736 6
1190 2677 1289 2766 (1,5).

222 2783 250 2869 j.
270 2787 362 2849 luter
377 2789 527 2848 extrema
541 2781 660 2869 Moysis
675 2787 751 2847 acta
769 2786 966 2846 recensetur
977 2787 1076 2850 Num.
1094 2788 1172 2864 35,9
1184 2806 1259 2873 sqq.
1278 2782 1500 2872 promulgata

182 2888 284 2954 161166
302 2888 355 2952 lex
374 2888 417 2952 de
440 2911 497 2952 sex
520 2887 715 2951 civitatibus
741 2885 872 2974 refugii
895 2907 964 2950 666
984 2887 1111 2968 6161161,
1134 2888 1192 2954 sed
1217 2896 1293 2978 post
1316 2887 1498 2955 traiectum

183 2992 364 3059 lordanem
380 2991 602 3077 designandis
622 3013 629 3058 :
649 2997 741 3056 11661.
767 2997 845 3071 19,9
860 2991 1026 3057 iubentur
1041 2993 1128 3058 aliae
1144 2995 1284 3084 insuper
1299 3003 1367 3061 tres
1384 2994 1502 3060 civita·

182 3104 233 3164 tes
251 3097 436 3186 aliquando
452 3097 638 3181 designari,
654 3096 772 3162 addita
790 3098 1034 3184 explicatione,
1058 3101 1133 3188 quis
1148 3102 1338 3167 censendus
1353 3102 1395 3166 sit
1409 3100 1500 3167 occi-

69 3238 73 3245 ·
181 3226 238 3270 sor
258 3203 434 3284 innocens,
461 3202 537 3292 quis
557 3223 700 3282 nocens;
725 3224 813 3290 quae
832 3203 1014 3291 explicatio
1034 3227 1102 3271 non
1125 3206 1238 3272 verbis
1258 3206 1410 3295 quidem,
1436 3206 1498 3273 sed

182 3332 219 3376 re
236 3309 338 3398 plane
360 3307 480 3375 eadem
503 3313 553 3373 est
572 3314 676 3396 atque
698 3308 880 3396 explicatio
903 3313 1001 3375 Num.
1029 3318 1071 3377 35
1094 3312 1233 3378 tradita.
1258 3317 1298 3378 Ut
1317 3313 1500 3401 aliquanto
1532 3387 1542 3409 ο

181 3421 258 3506 post
272 3420 404 3504 Moysen
415 3419 612 3482 nasceretur
628 3413 836 3479 desiderium
850 3416 1002 3501 ungendi
1019 3419 1152 3482 numeri
1163 3419 1339 3484 civitatum
1355 3418 1495 3504 refugii,

179 3529 214 3589 et
235 3531 448 3612 repeteretur
466 3521 665 3611 explicatio,
693 3520 834 3609 planum
859 3529 920 3588 661.
952 3521 1131 3589 Millicilius
1151 3525 1358 3591 concedetur
1380 3526 1494 3607 161166,

179 3630 296 3716 paucis
315 3634 388 3716 post
408 3629 536 3694 editam
561 3629 676 3714 legem
700 3630 799 3693 Num.
823 3634 865 3694 35
888 3627 1009 3695 dicbus
1030 3630 1082 3695 vel
1105 3629 1150 3695 ad
1171 3652 1344 3696 summum
1360 3630 1496 3696 hebdo-

179 3733 347 3814 madibus
366 3755 444 3799 curu
460 3735 496 3798 in
511 3755 547 3798 66
563 3733 738 3800 6161161661
756 3734 880 3820 retugii
901 3741 1016 3800 actum
1033 3741 1119 3801 66661
1137 3736 1275 3802 6616166
1288 3736 1387 3815 611111,
1405 3737 1497 3803 611111

1 3921 3 3928 Ι
46 3860 52 3871 ·
176 3844 362 3919 mutatum,
381 3861 561 3905 numerum
579 3846 657 3905 ante
673 3844 837 3906 statutum
856 3840 1004 3922 auxisse,
1024 3841 1287 3930 explicationem
1303 3841 1492 3931 repetiisse.

59 4002 62 4007 .
179 3954 226 4012 116
247 3948 334 4013 16616
350 3947 422 4036 ipse
438 3949 575 4032 MoyseS,
592 3945 728 4012 tantillo
743 3946 921 4013 interiecto
936 3953 1103 4037 tempore,
1121 3948 1297 4014 iudicabat
1311 3970 1497 4016 numerum

177 4073 197 4116 a
213 4053 313 4117 labve
330 4051 501 4118 sancitum
518 4073 589 4117 esse
605 4051 883 4134 insufficientem,
901 4053 1167 4140 explicationem
1184 4055 1299 4121 datam
1320 4055 1500 4121 obscurio·

179 4159 272 4222 rem?

222 4262 256 4327 1(.
280 4268 372 4328 lnter
387 4265 543 4331 nationes
558 4264 718 4329 Hebraeis
737 4263 981 4331 infensissimus
1001 4271 1034 4332 et
1053 4268 1192 4355 speciali
1211 4269 1342 4333 ratione
1363 4269 1495 4334 abhor-

178 4369 305 4434 rendas
321 4377 542 4436 recensentur
564 4377 642 4451 233
663 4373 827 4452 lleinzer,
850 4393 935 4459 quos
951 4372 1177 4439 Philistbaeos
1192 4396 1263 4439 esse
1281 4373 1495 4440 demonstra·

63 4540 67 4547 ,
177 4475 302 4542 1116166.
318 4477 419 4564 Atqui
434 4499 512 4542 cum
527 4476 744 4543 Philistbaeis
755 4500 823 4543 666
838 4483 887 4544 661
902 4499 1102 4563 congressus
1119 4485 1243 4566 Moyses
1257 4504 1369 4570 neque
1384 4485 1491 4560 losue,

177 4588 327 4649 extremo
340 4605 421 4649 vcro
435 4582 588 4650 iudicum
604 4605 688 4649 6666
704 4583 807 4650 iidem
824 4583 992 4650 1161166666
1008 4585 1195 4673 plurimum
1211 4609 1385 4654 vexavere.
1403 4591 1497 4672 Ergo

176 4687 229 4755 lex
242 4696 374 4772 eal-8,
388 4712 456 4779 666
471 4712 564 4756 6666
578 4697 628 4756 661
643 4691 764 4773 forma,
780 4696 888 4777 Moyse
906 4689 1045 4757 videtur
1060 4714 1130 4758 esse
1146 4693 1292 4760 dicenda
1307 4693 1492 4760 recentior.
