3366 5346
165 301 171 313 ⁴
235 299 293 355 47ss
606 310 748 355 ursronn
771 308 998 354 nrsrrrurroras
1021 309 1176 354 ronosms.

234 469 307 514 sam
328 446 372 512 ab
393 468 432 511 ea
457 452 527 528 5,1,
551 445 676 531 inqua
705 443 991 532 promulgabatur
1013 445 1126 511 thora.
1149 448 1240 520 Quae
1258 441 1489 532 promulgatio
1510 441 1557 507 ad

234 576 341 621 unam
361 551 564 641 explendam
583 550 783 618 concionem
800 549 939 616 abunde
967 555 1041 616 erat
1060 550 1152 617 satis
1177 554 1265 636 Ergo
1279 548 1367 616 illud
1379 547 1481 614 hodie
1496 555 1555 627 29,

237 665 395 727 10.r2.18
422 658 607 747 (r.11.17);
638 661 937 738 30‚11.15.18.19;
961 652 1041 736 312
1067 679 1137 722 non
1161 661 1210 722 est
1234 655 1325 721 idem
1351 677 1429 722 cum
1453 653 1558 720 bodie

235 774 310 848 5‚1;
339 771 416 847 28‚1
440 770 519 845 ete„
538 763 630 852 quod
650 761 809 849 designat
829 762 920 829 diem
937 762 1174 852 promulgatae
1195 764 1333 840 thorae3
1349 784 1460 849 neque
1475 783 1558 829 cum

235 873 303 939 alio
325 869 426 936 bodie
449 877 601 952 27,1.11‚
632 869 726 959 quod
754 869 893 958 respicit
920 867 1024 950 diem,
1052 891 1120 958 quo
1144 875 1270 956 Moyses
1296 866 1432 955 agenda
1459 867 1559 956 apud

234 984 364 1045 montes
379 978 525 1045 Gerizim
545 980 579 1042 ot
601 975 708 1042 Hebal
730 975 899 1058 definivit3
917 998 1028 1064 neque
1049 996 1126 1041 cum
1142 973 1243 1040 bodie
1259 981 1438 1056 tund-18,
1458 973 1557 1063 quod

236 1091 390 1174 tempora
412 1088 523 1163 losue,
545 1104 656 1171 neque
679 1104 758 1148 oum
779 1081 881 1148 bodie
898 1082 1072 1171 13‚18(19)
1090 1087 1169 1166 ete,
1194 1080 1289 1171 quod
1309 1087 1469 1171 tempora
1494 1086 1560 1148 Sa-

239 1191 362 1258 muelis
381 1195 523 1278 spectat.

385 1385 408 1432 r.
425 1383 553 1432 orario
570 1384 692 1432 norsrs
709 1383 984 1431 nnsrrrurroumr
1000 1383 1165 1431 rosarias
1182 1381 1401 1430 emacuonus

729 1463 825 1511 auur.
843 1465 941 1519 ernas
958 1464 1056 1525 (1-n).

280 1617 365 1704 Arq.
388 1655 432 1664 —
450 1620 578 1702 Moyses
600 1615 761 1682 Hebraeis
784 1615 820 1680 in
847 1615 1049 1681 memoriam
1072 1620 1209 1681 revocat
1232 1613 1429 1680 continuam
1452 1614 1560 1679 lahve

236 1721 281 1789 ab
307 1728 463 1811 Aegypto
497 1743 603 1811 usque
633 1721 676 1787 ad
709 1721 888 1787 lordanem
917 1720 1183 1810 providentiam.
1210 1725 1280 1798 Qua
1310 1712 1345 1786 se
1373 1718 1561 1786 adstrictos

236 1827 344 1894 seiaut
363 1827 407 1894 ad
429 1825 551 1893 foedus
573 1827 734 1914 religiose
759 1827 977 1894 servandum.
994 1827 1152 1894 Declarat
1178 1849 1236 1894 eos
1255 1849 1348 1894 nune
1369 1847 1441 1892 esse
1466 1825 1560 1891 adu-

236 1938 332 2001 natos
355 1933 535 2000 universos
563 1934 608 2000 ad
637 1933 886 2001 restituendum
905 1933 1036 2011 foedus,
1052 1938 1086 2000 et
1108 1933 1154 2000 ad
1181 1930 1457 2022 pronuntiandas
1481 1953 1561 1997 ma-

236 2040 437 2108 ledictiones
456 2041 494 2107 in
521 2040 723 2129 quemlibet,
748 2040 809 2130 qui
834 2041 954 2109 foedus
980 2040 1015 2106 in
1042 2047 1216 2129 posterum
1249 2040 1293 2106 sit
1324 2045 1563 2126 transgressu·

239 2169 309 2214 rus.
909 2172 911 2177 ⁸

285 2276 317 2317 v.
335 2260 355 2317 2
378 2254 424 2339 (1)
453 2281 468 2313 α
500 2253 705 2342 Voeaaitpne
725 2256 856 2341 llloyses
878 2275 1012 2318 omnent
1031 2253 1140 2318 Israel
1161 2264 1193 2317 el
1214 2251 1305 2318 dicit
1323 2250 1371 2318 ad
1389 2274 1445 2318 eos
1459 2273 1472 2316 .·
1495 2254 1561 2319 Vos

240 2357 375 2424 vidistis
392 2358 562 2444 universa,
581 2383 669 2449 quere
686 2360 768 2444 fecit
789 2358 955 2425 Dominus
975 2381 1089 2424 eoram
1106 2359 1197 2425 robis
1219 2358 1256 2425 in
1278 2371 1369 2425 terra
1395 2359 1559 2448 Aegypti,

242 2463 417 2530 Pharaoni
434 2477 465 2531 el
481 2466 639 2531 omnibns
653 2467 757 2532 seruis
777 2464 851 2531 eins
864 2465 1111 2555 universaeque
1132 2477 1242 2532 terrae
1255 2464 1352 2531 illius
1369 2493 1398 2531 a.
1419 2464 1564 2532 Nomini

241 2570 342 2638 [alive
368 2594 400 2635 v.
429 2577 485 2638 tls
510 2594 580 2638 uon
606 2572 812 2638 adscribitur
838 2576 928 2638 Dens
956 2584 1078 2650 restem
1103 2571 1311 2638 adscribitur
1335 2576 1452 2638 autem
1479 2594 1513 2637 v,
1540 2579 1562 2638 6

241 2683 279 2744 ut
301 2677 536 2767 praedicatum
561 2679 747 2745 sententiae
766 2703 773 2747 :
792 2677 874 2768 quia
893 2701 958 2765 ego
978 2679 1079 2745 lahve
1099 2701 1173 2744 sani
1200 2683 1287 2744 Deus
1311 2683 1433 2745 vester.
1452 2678 1560 2744 Stilus

241 2783 341 2850 huius
358 2785 540 2874 pericopae
563 2785 775 2869 concinnior,
795 2807 865 2852 non
888 2786 1024 2874 sapiens
1048 2785 1287 2874 paraphrasin.
1311 2808 1342 2850 v,
1366 2791 1387 2850 2
1410 2784 1563 2851 demon·

239 2896 322 2957 strat
335 2890 457 2979 plagas
472 2893 704 2980 aegyptiacas,
721 2899 911 2980 sequuntur
927 2891 1129 2958 tentationes
1145 2896 1209 2958 etc.
1230 2912 1237 2958 :
1256 2914 1288 2958 r.
1307 2898 1327 2959 3
1346 2891 1393 2979 (2)
1410 2918 1426 2950 α
1445 2903 1562 2958 tenta-

241 2997 349 3061 tiones
366 3018 524 3086 magnas,
540 3020 627 3086 qaas
643 2997 803 3064 viderant
821 2997 913 3063 oculi
932 2997 985 3063 tni
1003 3024 1032 3078 »‚
1050 3020 1139 3087 quae
1152 3020 1222 3063 non
1236 3003 1316 3063 sunt
1331 3019 1466 3064 rursum
1483 3019 1561 3065 eae·

240 3101 320 3167 dem
335 3101 415 3167 illae
431 3103 554 3190 plagae
572 3126 603 3167 v.
628 3111 643 3168 1
664 3104 740 3190 (Sa,
762 3102 895 3188 Calua),
912 3104 971 3169 sed
985 3109 1064 3171 suut
1079 3102 1284 3169 tentationes
1297 3102 1379 3169 illae
1392 3123 1558 3189 magnae,

240 3229 325 3296 quas
348 3208 525 3296 appellare
547 3211 722 3275 consuevit
743 3214 878 3295 Moyses,
894 3210 1003 3276 laetae
1025 3209 1062 3274 in
1084 3209 1230 3290 deserto,
1249 3208 1419 3298 imprimis
1431 3208 1467 3275 in
1491 3214 1561 3278 Ra-

241 3311 375 3404 phidim
393 3319 426 3380 et
447 3314 484 3381 in
507 3319 553 3382 lle
575 3315 741 3397 llleribah;
764 3342 779 3375 a
802 3315 903 3405 signa
919 3314 980 3382 illa
996 3327 1226 3406 portentaque
1248 3316 1404 3405 inqentia
1425 3344 1456 3395 »‚
1473 3315 1561 3383 item

240 3422 276 3487 in
302 3420 435 3487 deserto
465 3421 556 3487 lacta
584 3423 630 3510 (v.
661 3445 696 3509 g.
727 3423 877 3511 manna).
905 3426 944 3488 ln
970 3421 1098 3512 quibus
1130 3422 1291 3490 omnibus
1323 3426 1483 3511 expertus
1509 3429 1562 3489 est

241 3532 364 3615 lloyses
384 3527 552 3595 llebraeos
567 3529 672 3595 durae
692 3529 832 3596 cervicis
852 3529 1030 3618 populum,
1045 3529 1148 3595 etiam
1169 3529 1213 3595 ad
1234 3535 1424 3596 extremum
1447 3550 1561 3617 usque

241 3655 321 3699 suae
343 3633 430 3699 vitae
454 3641 599 3724 tempus,
615 3636 709 3724 quod
731 3635 847 3724 prodit
867 3643 937 3702 ab
964 3637 1009 3724 (3)
1030 3659 1037 3704 :
1058 3662 1074 3697 a
1103 3637 1149 3701 aa
1172 3658 1241 3701 non
1262 3633 1356 3700 dedit
1376 3633 1468 3701 robis
1488 3637 1561 3700 Do-

242 3739 355 3804 minus
373 3762 430 3805 cor
451 3739 661 3829 intelligens,
678 3755 710 3807 el
731 3741 845 3808 orales
865 3740 1030 3825 ridentes,
1049 3754 1081 3808 et
1102 3764 1203 3808 anres
1222 3764 1310 3832 quae
1332 3740 1466 3830 possint
1493 3763 1563 3806 aa·

241 3843 327 3928 dire,
343 3867 448 3936 usqne
475 3846 512 3912 in
528 3861 743 3937 prementem
768 3848 858 3914 diem
883 3878 912 3914 ».
936 3848 1046 3915 Verba
1067 3848 1261 3937 exprimunt
1285 3870 1379 3937 spem
1402 3846 1561 3935 aliquam

240 3975 355 4018 rerum
371 3953 533 4043 deinceps
551 3954 855 4021 emendandarum.
879 3954 1099 4040 Indulgenter
1115 3959 1239 4040 lloyses
1256 3977 1313 4021 eos
1334 3952 1423 4019 tardi
1441 3954 1560 4042 potius

239 4060 345 4124 animi
369 4082 473 4147 quom
499 4061 651 4127 malitiae
676 4067 829 4141 accusat3
851 4061 1076 4147 indulgenter
1096 4060 1187 4126 tardi
1211 4060 1319 4127 animi
1343 4080 1481 4125 eausam
1501 4082 1558 4125 as-

239 4164 354 4248 signat
377 4167 526 4250 gratiam
547 4170 596 4233 eis
619 4190 640 4233 a
660 4171 726 4233 Deo
751 4173 925 4252 negatam,
948 4167 1032 4257 quin
1053 4166 1172 4232 alterat
1191 4165 1339 4253 gratiam
1357 4164 1427 4232 illis
1448 4186 1562 4252 nega-

241 4274 312 4334 tam
325 4291 396 4334 esse
414 4272 459 4336 ob
475 4274 626 4360 ipsorum
646 4273 781 4340 delicta.
797 4279 835 4340 Et
855 4281 948 4353 nota,
965 4274 1002 4339 in
1016 4272 1085 4339 illis
1101 4273 1347 4341 tentationibus
1361 4270 1495 4337 includi
1515 4279 1561 4338 37

241 4375 312 4441 fere
328 4396 497 4441 annorum
518 4380 750 4466 apostasiam:
769 4402 886 4469 quum,
905 4379 954 4446 uti
976 4379 1109 4469 reliqua
1128 4378 1265 4460 delicta,
1281 4384 1404 4464 lloyses
1419 4378 1563 4465 attingit

241 4487 375 4549 tautum
392 4505 421 4548 v.
446 4489 478 4564 3,
501 4505 571 4549 non
591 4486 665 4551 vult
688 4486 855 4552 severiore
881 4486 1150 4575 reprehensione
1166 4485 1302 4552 irritare
1319 4483 1463 4567 animos,
1486 4483 1563 4553 imo

243 4613 275 4655 v.
295 4596 374 4678 5sq.
392 4589 467 4655 illos
482 4593 522 4655 lo
533 4611 641 4656 annos
652 4591 814 4657 describit
831 4592 879 4658 uti
888 4594 1085 4658 continuam
1100 4591 1298 4657 divinorum
1308 4588 1561 4658 beneficiorum

244 4696 565 4763 manifestationem.
590 4701 695 4764 Fuere
718 4698 793 4778 boc,
809 4697 867 4764 sed
885 4721 956 4764 non
971 4699 1037 4764 hoa
1059 4698 1179 4764 solum.
1199 4721 1230 4766 v.
1254 4705 1273 4765 5
1299 4696 1343 4786 (l)
1363 4724 1378 4757 a
1399 4694 1561 4764 Adduxit
