3366 5346
224 273 243 331 g
773 279 989 326 inruonuerro.

224 423 329 501 Men„
350 416 457 486 Colm.
478 413 618 503 aliique.
638 418 761 480 Verum
778 413 904 480 librum
921 415 1038 481 thorae
1052 415 1117 480 Dei
1134 419 1194 481 los.
1214 420 1315 496 mh
1330 415 1536 505 interpreta-

222 526 351 594 bantur
379 522 500 590 eodem
526 520 630 611 plane
658 520 773 600 modo,
800 543 870 610 quo
898 544 960 588 nos
987 523 1268 610 interpretamur,
1295 523 1425 611 quique
1450 546 1539 589 unus

223 631 359 699 admitti
371 636 498 721 petest,
516 627 600 716 quin
615 625 720 693 textui
740 626 789 692 vis
806 626 985 695 inferatur.
1003 633 1108 705 Quem
1126 628 1254 694 librum
1273 631 1362 696 Tost.
1381 627 1537 698 declara-

223 738 283 805 bat
298 760 367 806 esse
388 765 403 798 «
424 740 531 817 Dent,
550 733 644 824 qnod
665 733 798 822 scripsit
818 739 943 822 Moyses
964 757 1068 801 manu
1089 756 1166 817 sua,
1185 739 1218 801 et
1237 735 1352 824 posuit
1373 734 1410 802 in
1432 736 1538 804 latere

224 868 322 912 arcae
345 873 373 910 ».
394 841 466 911 cai.
487 863 500 905 .·
522 870 537 901 «
556 847 731 928 tamquam
755 841 980 930 appendicem
1002 842 1203 908 memoriam
1225 841 1362 931 scripsit
1385 846 1482 912 losue
1502 845 1538 910 in

222 951 345 1020 eodem
360 949 544 1028 volumine,
561 948 598 1013 in
612 969 680 1036 quo
696 946 823 1035 scripta
837 954 910 1013 erat
925 949 977 1014 lex
992 948 1139 1031 Domini,
1158 948 1418 1016 renovationem
1436 949 1538 1017 huius

222 1056 368 1138 foederi,
386 1060 424 1122 ut
438 1053 563 1143 quibus
577 1054 890 1120 communicaretur
904 1054 1078 1144 exemplar
1095 1054 1195 1140 legis,
1215 1055 1315 1121 simul
1331 1055 1433 1122 etiam
1447 1079 1538 1122 com·

221 1163 457 1231 manicaretur
472 1160 647 1226 renovatio
661 1159 807 1225 foederis
822 1188 851 1225 ».
868 1162 987 1247 Bonsr.
1004 1181 1011 1226 :
1028 1190 1043 1220 «
1059 1161 1260 1250 Respondeo
1272 1161 1436 1228 volumen
1448 1163 1536 1228 istud

221 1267 387 1356 intelligi,
403 1269 437 1333 in
458 1289 525 1356 quo
541 1272 666 1352 Moyses
680 1271 775 1333 Deut.
794 1267 1057 1356 conscripserat,
1076 1267 1237 1357 quodque
1258 1268 1293 1333 in
1314 1290 1413 1334 areae
1431 1268 1537 1335 latere

193 1409 195 1413 ·
224 1375 386 1443 constitui
412 1373 572 1453 iusserat,
597 1394 615 1438 e
641 1394 709 1460 quo
735 1371 966 1439 verisimiliter
995 1373 1083 1440 lecta
1108 1379 1187 1439 sunt
1213 1379 1246 1440 et
1269 1373 1448 1462 proposita
1477 1375 1535 1441 illa

222 1486 405 1572 praecepta
416 1486 450 1547 et
461 1478 599 1559 iudicia,
616 1477 794 1568 dequibus
806 1479 1223 1568 agitversuspraecedens
1235 1504 1265 1542 1.
1277 1481 1360 1569 Lep.
1378 1500 1385 1545 :
1401 1507 1417 1541 «
1431 1482 1538 1570 scrip-

222 1589 265 1655 sit
293 1593 389 1653 losue
416 1585 452 1651 in
480 1585 571 1651 libro
597 1588 709 1665 Dent,
733 1589 816 1674 puta
837 1585 882 1650 ad
907 1585 1034 1651 calcem
1059 1585 1155 1667 libri;
1182 1587 1277 1652 hunc
1300 1586 1390 1651 enim
1413 1592 1538 1674 Moyses

223 1693 351 1760 librum
366 1693 509 1759 iusserat
525 1691 560 1756 in
581 1690 688 1757 latere
705 1712 803 1757 11111
819 1691 998 1769 collocari,
1017 1715 1057 1759 eo
1076 1691 1167 1780 quod
1184 1691 1241 1757 hie
1259 1691 1348 1758 liber
1368 1695 1538 1759 contineat

224 1799 340 1867 omnia
352 1799 409 1865 [tei
421 1802 615 1886 praccepta,
632 1819 719 1885 quae
734 1803 813 1863 sunt
827 1797 977 1864 conditio
993 1798 1139 1865 foederis
1153 1797 1242 1863 inter
1257 1802 1361 1864 Deum
1378 1804 1412 1863 et
1427 1820 1537 1888 popu-

90 1984 95 1999 ῐ
224 1905 297 1972 lum
311 1910 519 1995 perMoysen
538 1902 614 1969 initi
630 1910 662 1970 11
676 1925 736 1992 per
751 1909 870 1998 losuen
888 1904 942 1971 hic
960 1906 1112 1971 renovati
1136 1932 1164 1970 υ.
1191 1903 1300 1971 Calm.
1324 1926 1331 1971 :
1351 1933 1367 1964 «
1389 1905 1425 1970 in
1447 1905 1537 1972 calce

25 2026 29 2033 '
111 2050 114 2058 =
223 2010 407 2079 voluminis
420 2010 508 2096 legis
523 2009 640 2096 Moysi,
659 2008 752 2098 quod
768 2015 891 2098 Moyses
906 2012 942 2077 in
958 2033 1038 2078 area
1051 2011 1198 2077 foederis
1209 2011 1423 2078 condiderat.
1441 2015 1536 2077 Cem-

224 2117 366 2184 modum
381 2122 495 2184 autem
511 2119 585 2182 1111
598 2115 724 2183 addere
744 2115 781 2182 in
799 2118 866 2183 fine
881 2117 982 2183 huius
997 2117 1181 2184 voluminis
1200 2139 1259 2184 seu
1273 2139 1380 2184 novas
1405 2118 1538 2207 aliquas

223 2223 379 2303 tabellas,
394 2244 452 2289 sen
465 2228 655 2310 postremae
667 2221 782 2287 adhuc
796 2223 935 2289 fortasse
949 2223 1075 2313 partim
1092 2245 1220 2291 vacuae
1234 2245 1360 2289 novam
1376 2225 1536 2314 scriptam

227 2329 423 2397 adiicere».

268 2434 379 2502 Habes
388 2435 494 2521 igitur
506 2433 708 2523 scripturam
723 2434 899 2501 evidenter
914 2435 1157 2516 affirmantem,
1175 2443 1250 2525 post
1264 2442 1399 2524 Moysen
1418 2437 1537 2503 thorae

225 2543 343 2631 aliqua
368 2541 487 2608 addita
514 2562 584 2606 esse
612 2540 829 2608 documenta.
862 2541 970 2609 Habes
991 2543 1195 2632 interpretes
1218 2542 1404 2610 catholicos
1429 2564 1537 2610 unum

227 2655 319 2716 certe
335 2647 559 2714 concedentes
573 2646 729 2714 additum
746 2669 816 2715 esse
831 2647 1090 2715 documentum.
1109 2648 1247 2716 Nullum
1263 2654 1370 2716 exstat
1383 2648 1537 2716 testimo·

225 2755 321 2822 nium
347 2776 459 2844 neque
486 2776 621 2821 sacrum
650 2776 761 2842 neque
791 2755 973 2843 profanum
998 2755 1190 2839 affirmans,
1224 2777 1263 2821 ea
1288 2756 1496 2823 documenta
1519 2779 1538 2824 1

222 2863 325 2928 thora
339 2883 474 2927 rursum
485 2861 672 2947 aliqnando
686 2882 755 2926 esse
768 2862 889 2927 excisa.
903 2862 1138 2951 Praesumptio
1152 2862 1260 2948 igitur
1269 2862 1360 2928 lavet
1372 2863 1536 2951 opinioni,

226 2990 267 3034 ea
286 2969 324 3032 in
338 2968 434 3032 111111
451 2966 503 3031 vel
522 2987 613 3031 nune
629 2965 786 3053 reperiri.
805 2969 919 3055 Neque
940 2972 1057 3034 tamen
1072 2969 1145 3034 sola
1163 2971 1441 3058 praesumptione
1457 2991 1538 3035 con·
1632 2974 1642 2993 ⁹

225 3078 358 3140 tentum
380 3093 450 3137 esse
469 3076 603 3159 oportet
624 3071 823 3157 religiosum
841 3072 1077 3162 interpretem.
1106 3075 1308 3142 Accuratir'
1324 3097 1367 3141 ἣ1
1392 3077 1539 3142 circum·

226 3178 346 3269 spiciat
364 3182 509 3266 oportet,
538 3199 655 3243 annon
678 3177 746 3243 duo
772 3177 832 3244 illa
858 3179 1082 3263 documenta,
1108 3185 1167 3247 aut
1192 3203 1310 3247 eorum
1331 3204 1456 3261 unum,
1480 3188 1540 3249 aut

226 3284 368 3374 aliquod
387 3305 505 3350 eorum
524 3284 757 3369 fragmentum
777 3286 812 3350 in
835 3290 951 3353 nostro
976 3292 1070 3354 Deut.
1089 3287 1296 3376 reperiatur.
1322 3289 1354 3354 Si
1375 3290 1536 3378 reperiat,

226 3391 316 3459 nihil
330 3396 380 3458 est
392 3389 487 3480 quod
499 3391 653 3473 miretur,
673 3391 764 3479 quod
779 3391 940 3481 trepidet.

271 3497 503 3576 Quaestionem
522 3497 612 3563 hanc
634 3497 774 3563 omnino
792 3500 1016 3564 neeessariam
1039 3501 1242 3590 interpretes
1261 3501 1369 3567 nostri
1385 3523 1455 3567 non
1470 3500 1539 3567 dis-

227 3610 435 3673 cusserunt:
464 3609 751 3671 commentatores
770 3605 937 3670 librorum
958 3606 1136 3686 Samuelis,
1165 3607 1259 3695 quod
1286 3614 1301 3672 1
1326 3612 1410 3693 Reg.
1439 3613 1538 3690 1035

227 3732 305 3778 cum
321 3715 383 3775 los.
407 3714 508 3788 Mb
527 3731 595 3774 nou
613 3711 904 3798 comparaverinl;
920 3716 1204 3778 commentatores
1223 3713 1304 3779 libri
1320 3719 1428 3794 losue,
1447 3713 1541 3802 quod

226 3838 299 3885 rem
320 3814 649 3883 commentatorihus
670 3817 890 3904 pentateuchi
916 3816 1146 3884 dirimendam
1166 3821 1421 3907 permitterent;
1446 3840 1539 3886 com·

226 3928 433 3990 mentatores
449 3922 683 4011 pentateuchi,
702 3923 795 4011 quod
810 3928 918 3990 textus
940 3928 1002 3990 los.
1025 3931 1126 4004 1136
1148 3930 1214 3992 111
1239 3930 1319 4012 Reg.
1349 3933 1448 4009 11125
1470 3947 1541 3992 non

14 4040 17 4045 '
108 4112 112 4116 Ι
226 4029 453 4097 attenderent.
478 4027 623 4116 Comely
640 4033 664 4095 1.
684 4035 748 4094 696
768 4030 810 4096 de
826 4029 1074 4119 interpretibus
1093 4033 1186 4098 aurei
1203 4032 1329 4098 saeculi
1350 4031 1540 4100 catholicae

227 4157 405 4222 exegeseos
427 4135 613 4201 modernae
638 4136 857 4224 (lons-1663)
883 4137 959 4204 ait:
986 4166 1001 4197 α
1028 4137 1169 4204 Gravius
1194 4144 1255 4218 est,
1279 4139 1373 4228 quod
1389 4138 1450 4205 illa
1469 4139 1537 4221 via,

227 4264 296 4332 qua
305 4241 495 4308 scholastici
506 4240 576 4306 illis
585 4241 792 4329 praeierant,
809 4243 927 4308 relicta
940 4242 984 4308 ad
996 4244 1276 4330 compositionem
1291 4251 1323 4311 et
1336 4245 1539 4312 divisionem

226 4349 443 4434 integrorum
468 4346 633 4413 librorum
656 4370 778 4436 parum
800 4348 1022 4431 attenderint,
1044 4351 1092 4416 ita
1111 4357 1147 4416 ut
1162 4350 1317 4437 singulos
1330 4351 1443 4440 potius
1457 4351 1541 4417 libri

226 4461 350 4535 textus,
373 4475 476 4543 quam
505 4453 642 4540 integra
670 4476 775 4542 opera
797 4456 1002 4544 plerumque
1036 4479 1203 4546 exponere
1237 4457 1434 4539 videantnr3
1471 4479 1541 4546 quo

225 4561 353 4629 factum
373 4565 434 4642 est,
453 4564 489 4624 11
508 4561 701 4647 proximum
721 4561 862 4649 quidem
883 4567 1076 4629 contextum
1092 4569 1249 4630 accurate
1271 4565 1537 4644 considerarent,

226 4674 393 4735 remotum
411 4672 526 4733 autem
540 4665 650 4753 magis
663 4666 893 4754 negligerent,
910 4691 971 4734 nec
983 4691 1124 4759 scopum
1143 4671 1318 4761 finemque
1333 4670 1538 4759 scriptorum
