3366 5346
702 278 793 323 narr.
818 266 886 333 t,3l
911 280 976 331 suu.
1439 274 1494 332 2⁹21

110 419 114 427 ’
182 414 402 504 praedicitur,
433 412 573 478 ludaeos
599 432 732 500 semper
759 412 803 477 ad
835 412 1013 479 meliorem
1039 414 1174 500 frugem
1196 437 1266 481 esse
1289 440 1495 503 reversuros,

181 543 358 617 relinquam
371 542 391 586 a
408 518 509 584 lahvc
524 516 657 605 penitus
672 517 918 607 reprobandos.
936 541 968 585 v.
983 526 1022 585 31
1041 546 1056 580 a
1070 521 1158 600 Quin
1174 523 1465 592 neaeman-icona·
1478 555 1494 588 »

182 630 238 715 (cf.
259 632 313 694 Ex.
332 626 424 713 3l‚6)
447 653 462 684 u
483 624 646 690 Dominus
658 627 745 689 Dens
770 639 847 691 tuus
868 637 918 691 cst
927 645 943 710 ,·
962 648 1029 691 uon
1046 625 1195 692 dimittet
1212 640 1258 713 to,
1282 653 1343 695 nec
1357 633 1496 699 cornino

180 733 319 815 delebit,
344 753 453 821 raeque
478 729 694 795 obliuiscetur
713 731 822 819 pacti,
847 731 884 797 in
904 754 970 822 quo
989 731 1117 799 iteravit
1131 734 1292 825 putribus
1312 737 1379 804 luis
1397 766 1426 804 ».
1445 741 1494 808 ef.

179 845 255 906 Lev.
278 842 448 921 butt-lb.
473 836 537 903 Sed
558 835 729 925 imprimis
752 837 864 904 recole
880 843 1029 924 Moysen,
1047 840 1138 928 quod
1162 842 1340 926 angustius
1358 846 1498 914 sentiret

179 945 221 1011 de
252 944 380 1011 divitiis
407 943 546 1010 divinae
571 943 844 1025 misericordiae,
862 943 1085 1012 interdictum
1117 945 1221 1013 fuisse
1247 948 1403 1032 ingressu
1427 957 1495 1018 ter-

179 1073 237 1117 rac
252 1050 448 1141 promissae.
471 1056 577 1128 Quem
591 1070 741 1116 errorem
761 1052 831 1117 iam
856 1051 990 1139 penitus
1007 1050 1181 1118 alidicavit
1199 1072 1207 1118 ε
1227 1055 1496 1124 misericordiam

181 1158 281 1224 tahve
301 1177 480 1245 nunquam
502 1156 704 1223 exhaustum
728 1155 772 1222 iri
791 1156 1002 1246 proclamat,
1020 1157 1119 1224 illum
1140 1181 1317 1249 nunquam
1334 1163 1496 1251 repudia·

182 1270 295 1330 turum
311 1276 458 1353 poclum
475 1262 637 1328 affirmat.

565 1490 596 1551 t.
625 1482 801 1550 Conclusio
826 1488 923 1551 Dent.
953 1490 1105 1567 l,3⁸2-t0.

223 1685 306 1769 Arp.
324 1718 368 1730 —
387 1678 544 1745 lnaudita
559 1678 661 1767 plane
682 1702 735 1746 res
756 1688 806 1746 est
824 1703 844 1745 a
860 1682 980 1747 mundi
997 1682 1249 1765 constitutione,
1270 1693 1307 1752 ut
1322 1709 1407 1773 gens
1423 1712 1493 1757 una

178 1809 295 1854 vocem
315 1786 374 1853 Dei
388 1785 538 1853 audierit
556 1785 599 1852 de
621 1784 733 1851 medio
749 1786 858 1872 ignis,
874 1809 1019 1876 eamque
1031 1789 1080 1855 ita
1093 1793 1179 1856 Deus
1193 1812 1276 1879 prae
1292 1793 1366 1860 aliis
1379 1796 1491 1863 omni-

177 1894 241 1960 bus
256 1892 400 1978 elegerit
417 1898 519 1980 atque
540 1891 708 1979 portentis
720 1891 826 1958 tuitus
843 1893 903 1973 sit,
918 1893 1176 1961 introducturus
1191 1896 1340 1981 gloriose
1358 1900 1394 1966 in
1414 1924 1491 1989 per-

177 2006 316 2088 petuam
340 2000 596 2086 possessionem.
620 1996 670 2061 Ob
690 2002 759 2063 tam
784 1999 994 2085 singularem
1018 2000 1235 2067 dilectionem
1261 2006 1423 2072 colendus
1447 2008 1491 2073 ab

176 2105 296 2171 lsraele
314 2127 402 2170 unus
415 2104 517 2170 lahve
539 2103 678 2191 eiusque
696 2103 858 2170 mandata
878 2104 1103 2172 observanda.
1125 2113 1338 2196 apprecatur
1352 2112 1491 2180 tandem

182 2215 312 2296 Moyses
325 2210 471 2299 populo,
487 2210 514 2273 si
528 2209 611 2274 haee
624 2209 848 2296 praestiterit,
870 2210 1138 2296 longaevitatem
1156 2219 1189 2279 et
1207 2218 1486 2304 prosperitatem.

221 2321 306 2383 Voce
334 2332 363 2379 ³:
389 2336 517 2380 novum
543 2320 787 2399 argumentum
820 2317 1042 2402 praecedenti
1070 2326 1275 2403 argumento
1294 2326 1484 2413 copulatur.

176 2423 419 2490 Testimonium
440 2442 501 2519 pro
517 2420 638 2487 dicbus
654 2419 849 2486 novissimis
868 2422 937 2488 iam
962 2425 1078 2490 lerunt
1102 2425 1173 2491 dies
1191 2427 1342 2518 uictique,
1366 2432 1490 2520 quibus

177 2535 493 2618 tottantaquesuac
508 2526 764 2593 misericordiae
778 2526 986 2595 documenta
996 2529 1092 2596 dedit
1109 2532 1220 2597 lahve.
1239 2539 1488 2620 Argumentum

177 2636 278 2702 altine
294 2642 344 2701 est
359 2633 446 2714 eius,
466 2632 556 2722 quod
584 2638 679 2699 beut.
703 2639 757 2707 32,
778 2641 796 2697 7
820 2656 894 2723 sqq.
924 2636 1056 2723 poetice
1072 2637 1314 2726 amplificatur,
1332 2643 1391 2709 sed
1408 2645 1442 2710 h.
1463 2647 1485 2712 l.

176 2741 263 2808 illud
276 2740 443 2831 copiosius
462 2746 495 2806 ct
514 2739 685 2806 efficacius
702 2739 883 2807 evolvitur.
909 2745 1099 2808 Sumuntur
1114 2744 1169 2809 hic
1189 2744 1259 2811 (lies
1277 2769 1378 2814 sensu
1393 2750 1487 2817 latis-

174 2849 273 2931 simo,
298 2846 392 2914 odie
408 2845 590 2913 creationis
613 2845 723 2912 Adam
745 2868 853 2935 usque
873 2846 918 2913 ad
945 2847 1053 2931 diem,
1067 2849 1116 2915 uti
1132 2856 1235 2939 patet,
1254 2852 1394 2921 habitae
1414 2879 1488 2923 ora·

175 2955 293 3033 tionis3
312 2960 346 3021 et
358 2955 394 3020 in
408 2960 503 3020 tanto
523 2953 659 3019 (tiorum
681 2951 814 3039 ambitu
826 2952 1086 3040 interrogantur
1103 2955 1180 3022 loca
1193 2958 1334 3025 omnino
1352 2964 1484 3046 omnia,

174 3063 218 3127 ab
233 3085 301 3128 una
314 3058 622 3126 aroemitnlccocli
630 3058 673 3124 ad
686 3059 828 3125 alteram
839 3111 847 3141 ,
858 3060 881 3127 i.
895 3083 923 3126 e.
941 3059 985 3127 ab
997 3061 1129 3128 oriente
1140 3062 1185 3129 ad
1200 3064 1425 3151 occidentem,
1442 3069 1486 3136 ab

174 3168 335 3258 aquilone
356 3167 400 3234 ad
425 3174 597 3243 austrum
619 3166 734 3254 sicque
761 3166 907 3232 habetur
930 3167 1092 3234 solemnis
1115 3173 1316 3238 contestatio
1339 3176 1486 3242 universi

173 3275 257 3342 coeli
279 3282 313 3341 ct
325 3273 502 3342 universae
519 3276 640 3338 terrae.
663 3292 695 3339 v.
718 3278 761 3338 32
787 3300 802 3333 α
827 3274 1006 3361 lnlrrropu
1031 3273 1072 3340 de
1090 3274 1208 3341 [lichen
1226 3278 1401 3368 oliliquis,
1426 3282 1487 3371 qui

171 3383 314 3469 suerunt
333 3393 412 3447 unte
437 3393 467 3445 lc
488 3401 530 3444 ec
552 3377 618 3458 die,
639 3400 707 3466 quo
728 3377 855 3444 crencit
874 3382 964 3444 neus
991 3378 1162 3446 torinnam
1181 3397 1442 3470 scellentonam,
1464 3412 1485 3454 o

173 3511 303 3553 srnumo
320 3487 411 3553 coelo
422 3508 526 3575 usquc
540 3483 588 3551 nd
598 3506 769 3550 octrumum
785 3484 857 3551 eius
875 3513 904 3565 »‚
920 3523 964 3533 —
977 3512 992 3546 u
1002 3490 1193 3572 Exaggcrat
1209 3490 1484 3575 magnitudinem

175 3592 345 3676 beneficii,
359 3592 453 3682 quod
467 3592 561 3659 nullo
576 3597 747 3680 tempore,
765 3590 862 3656 nullo
878 3590 915 3656 in
933 3591 1022 3672 loce,
1038 3591 1124 3657 nulli
1140 3593 1270 3682 populo
1281 3594 1330 3662 ita
1344 3618 1379 3663 se
1398 3602 1484 3665 Deus

173 3700 365 3785 benignum
388 3699 597 3779 exhibuerit,
619 3697 706 3764 sicut
729 3719 763 3764 se
792 3697 847 3763 isti
871 3696 1055 3764 israelitico
1081 3698 1211 3788 populo
1239 3702 1441 3771 exhibuerat
1466 3734 1481 3765 »

174 3806 335 3895 (douln).
358 3810 397 3872 Et
418 3806 506 3873 illico
527 3812 643 3872 orator
665 3804 709 3870 ad
733 3803 940 3870 beneficium
961 3805 1082 3872 transit
1102 3806 1256 3872 omnium
1282 3809 1480 3891 maximum,

171 3913 263 4004 ‹prrod
284 3920 369 3980 Deus
391 3914 482 3979 hunc
503 3911 669 4002 populum
686 3911 730 3977 ad
755 3915 827 3976 tam
842 3916 971 3977 arctam
991 3912 1275 3980 necessitudinem
1293 3937 1484 4006 assumpse-

170 4023 214 4088 rit
232 4045 238 4090 :
254 4050 269 4081 α
287 4020 319 4087 si
328 4021 425 4107 sacto
440 4032 488 4086 est
500 4017 692 4109 aliqnando
708 4016 944 4084 hrtlusccmodi
954 4041 1023 4102 res,
1036 4031 1097 4084 ord
1111 4042 1261 4109 ntiquom
1279 4023 1453 4111 connitum
1466 4053 1481 4086 »

169 4169 213 4180 —
229 4130 330 4196 llebr.
350 4126 509 4195 need-ilum
523 4166 567 4176 —
583 4153 599 4187 a
622 4137 669 4191 est
686 4152 721 4205 »,
749 4147 780 4189 v.
805 4131 845 4191 33
868 4151 882 4184 a
906 4136 942 4190 ul
967 4125 1102 4193 audiret
1124 4126 1273 4216 populus
1292 4134 1485 4198 coccmllel

172 4235 342 4325 loquentis
364 4235 406 4302 (le
428 4233 538 4302 medio
566 4232 673 4321 ipnis,
692 4231 782 4297 sicu!
806 4244 843 4297 lu
863 4230 1008 4317 arrrlisti,
1032 4245 1064 4298 cl
1089 4233 1209 4299 eluisti
1227 4263 1257 4300 ».
1283 4240 1482 4304 Persuasum

171 4343 346 4410 habehant
363 4340 519 4423 Hebraei,
540 4361 608 4406 non
621 4360 717 4428 posse
738 4360 947 4427 quemquam
965 4338 1033 4404 riso
1050 4344 1115 4406 Deo
1131 4341 1328 4408 interrivos
1348 4365 1482 4432 perma-

171 4472 251 4517 nere
273 4472 280 4518 :
300 4457 379 4530 526
400 4448 489 4538 (23);
519 4452 598 4513 Gen.
625 4451 742 4527 16,13;
761 4450 879 4526 32,31;
903 4449 958 4511 Ex.
981 4451 1098 4526 no,19;
1122 4453 1234 4527 3330.
1262 4448 1327 4515 Sed
1345 4448 1481 4514 inaudi-

171 4563 244 4622 tum
263 4557 346 4624 item
367 4559 455 4635 erat,
480 4559 517 4621 ut
539 4553 675 4639 integer
697 4551 820 4640 aliquis
841 4552 1120 4641 populusouo'ilo
1141 4554 1241 4619 lahvu
1262 4578 1342 4620 voce
1362 4573 1481 4638 super-

171 4668 256 4731 esset
285 4663 391 4730 vivus.
420 4660 549 4727 Transit
572 4682 675 4748 porro
703 4664 818 4724 orator
845 4658 888 4725 ad
918 4658 1083 4725 beneficia
1116 4681 1242 4745 magna
1270 4655 1479 4745 theophania
