<?xml version="1.0" encoding="UTF-8"?>
<!DOCTYPE html PUBLIC "-//W3C//DTD XHTML 1.0 Transitional//EN"
    "http://www.w3.org/TR/xhtml1/DTD/xhtml1-transitional.dtd">
<html xmlns="http://www.w3.org/1999/xhtml" xml:lang="en" lang="en">
 <head>
  <title>
</title>
<meta http-equiv="Content-Type" content="text/html;charset=utf-8" />
  <meta name='ocr-system' content='tesseract 3.04.00' />
  <meta name='ocr-capabilities' content='ocr_page ocr_carea ocr_par ocr_line ocrx_word'/>
</head>
<body>
  <div class='ocr_page' id='page_1' title='image "./commentariusind00hummgoog/commentariusind00hummgoog_0163.png"; bbox 0 0 3366 5346; ppageno 0'>
   <div class='ocr_carea' id='block_1_1' title="bbox 249 276 1014 334">
    <p class='ocr_par' dir='ltr' id='par_1_1' title="bbox 249 276 1014 334">
     <span class='ocr_line' id='line_1_1' title="bbox 249 276 1014 334; baseline -0.007 -1"><span class='ocrx_word' id='word_1_1' title='bbox 249 276 306 334; x_wconf 79' lang='grc'><strong>146</strong></span> <span class='ocrx_word' id='word_1_2' title='bbox 800 285 1014 332; x_wconf 80' lang='lat' dir='ltr'><strong>rurnonrcrro.</strong></span> 
     </span>
    </p>
   </div>
   <div class='ocr_carea' id='block_1_2' title="bbox 243 400 1654 4770">
    <p class='ocr_par' dir='ltr' id='par_1_2' title="bbox 243 400 1570 1892">
     <span class='ocr_line' id='line_1_2' title="bbox 245 400 1570 512; baseline 0 -22"><span class='ocrx_word' id='word_1_3' title='bbox 245 424 396 511; x_wconf 83' lang='lat' dir='ltr'><strong>digessit,</strong></span> <span class='ocrx_word' id='word_1_4' title='bbox 423 421 550 512; x_wconf 91' lang='lat' dir='ltr'><strong>scripto</strong></span> <span class='ocrx_word' id='word_1_5' title='bbox 575 421 714 511; x_wconf 88' lang='lat' dir='ltr'><strong>utiquo,</strong></span> <span class='ocrx_word' id='word_1_6' title='bbox 740 425 942 509; x_wconf 88' lang='lat' dir='ltr'><strong>computum</strong></span> <span class='ocrx_word' id='word_1_7' title='bbox 963 442 1188 510; x_wconf 81' lang='lat' dir='ltr'><strong>expansarum</strong></span> <span class='ocrx_word' id='word_1_8' title='bbox 1211 444 1274 510; x_wconf 93' lang='lat' dir='ltr'><strong>pro</strong></span> <span class='ocrx_word' id='word_1_9' title='bbox 1299 400 1386 488; x_wconf 74' lang='lat' dir='ltr'><strong>novo</strong></span> <span class='ocrx_word' id='word_1_10' title='bbox 1411 429 1570 490; x_wconf 89' lang='lat' dir='ltr'><strong>sanctua-</strong></span> 
     </span>
     <span class='ocr_line' id='line_1_3' title="bbox 244 526 1568 617; baseline -0.001 -21"><span class='ocrx_word' id='word_1_11' title='bbox 244 531 295 596; x_wconf 88' lang='lat' dir='ltr'><strong>rio</strong></span> <span class='ocrx_word' id='word_1_12' title='bbox 328 532 509 597; x_wconf 87' lang='lat' dir='ltr'><strong>factarum.</strong></span> <span class='ocrx_word' id='word_1_13' title='bbox 546 527 807 596; x_wconf 88' lang='lat' dir='ltr'><strong>Numerationes</strong></span> <span class='ocrx_word' id='word_1_14' title='bbox 835 526 958 616; x_wconf 92' lang='lat' dir='ltr'><strong>populi</strong></span> <span class='ocrx_word' id='word_1_15' title='bbox 996 527 1124 594; x_wconf 89' lang='lat' dir='ltr'><strong>fiebant</strong></span> <span class='ocrx_word' id='word_1_16' title='bbox 1166 530 1305 617; x_wconf 87' lang='lat' dir='ltr'><strong>scripto.</strong></span> <span class='ocrx_word' id='word_1_17' title='bbox 1336 534 1426 595; x_wconf 84' lang='lat' dir='ltr'><strong>Duos</strong></span> <span class='ocrx_word' id='word_1_18' title='bbox 1455 529 1568 596; x_wconf 89' lang='lat' dir='ltr'><strong>libros</strong></span> 
     </span>
     <span class='ocr_line' id='line_1_4' title="bbox 245 632 1567 722; baseline 0 -21"><span class='ocrx_word' id='word_1_19' title='bbox 245 637 389 703; x_wconf 78' lang='lat' dir='ltr'><strong>foederis</strong></span> <span class='ocrx_word' id='word_1_20' title='bbox 420 642 563 722; x_wconf 78' lang='lat' dir='ltr'><strong>Moyses,</strong></span> <span class='ocrx_word' id='word_1_21' title='bbox 588 635 639 701; x_wconf 92' lang='lat' dir='ltr'><strong>uti</strong></span> <span class='ocrx_word' id='word_1_22' title='bbox 672 632 837 715; x_wconf 78' lang='lat' dir='ltr'><strong>vidimuS,</strong></span> <span class='ocrx_word' id='word_1_23' title='bbox 864 632 998 722; x_wconf 87' lang='lat' dir='ltr'><strong>scriptis</strong></span> <span class='ocrx_word' id='word_1_24' title='bbox 1030 633 1218 700; x_wconf 81' lang='lat' dir='ltr'><strong>mandavit.</strong></span> <span class='ocrx_word' id='word_1_25' title='bbox 1251 633 1461 701; x_wconf 81' lang='lat' dir='ltr'>Crediderim</span> <span class='ocrx_word' id='word_1_26' title='bbox 1487 658 1567 703; x_wconf 89' lang='lat' dir='ltr'><strong>oum</strong></span> 
     </span>
     <span class='ocr_line' id='line_1_5' title="bbox 245 740 1568 832; baseline 0 -22"><span class='ocrx_word' id='word_1_27' title='bbox 245 744 394 832; x_wconf 89' lang='lat' dir='ltr'><strong>reliquas</strong></span> <span class='ocrx_word' id='word_1_28' title='bbox 420 743 523 808; x_wconf 91' lang='lat' dir='ltr'><strong>etiam</strong></span> <span class='ocrx_word' id='word_1_29' title='bbox 549 740 642 828; x_wconf 87' lang='lat' dir='ltr'><strong>leges</strong></span> <span class='ocrx_word' id='word_1_30' title='bbox 671 740 807 830; x_wconf 91' lang='lat' dir='ltr'><strong>scriptis</strong></span> <span class='ocrx_word' id='word_1_31' title='bbox 838 740 1071 825; x_wconf 82' lang='lat' dir='ltr'><strong>consignasse,</strong></span> <span class='ocrx_word' id='word_1_32' title='bbox 1098 746 1132 807; x_wconf 91' lang='lat' dir='ltr'><strong>et</strong></span> <span class='ocrx_word' id='word_1_33' title='bbox 1165 747 1266 807; x_wconf 91' lang='lat' dir='ltr'><strong>antea</strong></span> <span class='ocrx_word' id='word_1_34' title='bbox 1292 741 1432 831; x_wconf 90' lang='lat' dir='ltr'><strong>quidem</strong></span> <span class='ocrx_word' id='word_1_35' title='bbox 1460 766 1568 832; x_wconf 86' lang='lat' dir='ltr'><strong>qnam</strong></span> 
     </span>
     <span class='ocr_line' id='line_1_6' title="bbox 244 846 1567 938; baseline 0.001 -22"><span class='ocrx_word' id='word_1_36' title='bbox 244 873 299 917; x_wconf 92' lang='lat' dir='ltr'><strong>eas</strong></span> <span class='ocrx_word' id='word_1_37' title='bbox 318 848 571 938; x_wconf 88' lang='lat' dir='ltr'><strong>promulgaret.</strong></span> <span class='ocrx_word' id='word_1_38' title='bbox 593 846 744 927; x_wconf 80' lang='lat' dir='ltr'><strong>Etenim,</strong></span> <span class='ocrx_word' id='word_1_39' title='bbox 769 847 910 936; x_wconf 91' lang='lat' dir='ltr'><strong>quando</strong></span> <span class='ocrx_word' id='word_1_40' title='bbox 931 846 1081 936; x_wconf 90' lang='lat' dir='ltr'><strong>populus</strong></span> <span class='ocrx_word' id='word_1_41' title='bbox 1102 847 1227 937; x_wconf 91' lang='lat' dir='ltr'><strong>aliquis</strong></span> <span class='ocrx_word' id='word_1_42' title='bbox 1244 847 1286 914; x_wconf 91' lang='lat' dir='ltr'><strong>ad</strong></span> <span class='ocrx_word' id='word_1_43' title='bbox 1310 870 1389 916; x_wconf 90' lang='lat' dir='ltr'><strong>eum</strong></span> <span class='ocrx_word' id='word_1_44' title='bbox 1409 849 1567 917; x_wconf 90' lang='lat' dir='ltr'><strong>culturae</strong></span> 
     </span>
     <span class='ocr_line' id='line_1_7' title="bbox 243 952 1568 1045; baseline 0 -23"><span class='ocrx_word' id='word_1_45' title='bbox 243 956 391 1043; x_wconf 89' lang='lat' dir='ltr'><strong>gradum</strong></span> <span class='ocrx_word' id='word_1_46' title='bbox 425 958 560 1021; x_wconf 90' lang='lat' dir='ltr'><strong>evectus</strong></span> <span class='ocrx_word' id='word_1_47' title='bbox 586 959 652 1033; x_wconf 86' lang='lat' dir='ltr'><strong>est,</strong></span> <span class='ocrx_word' id='word_1_48' title='bbox 682 960 721 1020; x_wconf 90' lang='lat' dir='ltr'><strong>ut</strong></span> <span class='ocrx_word' id='word_1_49' title='bbox 743 952 932 1042; x_wconf 79' lang='lat' dir='ltr'><strong>scripturae</strong></span> <span class='ocrx_word' id='word_1_50' title='bbox 955 975 1024 1019; x_wconf 93' lang='lat' dir='ltr'><strong>non</strong></span> <span class='ocrx_word' id='word_1_51' title='bbox 1057 952 1126 1045; x_wconf 88' lang='lat' dir='ltr'><strong>iam</strong></span> <span class='ocrx_word' id='word_1_52' title='bbox 1162 953 1205 1020; x_wconf 88' lang='lat' dir='ltr'><strong>sit</strong></span> <span class='ocrx_word' id='word_1_53' title='bbox 1233 975 1367 1043; x_wconf 83' lang='lat' dir='ltr'><strong>expers,</strong></span> <span class='ocrx_word' id='word_1_54' title='bbox 1395 960 1473 1021; x_wconf 92' lang='lat' dir='ltr'><strong>ante</strong></span> <span class='ocrx_word' id='word_1_55' title='bbox 1496 956 1568 1022; x_wconf 88' lang='lat' dir='ltr'><strong>alia</strong></span> 
     </span>
     <span class='ocr_line' id='line_1_8' title="bbox 243 1059 1567 1151; baseline 0 -22"><span class='ocrx_word' id='word_1_56' title='bbox 243 1062 376 1151; x_wconf 87' lang='lat' dir='ltr'><strong>scriptis</strong></span> <span class='ocrx_word' id='word_1_57' title='bbox 398 1061 596 1149; x_wconf 90' lang='lat' dir='ltr'><strong>consignari</strong></span> <span class='ocrx_word' id='word_1_58' title='bbox 621 1081 829 1126; x_wconf 86' lang='lat' dir='ltr'><strong>consuevere</strong></span> <span class='ocrx_word' id='word_1_59' title='bbox 852 1060 923 1126; x_wconf 88' lang='lat' dir='ltr'><strong>cius</strong></span> <span class='ocrx_word' id='word_1_60' title='bbox 945 1059 1068 1149; x_wconf 91' lang='lat' dir='ltr'><strong>populi</strong></span> <span class='ocrx_word' id='word_1_61' title='bbox 1091 1059 1195 1149; x_wconf 71' lang='lat' dir='ltr'><strong>lepos.</strong></span> <span class='ocrx_word' id='word_1_62' title='bbox 1228 1060 1404 1149; x_wconf 84' lang='lat' dir='ltr'><strong>Scriptura</strong></span> <span class='ocrx_word' id='word_1_63' title='bbox 1423 1062 1567 1148; x_wconf 90' lang='lat' dir='ltr'><strong>symbo-</strong></span> 
     </span>
     <span class='ocr_line' id='line_1_9' title="bbox 247 1165 1566 1258; baseline 0.001 -24"><span class='ocrx_word' id='word_1_64' title='bbox 247 1171 317 1236; x_wconf 89' lang='lat' dir='ltr'><strong>lum</strong></span> <span class='ocrx_word' id='word_1_65' title='bbox 342 1175 391 1234; x_wconf 91' lang='lat' dir='ltr'><strong>est</strong></span> <span class='ocrx_word' id='word_1_66' title='bbox 409 1165 635 1257; x_wconf 82' lang='lat' dir='ltr'><strong>perennitatis</strong></span> <span class='ocrx_word' id='word_1_67' title='bbox 660 1165 771 1247; x_wconf 92' lang='lat' dir='ltr'><strong>illius,</strong></span> <span class='ocrx_word' id='word_1_68' title='bbox 789 1186 877 1253; x_wconf 89' lang='lat' dir='ltr'><strong>quae</strong></span> <span class='ocrx_word' id='word_1_69' title='bbox 900 1165 1036 1253; x_wconf 89' lang='lat' dir='ltr'><strong>legibus</strong></span> <span class='ocrx_word' id='word_1_70' title='bbox 1060 1166 1252 1253; x_wconf 87' lang='lat' dir='ltr'><strong>congruit:</strong></span> <span class='ocrx_word' id='word_1_71' title='bbox 1279 1167 1404 1234; x_wconf 89' lang='lat' dir='ltr'><strong>etenim</strong></span> <span class='ocrx_word' id='word_1_72' title='bbox 1434 1170 1566 1258; x_wconf 89' lang='lat' dir='ltr'><strong>scripta</strong></span> 
     </span>
     <span class='ocr_line' id='line_1_10' title="bbox 246 1271 1565 1363; baseline 0 -22"><span class='ocrx_word' id='word_1_73' title='bbox 246 1279 396 1341; x_wconf 90' lang='lat' dir='ltr'><strong>manent.</strong></span> <span class='ocrx_word' id='word_1_74' title='bbox 433 1273 599 1360; x_wconf 81' lang='lat' dir='ltr'><strong>Erigebat</strong></span> <span class='ocrx_word' id='word_1_75' title='bbox 632 1273 704 1339; x_wconf 88' lang='lat' dir='ltr'><strong>lere</strong></span> <span class='ocrx_word' id='word_1_76' title='bbox 742 1271 960 1340; x_wconf 87' lang='lat' dir='ltr'><strong>auctoritates</strong></span> <span class='ocrx_word' id='word_1_77' title='bbox 998 1272 1216 1358; x_wconf 81' lang='lat' dir='ltr'><strong>legislatoris,</strong></span> <span class='ocrx_word' id='word_1_78' title='bbox 1245 1274 1423 1363; x_wconf 86' lang='lat' dir='ltr'><strong>multoque</strong></span> <span class='ocrx_word' id='word_1_79' title='bbox 1449 1275 1565 1362; x_wconf 87' lang='lat' dir='ltr'><strong>magis</strong></span> 
     </span>
     <span class='ocr_line' id='line_1_11' title="bbox 245 1378 1564 1469; baseline 0.001 -23"><span class='ocrx_word' id='word_1_80' title='bbox 245 1380 453 1468; x_wconf 86' lang='lat' dir='ltr'><strong>legislatoris</strong></span> <span class='ocrx_word' id='word_1_81' title='bbox 480 1379 555 1463; x_wconf 82' lang='lat' dir='ltr'><strong>Dei,</strong></span> <span class='ocrx_word' id='word_1_82' title='bbox 580 1385 617 1446; x_wconf 87' lang='lat' dir='ltr'><strong>ut</strong></span> <span class='ocrx_word' id='word_1_83' title='bbox 643 1379 716 1444; x_wconf 91' lang='lat' dir='ltr'><strong>eius</strong></span> <span class='ocrx_word' id='word_1_84' title='bbox 742 1378 906 1445; x_wconf 90' lang='lat' dir='ltr'><strong>mandata</strong></span> <span class='ocrx_word' id='word_1_85' title='bbox 930 1378 1173 1460; x_wconf 89' lang='lat' dir='ltr'><strong>scriberentur,</strong></span> <span class='ocrx_word' id='word_1_86' title='bbox 1201 1401 1270 1469; x_wconf 92' lang='lat' dir='ltr'><strong>quo</strong></span> <span class='ocrx_word' id='word_1_87' title='bbox 1295 1386 1415 1463; x_wconf 87' lang='lat' dir='ltr'><strong>contra</strong></span> <span class='ocrx_word' id='word_1_88' title='bbox 1438 1380 1564 1462; x_wconf 88' lang='lat' dir='ltr'><strong>dubia,</strong></span> 
     </span>
     <span class='ocr_line' id='line_1_12' title="bbox 246 1485 1567 1576; baseline 0.001 -23"><span class='ocrx_word' id='word_1_89' title='bbox 246 1489 365 1576; x_wconf 90' lang='lat' dir='ltr'><strong>iniqua</strong></span> <span class='ocrx_word' id='word_1_90' title='bbox 384 1487 701 1575; x_wconf 89' lang='lat' dir='ltr'><strong>interpretamenta,</strong></span> <span class='ocrx_word' id='word_1_91' title='bbox 719 1485 928 1551; x_wconf 91' lang='lat' dir='ltr'><strong>oblivionem</strong></span> <span class='ocrx_word' id='word_1_92' title='bbox 943 1485 1171 1552; x_wconf 83' lang='lat' dir='ltr'><strong>munirentur.</strong></span> <span class='ocrx_word' id='word_1_93' title='bbox 1190 1491 1301 1567; x_wconf 86' lang='lat' dir='ltr'><strong>Decet,</strong></span> <span class='ocrx_word' id='word_1_94' title='bbox 1324 1493 1361 1552; x_wconf 87' lang='lat' dir='ltr'><strong>ut</strong></span> <span class='ocrx_word' id='word_1_95' title='bbox 1375 1485 1491 1553; x_wconf 92' lang='lat' dir='ltr'><strong>divina</strong></span> <span class='ocrx_word' id='word_1_96' title='bbox 1512 1488 1567 1554; x_wconf 82' lang='lat' dir='ltr'><strong>lex</strong></span> 
     </span>
     <span class='ocr_line' id='line_1_13' title="bbox 247 1591 1566 1682; baseline -0.001 -21"><span class='ocrx_word' id='word_1_97' title='bbox 247 1617 265 1660; x_wconf 93' lang='grc'><strong>1</strong></span> <span class='ocrx_word' id='word_1_98' title='bbox 292 1593 419 1682; x_wconf 89' lang='lat' dir='ltr'><strong>scripto</strong></span> <span class='ocrx_word' id='word_1_99' title='bbox 439 1593 691 1682; x_wconf 88' lang='lat' dir='ltr'><strong>promulgetur.</strong></span> <span class='ocrx_word' id='word_1_100' title='bbox 711 1591 883 1681; x_wconf 90' lang='lat' dir='ltr'><strong>Scriptum</strong></span> <span class='ocrx_word' id='word_1_101' title='bbox 903 1597 952 1657; x_wconf 90' lang='lat' dir='ltr'><strong>est</strong></span> <span class='ocrx_word' id='word_1_102' title='bbox 967 1591 1055 1658; x_wconf 93' lang='lat' dir='ltr'><strong>illud</strong></span> <span class='ocrx_word' id='word_1_103' title='bbox 1069 1592 1277 1682; x_wconf 85' lang='lat' dir='ltr'><strong>particulare</strong></span> <span class='ocrx_word' id='word_1_104' title='bbox 1293 1599 1410 1659; x_wconf 90' lang='lat' dir='ltr'><strong>contra</strong></span> <span class='ocrx_word' id='word_1_105' title='bbox 1427 1594 1566 1660; x_wconf 78' lang='lat' dir='ltr'><strong>Amale-</strong></span> 
     </span>
     <span class='ocr_line' id='line_1_14' title="bbox 246 1696 1564 1787; baseline -0.002 -20"><span class='ocrx_word' id='word_1_106' title='bbox 246 1701 330 1767; x_wconf 91' lang='lat' dir='ltr'><strong>citas</strong></span> <span class='ocrx_word' id='word_1_107' title='bbox 347 1698 547 1766; x_wconf 89' lang='lat' dir='ltr'><strong>mandatum</strong></span> <span class='ocrx_word' id='word_1_108' title='bbox 567 1703 625 1765; x_wconf 82' lang='lat' dir='ltr'><strong>Ex.</strong></span> <span class='ocrx_word' id='word_1_109' title='bbox 647 1705 747 1778; x_wconf 79' lang='lat' dir='ltr'><strong>17,1t</strong></span> <span class='ocrx_word' id='word_1_110' title='bbox 767 1718 775 1764; x_wconf 77' lang='grc' dir='ltr'><strong><em>ε</em></strong></span> <span class='ocrx_word' id='word_1_111' title='bbox 793 1696 957 1764; x_wconf 87' lang='lat' dir='ltr'><strong>credesne</strong></span> <span class='ocrx_word' id='word_1_112' title='bbox 980 1699 1142 1764; x_wconf 89' lang='lat' dir='ltr'><strong>mansisse</strong></span> <span class='ocrx_word' id='word_1_113' title='bbox 1161 1721 1230 1764; x_wconf 92' lang='lat' dir='ltr'><strong>non</strong></span> <span class='ocrx_word' id='word_1_114' title='bbox 1246 1698 1388 1787; x_wconf 92' lang='lat' dir='ltr'><strong>scriptas</strong></span> <span class='ocrx_word' id='word_1_115' title='bbox 1402 1699 1564 1784; x_wconf 87' lang='lat' dir='ltr'><strong>gravissi-</strong></span> 
     </span>
     <span class='ocr_line' id='line_1_15' title="bbox 246 1803 1203 1892; baseline -0.003 -19"><span class='ocrx_word' id='word_1_116' title='bbox 246 1829 321 1873; x_wconf 92' lang='lat' dir='ltr'><strong>mas</strong></span> <span class='ocrx_word' id='word_1_117' title='bbox 339 1805 417 1872; x_wconf 89' lang='lat' dir='ltr'><strong>illas</strong></span> <span class='ocrx_word' id='word_1_118' title='bbox 435 1806 529 1892; x_wconf 90' lang='lat' dir='ltr'><strong>leges</strong></span> <span class='ocrx_word' id='word_1_119' title='bbox 543 1805 732 1871; x_wconf 88' lang='lat' dir='ltr'><strong>Thorarum</strong></span> <span class='ocrx_word' id='word_1_120' title='bbox 745 1803 920 1870; x_wconf 89' lang='lat' dir='ltr'><strong>Munditiei</strong></span> <span class='ocrx_word' id='word_1_121' title='bbox 935 1810 968 1870; x_wconf 88' lang='grc'><strong>11</strong></span> <span class='ocrx_word' id='word_1_122' title='bbox 985 1804 1203 1871; x_wconf 78' lang='lat' dir='ltr'><strong>sanctitatis?</strong></span> 
     </span>
    </p>

    <p class='ocr_par' dir='ltr' id='par_1_3' title="bbox 246 1909 1654 2746">
     <span class='ocr_line' id='line_1_16' title="bbox 291 1909 1562 2000; baseline -0.001 -21"><span class='ocrx_word' id='word_1_123' title='bbox 291 1912 399 1999; x_wconf 84' lang='lat' dir='ltr'><strong>Igitur</strong></span> <span class='ocrx_word' id='word_1_124' title='bbox 422 1933 542 1978; x_wconf 89' lang='lat' dir='ltr'><strong>censeo</strong></span> <span class='ocrx_word' id='word_1_125' title='bbox 562 1909 743 2000; x_wconf 87' lang='lat' dir='ltr'><strong>equidem,</strong></span> <span class='ocrx_word' id='word_1_126' title='bbox 766 1932 988 2000; x_wconf 88' lang='lat' dir='ltr'><strong>quascunque</strong></span> <span class='ocrx_word' id='word_1_127' title='bbox 1011 1909 1107 1999; x_wconf 87' lang='lat' dir='ltr'><strong>leges</strong></span> <span class='ocrx_word' id='word_1_128' title='bbox 1126 1916 1251 1999; x_wconf 83' lang='lat' dir='ltr'><strong>Moyses</strong></span> <span class='ocrx_word' id='word_1_129' title='bbox 1276 1910 1562 2000; x_wconf 86' lang='lat' dir='ltr'><strong>promulgaverit,</strong></span> 
     </span>
     <span class='ocr_line' id='line_1_17' title="bbox 247 2016 1563 2105; baseline -0.002 -19"><span class='ocrx_word' id='word_1_130' title='bbox 247 2019 384 2086; x_wconf 88' lang='lat' dir='ltr'><strong>easdem</strong></span> <span class='ocrx_word' id='word_1_131' title='bbox 403 2039 483 2085; x_wconf 88' lang='lat' dir='ltr'><strong>eum</strong></span> <span class='ocrx_word' id='word_1_132' title='bbox 498 2022 599 2084; x_wconf 90' lang='lat' dir='ltr'><strong>antea</strong></span> <span class='ocrx_word' id='word_1_133' title='bbox 618 2021 677 2084; x_wconf 91' lang='lat' dir='ltr'><strong>aut</strong></span> <span class='ocrx_word' id='word_1_134' title='bbox 701 2016 874 2105; x_wconf 88' lang='lat' dir='ltr'><strong>scripsisse</strong></span> <span class='ocrx_word' id='word_1_135' title='bbox 891 2021 951 2085; x_wconf 91' lang='lat' dir='ltr'><strong>aut</strong></span> <span class='ocrx_word' id='word_1_136' title='bbox 966 2017 1071 2084; x_wconf 90' lang='lat' dir='ltr'><strong>scribi</strong></span> <span class='ocrx_word' id='word_1_137' title='bbox 1086 2039 1232 2085; x_wconf 86' lang='lat' dir='ltr'><strong>curasse.</strong></span> <span class='ocrx_word' id='word_1_138' title='bbox 1248 2017 1360 2084; x_wconf 92' lang='lat' dir='ltr'><strong>Potuit</strong></span> <span class='ocrx_word' id='word_1_139' title='bbox 1375 2017 1466 2084; x_wconf 89' lang='lat' dir='ltr'><strong>enim</strong></span> <span class='ocrx_word' id='word_1_140' title='bbox 1482 2018 1563 2084; x_wconf 87' lang='lat' dir='ltr'><strong>illas</strong></span> 
     </span>
     <span class='ocr_line' id='line_1_18' title="bbox 246 2123 1564 2214; baseline 0 -22"><span class='ocrx_word' id='word_1_141' title='bbox 246 2132 306 2192; x_wconf 94' lang='grc'><strong>1111</strong></span> <span class='ocrx_word' id='word_1_142' title='bbox 336 2125 408 2214; x_wconf 89' lang='lat' dir='ltr'><strong>ipsc</strong></span> <span class='ocrx_word' id='word_1_143' title='bbox 438 2123 586 2191; x_wconf 89' lang='lat' dir='ltr'><strong>scribere</strong></span> <span class='ocrx_word' id='word_1_144' title='bbox 614 2128 675 2191; x_wconf 93' lang='lat' dir='ltr'><strong>aut</strong></span> <span class='ocrx_word' id='word_1_145' title='bbox 694 2123 843 2207; x_wconf 88' lang='lat' dir='ltr'><strong>dictare,</strong></span> <span class='ocrx_word' id='word_1_146' title='bbox 860 2124 946 2190; x_wconf 55' lang='lat' dir='ltr'><strong>&gt;imo</strong></span> <span class='ocrx_word' id='word_1_147' title='bbox 975 2123 1063 2210; x_wconf 89' lang='lat' dir='ltr'><strong>legis</strong></span> <span class='ocrx_word' id='word_1_148' title='bbox 1088 2145 1259 2191; x_wconf 90' lang='lat' dir='ltr'><strong>summam</strong></span> <span class='ocrx_word' id='word_1_149' title='bbox 1289 2146 1428 2191; x_wconf 90' lang='lat' dir='ltr'><strong>suorum</strong></span> <span class='ocrx_word' id='word_1_150' title='bbox 1461 2124 1564 2192; x_wconf 91' lang='lat' dir='ltr'><strong>alicui</strong></span> 
     </span>
     <span class='ocr_line' id='line_1_19' title="bbox 246 2228 1564 2321; baseline 0.001 -23"><span class='ocrx_word' id='word_1_151' title='bbox 246 2231 399 2298; x_wconf 88' lang='lat' dir='ltr'><strong>indicare</strong></span> <span class='ocrx_word' id='word_1_152' title='bbox 434 2235 537 2320; x_wconf 90' lang='lat' dir='ltr'><strong>atque</strong></span> <span class='ocrx_word' id='word_1_153' title='bbox 570 2228 814 2297; x_wconf 88' lang='lat' dir='ltr'><strong>elaborandam</strong></span> <span class='ocrx_word' id='word_1_154' title='bbox 843 2230 1062 2318; x_wconf 88' lang='lat' dir='ltr'><strong>permittere,</strong></span> <span class='ocrx_word' id='word_1_155' title='bbox 1095 2230 1306 2298; x_wconf 86' lang='lat' dir='ltr'><strong>eleboratum</strong></span> <span class='ocrx_word' id='word_1_156' title='bbox 1338 2237 1456 2320; x_wconf 89' lang='lat' dir='ltr'><strong>postea</strong></span> <span class='ocrx_word' id='word_1_157' title='bbox 1490 2233 1564 2321; x_wconf 89' lang='lat' dir='ltr'><strong>ipse</strong></span> 
     </span>
     <span class='ocr_line' id='line_1_20' title="bbox 247 2334 1654 2426; baseline -0.001 -21"><span class='ocrx_word' id='word_1_158' title='bbox 247 2359 491 2424; x_wconf 84' lang='lat' dir='ltr'><strong>recognoscere</strong></span> <span class='ocrx_word' id='word_1_159' title='bbox 521 2341 556 2402; x_wconf 89' lang='lat' dir='ltr'><strong>et</strong></span> <span class='ocrx_word' id='word_1_160' title='bbox 582 2334 787 2426; x_wconf 88' lang='lat' dir='ltr'><strong>approbare.</strong></span> <span class='ocrx_word' id='word_1_161' title='bbox 815 2343 884 2414; x_wconf 86' lang='lat' dir='ltr'><strong>Quo</strong></span> <span class='ocrx_word' id='word_1_162' title='bbox 909 2336 999 2403; x_wconf 85' lang='lat' dir='ltr'><strong>lacto</strong></span> <span class='ocrx_word' id='word_1_163' title='bbox 1025 2358 1105 2403; x_wconf 90' lang='lat' dir='ltr'><strong>vere</strong></span> <span class='ocrx_word' id='word_1_164' title='bbox 1134 2337 1297 2403; x_wconf 90' lang='lat' dir='ltr'><strong>manebat</strong></span> <span class='ocrx_word' id='word_1_165' title='bbox 1320 2341 1446 2425; x_wconf 89' lang='lat' dir='ltr'><strong>Moyses</strong></span> <span class='ocrx_word' id='word_1_166' title='bbox 1477 2338 1564 2424; x_wconf 90' lang='lat' dir='ltr'><strong>legis</strong></span> <span class='ocrx_word' id='word_1_167' title='bbox 1642 2350 1654 2367; x_wconf 85' lang='lat'><strong><em>‘</em></strong></span> 
     </span>
     <span class='ocr_line' id='line_1_21' title="bbox 248 2440 1565 2532; baseline -0.001 -20"><span class='ocrx_word' id='word_1_168' title='bbox 248 2451 376 2525; x_wconf 89' lang='lat' dir='ltr'><strong>auctor,</strong></span> <span class='ocrx_word' id='word_1_169' title='bbox 401 2443 584 2531; x_wconf 88' lang='lat' dir='ltr'><strong>legemque</strong></span> <span class='ocrx_word' id='word_1_170' title='bbox 604 2440 806 2508; x_wconf 88' lang='lat' dir='ltr'><strong>tradebatur</strong></span> <span class='ocrx_word' id='word_1_171' title='bbox 829 2441 1021 2532; x_wconf 89' lang='lat' dir='ltr'><strong>scripsisse;</strong></span> <span class='ocrx_word' id='word_1_172' title='bbox 1046 2464 1126 2508; x_wconf 89' lang='lat' dir='ltr'><strong>vere</strong></span> <span class='ocrx_word' id='word_1_173' title='bbox 1156 2443 1319 2511; x_wconf 88' lang='lat' dir='ltr'><strong>manebat</strong></span> <span class='ocrx_word' id='word_1_174' title='bbox 1345 2466 1387 2511; x_wconf 88' lang='lat' dir='ltr'><strong>ea</strong></span> <span class='ocrx_word' id='word_1_175' title='bbox 1413 2445 1466 2512; x_wconf 80' lang='lat' dir='ltr'><strong>lex</strong></span> <span class='ocrx_word' id='word_1_176' title='bbox 1491 2466 1565 2511; x_wconf 87' lang='lat' dir='ltr'><strong>ver-</strong></span> 
     </span>
     <span class='ocr_line' id='line_1_22' title="bbox 246 2548 1565 2639; baseline 0 -21"><span class='ocrx_word' id='word_1_177' title='bbox 246 2552 327 2618; x_wconf 88' lang='lat' dir='ltr'><strong>bum</strong></span> <span class='ocrx_word' id='word_1_178' title='bbox 353 2551 472 2632; x_wconf 88' lang='lat' dir='ltr'><strong>lahve,</strong></span> <span class='ocrx_word' id='word_1_179' title='bbox 494 2571 573 2617; x_wconf 91' lang='lat' dir='ltr'><strong>curn</strong></span> <span class='ocrx_word' id='word_1_180' title='bbox 591 2571 663 2616; x_wconf 90' lang='lat' dir='ltr'><strong>non</strong></span> <span class='ocrx_word' id='word_1_181' title='bbox 686 2570 853 2635; x_wconf 89' lang='lat' dir='ltr'><strong>cogamur</strong></span> <span class='ocrx_word' id='word_1_182' title='bbox 873 2550 909 2615; x_wconf 90' lang='lat' dir='ltr'><strong>in</strong></span> <span class='ocrx_word' id='word_1_183' title='bbox 930 2548 984 2615; x_wconf 93' lang='lat' dir='ltr'><strong>his</strong></span> <span class='ocrx_word' id='word_1_184' title='bbox 1007 2548 1184 2616; x_wconf 85' lang='lat' dir='ltr'><strong>adstruere</strong></span> <span class='ocrx_word' id='word_1_185' title='bbox 1201 2550 1465 2639; x_wconf 83' lang='lat' dir='ltr'><strong>inspirationem</strong></span> <span class='ocrx_word' id='word_1_186' title='bbox 1487 2573 1565 2618; x_wconf 88' lang='lat' dir='ltr'><strong>ver·</strong></span> 
     </span>
     <span class='ocr_line' id='line_1_23' title="bbox 246 2653 1482 2746; baseline 0.001 -22"><span class='ocrx_word' id='word_1_187' title='bbox 246 2657 378 2738; x_wconf 90' lang='lat' dir='ltr'><strong>balem,</strong></span> <span class='ocrx_word' id='word_1_188' title='bbox 398 2655 457 2725; x_wconf 91' lang='lat' dir='ltr'><strong>sed</strong></span> <span class='ocrx_word' id='word_1_189' title='bbox 475 2655 659 2723; x_wconf 88' lang='lat' dir='ltr'><strong>verborum</strong></span> <span class='ocrx_word' id='word_1_190' title='bbox 676 2655 847 2722; x_wconf 88' lang='lat' dir='ltr'><strong>delectum</strong></span> <span class='ocrx_word' id='word_1_191' title='bbox 865 2655 1017 2746; x_wconf 87' lang='lat' dir='ltr'><strong>potuerit</strong></span> <span class='ocrx_word' id='word_1_192' title='bbox 1035 2657 1137 2724; x_wconf 90' lang='lat' dir='ltr'><strong>lahve</strong></span> <span class='ocrx_word' id='word_1_193' title='bbox 1152 2656 1252 2743; x_wconf 83' lang='lat' dir='ltr'><strong>Moysi</strong></span> <span class='ocrx_word' id='word_1_194' title='bbox 1271 2653 1482 2745; x_wconf 88' lang='lat' dir='ltr'><strong>permittere.</strong></span> 
     </span>
    </p>

    <p class='ocr_par' dir='ltr' id='par_1_4' title="bbox 247 2761 1564 4770">
     <span class='ocr_line' id='line_1_24' title="bbox 291 2761 1561 2853; baseline -0.001 -25"><span class='ocrx_word' id='word_1_195' title='bbox 291 2770 433 2847; x_wconf 80' lang='lat' dir='ltr'><strong>Verum,</strong></span> <span class='ocrx_word' id='word_1_196' title='bbox 461 2762 489 2830; x_wconf 91' lang='lat' dir='ltr'><strong>si</strong></span> <span class='ocrx_word' id='word_1_197' title='bbox 517 2763 610 2850; x_wconf 87' lang='lat' dir='ltr'><strong>leges</strong></span> <span class='ocrx_word' id='word_1_198' title='bbox 638 2761 953 2852; x_wconf 89' lang='lat' dir='ltr'><strong>promulgabantur</strong></span> <span class='ocrx_word' id='word_1_199' title='bbox 987 2763 1152 2851; x_wconf 89' lang='lat' dir='ltr'><strong>scriptae,</strong></span> <span class='ocrx_word' id='word_1_200' title='bbox 1183 2761 1392 2830; x_wconf 90' lang='lat' dir='ltr'><strong>dubitaverit</strong></span> <span class='ocrx_word' id='word_1_201' title='bbox 1425 2763 1561 2853; x_wconf 87' lang='lat' dir='ltr'><strong>aliquis,</strong></span> 
     </span>
     <span class='ocr_line' id='line_1_25' title="bbox 247 2868 1564 2960; baseline -0.002 -21"><span class='ocrx_word' id='word_1_202' title='bbox 247 2873 438 2960; x_wconf 91' lang='lat' dir='ltr'><strong>scriptaene</strong></span> <span class='ocrx_word' id='word_1_203' title='bbox 461 2869 528 2935; x_wconf 90' lang='lat' dir='ltr'><strong>sint</strong></span> <span class='ocrx_word' id='word_1_204' title='bbox 553 2892 624 2936; x_wconf 92' lang='lat' dir='ltr'><strong>uno</strong></span> <span class='ocrx_word' id='word_1_205' title='bbox 648 2868 840 2957; x_wconf 90' lang='lat' dir='ltr'><strong>eodemque</strong></span> <span class='ocrx_word' id='word_1_206' title='bbox 862 2868 963 2935; x_wconf 91' lang='lat' dir='ltr'><strong>simul</strong></span> <span class='ocrx_word' id='word_1_207' title='bbox 984 2876 1139 2958; x_wconf 88' lang='lat' dir='ltr'><strong>tempore</strong></span> <span class='ocrx_word' id='word_1_208' title='bbox 1167 2875 1199 2935; x_wconf 89' lang='lat' dir='ltr'><strong>ct</strong></span> <span class='ocrx_word' id='word_1_209' title='bbox 1223 2871 1374 2936; x_wconf 88' lang='lat' dir='ltr'><strong>narratio</strong></span> <span class='ocrx_word' id='word_1_210' title='bbox 1399 2869 1564 2936; x_wconf 87' lang='lat' dir='ltr'><strong>historica</strong></span> 
     </span>
     <span class='ocr_line' id='line_1_26' title="bbox 249 2975 1561 3066; baseline -0.004 -22"><span class='ocrx_word' id='word_1_211' title='bbox 249 2983 280 3044; x_wconf 88' lang='lat' dir='ltr'><strong>ct</strong></span> <span class='ocrx_word' id='word_1_212' title='bbox 313 2978 406 3062; x_wconf 86' lang='lat' dir='ltr'><strong>leges</strong></span> <span class='ocrx_word' id='word_1_213' title='bbox 428 2997 562 3054; x_wconf 77' lang='lat' dir='ltr'><strong>omneS,</strong></span> <span class='ocrx_word' id='word_1_214' title='bbox 581 2980 673 3041; x_wconf 88' lang='lat' dir='ltr'><strong>totus</strong></span> <span class='ocrx_word' id='word_1_215' title='bbox 700 2981 809 3041; x_wconf 82' lang='lat' dir='ltr'><strong>textus</strong></span> <span class='ocrx_word' id='word_1_216' title='bbox 829 2978 1005 3041; x_wconf 60' lang='lat' dir='ltr'><strong>ExeNum.</strong></span> <span class='ocrx_word' id='word_1_217' title='bbox 1033 2975 1144 3064; x_wconf 90' lang='lat' dir='ltr'><strong>qualis</strong></span> <span class='ocrx_word' id='word_1_218' title='bbox 1165 2997 1256 3043; x_wconf 90' lang='lat' dir='ltr'><strong>nunc</strong></span> <span class='ocrx_word' id='word_1_219' title='bbox 1284 2980 1349 3059; x_wconf 88' lang='lat' dir='ltr'><strong>est,</strong></span> <span class='ocrx_word' id='word_1_220' title='bbox 1377 2996 1422 3042; x_wconf 91' lang='lat' dir='ltr'><strong>an</strong></span> <span class='ocrx_word' id='word_1_221' title='bbox 1446 2976 1561 3066; x_wconf 87' lang='lat' dir='ltr'><strong>potius</strong></span> 
     </span>
     <span class='ocr_line' id='line_1_27' title="bbox 248 3080 1561 3170; baseline -0.001 -21"><span class='ocrx_word' id='word_1_222' title='bbox 248 3083 388 3151; x_wconf 91' lang='lat' dir='ltr'><strong>seorsim</strong></span> <span class='ocrx_word' id='word_1_223' title='bbox 406 3083 551 3170; x_wconf 88' lang='lat' dir='ltr'><strong>scriptae</strong></span> <span class='ocrx_word' id='word_1_224' title='bbox 571 3080 639 3147; x_wconf 91' lang='lat' dir='ltr'><strong>sint</strong></span> <span class='ocrx_word' id='word_1_225' title='bbox 658 3081 766 3166; x_wconf 87' lang='lat' dir='ltr'><strong>leges,</strong></span> <span class='ocrx_word' id='word_1_226' title='bbox 785 3080 924 3146; x_wconf 90' lang='lat' dir='ltr'><strong>seorsim</strong></span> <span class='ocrx_word' id='word_1_227' title='bbox 944 3080 1107 3161; x_wconf 89' lang='lat' dir='ltr'><strong>narratio,</strong></span> <span class='ocrx_word' id='word_1_228' title='bbox 1126 3082 1317 3148; x_wconf 88' lang='lat' dir='ltr'><strong>actandom</strong></span> <span class='ocrx_word' id='word_1_229' title='bbox 1330 3084 1415 3149; x_wconf 89' lang='lat' dir='ltr'><strong>haec</strong></span> <span class='ocrx_word' id='word_1_230' title='bbox 1430 3086 1463 3148; x_wconf 91' lang='lat' dir='ltr'><strong>ct</strong></span> <span class='ocrx_word' id='word_1_231' title='bbox 1479 3080 1561 3148; x_wconf 92' lang='lat' dir='ltr'><strong>illae</strong></span> 
     </span>
     <span class='ocr_line' id='line_1_28' title="bbox 247 3176 1561 3277; baseline -0.002 -20"><span class='ocrx_word' id='word_1_232' title='bbox 247 3176 409 3258; x_wconf 89' lang='lat' dir='ltr'><strong>inunum</strong></span> <span class='ocrx_word' id='word_1_233' title='bbox 434 3210 521 3277; x_wconf 89' lang='lat' dir='ltr'><strong>opus</strong></span> <span class='ocrx_word' id='word_1_234' title='bbox 552 3187 723 3254; x_wconf 85' lang='lat' dir='ltr'><strong>confusae.</strong></span> <span class='ocrx_word' id='word_1_235' title='bbox 751 3186 893 3254; x_wconf 89' lang='lat' dir='ltr'><strong>Videtur</strong></span> <span class='ocrx_word' id='word_1_236' title='bbox 918 3209 1146 3277; x_wconf 85' lang='lat' dir='ltr'><strong>unaquaeque</strong></span> <span class='ocrx_word' id='word_1_237' title='bbox 1174 3188 1229 3255; x_wconf 81' lang='lat' dir='ltr'><strong>lex</strong></span> <span class='ocrx_word' id='word_1_238' title='bbox 1258 3187 1437 3256; x_wconf 91' lang='lat' dir='ltr'><strong>scribenda</strong></span> <span class='ocrx_word' id='word_1_239' title='bbox 1459 3189 1561 3255; x_wconf 85' lang='lat' dir='ltr'><strong>luisse</strong></span> 
     </span>
     <span class='ocr_line' id='line_1_29' title="bbox 248 3293 1559 3387; baseline -0.005 -21"><span class='ocrx_word' id='word_1_240' title='bbox 248 3299 377 3387; x_wconf 89' lang='lat' dir='ltr'><strong>absque</strong></span> <span class='ocrx_word' id='word_1_241' title='bbox 399 3317 496 3362; x_wconf 90' lang='lat' dir='ltr'><strong>mora</strong></span> <span class='ocrx_word' id='word_1_242' title='bbox 519 3300 604 3377; x_wconf 91' lang='lat' dir='ltr'><strong>tum,</strong></span> <span class='ocrx_word' id='word_1_243' title='bbox 630 3293 771 3383; x_wconf 90' lang='lat' dir='ltr'><strong>quando</strong></span> <span class='ocrx_word' id='word_1_244' title='bbox 801 3316 820 3359; x_wconf 90' lang='lat' dir='ltr'><strong>a</strong></span> <span class='ocrx_word' id='word_1_245' title='bbox 850 3299 917 3360; x_wconf 84' lang='lat' dir='ltr'><strong>Deo</strong></span> <span class='ocrx_word' id='word_1_246' title='bbox 943 3295 1157 3383; x_wconf 90' lang='lat' dir='ltr'><strong>promulgari</strong></span> <span class='ocrx_word' id='word_1_247' title='bbox 1176 3294 1374 3377; x_wconf 88' lang='lat' dir='ltr'><strong>iubebatur,</strong></span> <span class='ocrx_word' id='word_1_248' title='bbox 1400 3293 1559 3383; x_wconf 90' lang='lat' dir='ltr'><strong>nequod</strong></span> 
     </span>
     <span class='ocr_line' id='line_1_30' title="bbox 247 3399 1562 3490; baseline -0.005 -18"><span class='ocrx_word' id='word_1_249' title='bbox 247 3405 319 3472; x_wconf 91' lang='lat' dir='ltr'><strong>eius</strong></span> <span class='ocrx_word' id='word_1_250' title='bbox 349 3401 533 3471; x_wconf 82' lang='lat' dir='ltr'><strong>mutandae</strong></span> <span class='ocrx_word' id='word_1_251' title='bbox 557 3406 617 3468; x_wconf 91' lang='lat' dir='ltr'><strong>aut</strong></span> <span class='ocrx_word' id='word_1_252' title='bbox 645 3399 879 3466; x_wconf 89' lang='lat' dir='ltr'><strong>obscurandae</strong></span> <span class='ocrx_word' id='word_1_253' title='bbox 901 3405 987 3466; x_wconf 88' lang='lat' dir='ltr'><strong>esset</strong></span> <span class='ocrx_word' id='word_1_254' title='bbox 1017 3400 1221 3490; x_wconf 88' lang='lat' dir='ltr'><strong>periculum.</strong></span> <span class='ocrx_word' id='word_1_255' title='bbox 1249 3403 1286 3468; x_wconf 90' lang='lat' dir='ltr'><strong>ld</strong></span> <span class='ocrx_word' id='word_1_256' title='bbox 1309 3403 1380 3469; x_wconf 87' lang='lat' dir='ltr'><strong>sere</strong></span> <span class='ocrx_word' id='word_1_257' title='bbox 1404 3400 1562 3488; x_wconf 84' lang='lat' dir='ltr'><strong>exigebat</strong></span> 
     </span>
     <span class='ocr_line' id='line_1_31' title="bbox 248 3506 1560 3580; baseline -0.005 -1"><span class='ocrx_word' id='word_1_258' title='bbox 248 3512 439 3580; x_wconf 88' lang='lat' dir='ltr'><strong>reverentia</strong></span> <span class='ocrx_word' id='word_1_259' title='bbox 461 3515 528 3577; x_wconf 86' lang='lat' dir='ltr'><strong>Deo</strong></span> <span class='ocrx_word' id='word_1_260' title='bbox 549 3507 676 3575; x_wconf 89' lang='lat' dir='ltr'><strong>debita.</strong></span> <span class='ocrx_word' id='word_1_261' title='bbox 694 3506 760 3573; x_wconf 87' lang='lat' dir='ltr'><strong>Sed</strong></span> <span class='ocrx_word' id='word_1_262' title='bbox 781 3507 877 3573; x_wconf 89' lang='lat' dir='ltr'><strong>nulla</strong></span> <span class='ocrx_word' id='word_1_263' title='bbox 898 3507 1035 3574; x_wconf 88' lang='lat' dir='ltr'><strong>videtur</strong></span> <span class='ocrx_word' id='word_1_264' title='bbox 1053 3508 1155 3574; x_wconf 90' lang='lat' dir='ltr'><strong>fuisse</strong></span> <span class='ocrx_word' id='word_1_265' title='bbox 1178 3509 1360 3575; x_wconf 88' lang='lat' dir='ltr'><strong>necessitas</strong></span> <span class='ocrx_word' id='word_1_266' title='bbox 1378 3513 1560 3575; x_wconf 87' lang='lat' dir='ltr'><strong>eventuum</strong></span> 
     </span>
     <span class='ocr_line' id='line_1_32' title="bbox 249 3599 1561 3703; baseline -0.002 -19"><span class='ocrx_word' id='word_1_267' title='bbox 249 3619 486 3684; x_wconf 85' lang='lat' dir='ltr'><strong>historicorum</strong></span> <span class='ocrx_word' id='word_1_268' title='bbox 504 3615 597 3682; x_wconf 93' lang='lat' dir='ltr'><strong>illico</strong></span> <span class='ocrx_word' id='word_1_269' title='bbox 620 3613 940 3694; x_wconf 88' lang='lat' dir='ltr'><strong>describendorum,</strong></span> <span class='ocrx_word' id='word_1_270' title='bbox 960 3615 1020 3703; x_wconf 94' lang='lat' dir='ltr'><strong>qui</strong></span> <span class='ocrx_word' id='word_1_271' title='bbox 1035 3599 1243 3682; x_wconf 90' lang='lat' dir='ltr'><strong>vividissime</strong></span> <span class='ocrx_word' id='word_1_272' title='bbox 1267 3615 1492 3682; x_wconf 88' lang='lat' dir='ltr'><strong>inhaererent</strong></span> <span class='ocrx_word' id='word_1_273' title='bbox 1506 3637 1561 3682; x_wconf 90' lang='lat' dir='ltr'><strong>ae·</strong></span> 
     </span>
     <span class='ocr_line' id='line_1_33' title="bbox 247 3721 1563 3815; baseline -0.002 -25"><span class='ocrx_word' id='word_1_274' title='bbox 247 3725 402 3815; x_wconf 88' lang='lat' dir='ltr'><strong>qualium</strong></span> <span class='ocrx_word' id='word_1_275' title='bbox 430 3721 626 3790; x_wconf 90' lang='lat' dir='ltr'><strong>memoriae.</strong></span> <span class='ocrx_word' id='word_1_276' title='bbox 648 3721 734 3788; x_wconf 90' lang='lat' dir='ltr'><strong>Satis</strong></span> <span class='ocrx_word' id='word_1_277' title='bbox 753 3726 843 3788; x_wconf 91' lang='lat' dir='ltr'><strong>certe</strong></span> <span class='ocrx_word' id='word_1_278' title='bbox 869 3726 942 3787; x_wconf 89' lang='lat' dir='ltr'><strong>erat</strong></span> <span class='ocrx_word' id='word_1_279' title='bbox 960 3726 1034 3788; x_wconf 90' lang='lat' dir='ltr'><strong>tum</strong></span> <span class='ocrx_word' id='word_1_280' title='bbox 1057 3721 1225 3789; x_wconf 89' lang='lat' dir='ltr'><strong>conscribi</strong></span> <span class='ocrx_word' id='word_1_281' title='bbox 1245 3728 1442 3789; x_wconf 85' lang='lat' dir='ltr'><strong>accuratam</strong></span> <span class='ocrx_word' id='word_1_282' title='bbox 1460 3721 1563 3789; x_wconf 90' lang='lat' dir='ltr'><strong>ratio-</strong></span> 
     </span>
     <span class='ocr_line' id='line_1_34' title="bbox 247 3827 1561 3918; baseline -0.003 -20"><span class='ocrx_word' id='word_1_283' title='bbox 247 3855 324 3900; x_wconf 89' lang='lat' dir='ltr'><strong>nem</strong></span> <span class='ocrx_word' id='word_1_284' title='bbox 357 3830 558 3910; x_wconf 90' lang='lat' dir='ltr'><strong>stationum,</strong></span> <span class='ocrx_word' id='word_1_285' title='bbox 581 3827 838 3910; x_wconf 89' lang='lat' dir='ltr'><strong>distantiarum,</strong></span> <span class='ocrx_word' id='word_1_286' title='bbox 861 3834 1068 3917; x_wconf 88' lang='lat' dir='ltr'><strong>temporum.</strong></span> <span class='ocrx_word' id='word_1_287' title='bbox 1096 3834 1137 3895; x_wconf 80' lang='lat' dir='ltr'><strong>At</strong></span> <span class='ocrx_word' id='word_1_288' title='bbox 1160 3829 1263 3918; x_wconf 91' lang='lat' dir='ltr'><strong>primi</strong></span> <span class='ocrx_word' id='word_1_289' title='bbox 1289 3828 1356 3895; x_wconf 93' lang='lat' dir='ltr'><strong>duo</strong></span> <span class='ocrx_word' id='word_1_290' title='bbox 1382 3829 1425 3894; x_wconf 90' lang='lat' dir='ltr'><strong>ab</strong></span> <span class='ocrx_word' id='word_1_291' title='bbox 1453 3827 1561 3894; x_wconf 82' lang='lat' dir='ltr'><strong>exodo</strong></span> 
     </span>
     <span class='ocr_line' id='line_1_35' title="bbox 248 3934 1561 4024; baseline -0.004 -20"><span class='ocrx_word' id='word_1_292' title='bbox 248 3939 329 4006; x_wconf 71' lang='lat' dir='ltr'><strong>zanni</strong></span> <span class='ocrx_word' id='word_1_293' title='bbox 353 3940 450 4005; x_wconf 85' lang='lat' dir='ltr'><strong>luere</strong></span> <span class='ocrx_word' id='word_1_294' title='bbox 476 3936 724 4024; x_wconf 91' lang='lat' dir='ltr'><strong>occupatissimi</strong></span> <span class='ocrx_word' id='word_1_295' title='bbox 748 3934 946 4017; x_wconf 90' lang='lat' dir='ltr'><strong>itineribus,</strong></span> <span class='ocrx_word' id='word_1_296' title='bbox 974 3934 1235 4017; x_wconf 86' lang='lat' dir='ltr'><strong>rebellionibus,</strong></span> <span class='ocrx_word' id='word_1_297' title='bbox 1263 3956 1439 4001; x_wconf 90' lang='lat' dir='ltr'><strong>sacrorum</strong></span> <span class='ocrx_word' id='word_1_298' title='bbox 1463 3934 1561 4000; x_wconf 88' lang='lat' dir='ltr'><strong>insti-</strong></span> 
     </span>
     <span class='ocr_line' id='line_1_36' title="bbox 248 4038 1562 4131; baseline -0.004 -20"><span class='ocrx_word' id='word_1_299' title='bbox 248 4045 450 4127; x_wconf 89' lang='lat' dir='ltr'><strong>tutionibus,</strong></span> <span class='ocrx_word' id='word_1_300' title='bbox 475 4043 593 4129; x_wconf 89' lang='lat' dir='ltr'><strong>legum</strong></span> <span class='ocrx_word' id='word_1_301' title='bbox 616 4038 857 4131; x_wconf 87' lang='lat' dir='ltr'><strong>scriptionibus</strong></span> <span class='ocrx_word' id='word_1_302' title='bbox 886 4048 919 4108; x_wconf 88' lang='lat' dir='ltr'><strong>et</strong></span> <span class='ocrx_word' id='word_1_303' title='bbox 942 4041 1293 4131; x_wconf 82' lang='lat' dir='ltr'><strong>promulgationibus.</strong></span> <span class='ocrx_word' id='word_1_304' title='bbox 1322 4046 1394 4107; x_wconf 93' lang='lat' dir='ltr'><strong>Non</strong></span> <span class='ocrx_word' id='word_1_305' title='bbox 1419 4046 1562 4131; x_wconf 87' lang='lat' dir='ltr'><strong>apparet</strong></span> 
     </span>
     <span class='ocr_line' id='line_1_37' title="bbox 248 4146 1562 4236; baseline -0.004 -18"><span class='ocrx_word' id='word_1_306' title='bbox 248 4153 333 4219; x_wconf 91' lang='lat' dir='ltr'><strong>ratio</strong></span> <span class='ocrx_word' id='word_1_307' title='bbox 350 4150 563 4230; x_wconf 82' lang='lat' dir='ltr'><strong>affirmandi,</strong></span> <span class='ocrx_word' id='word_1_308' title='bbox 578 4153 714 4235; x_wconf 85' lang='lat' dir='ltr'><strong>Moysen</strong></span> <span class='ocrx_word' id='word_1_309' title='bbox 731 4148 842 4215; x_wconf 86' lang='lat' dir='ltr'><strong>dedic</strong></span> <span class='ocrx_word' id='word_1_310' title='bbox 861 4149 1005 4215; x_wconf 84' lang='lat' dir='ltr'><strong>indiam</strong></span> <span class='ocrx_word' id='word_1_311' title='bbox 1027 4171 1146 4217; x_wconf 88' lang='lat' dir='ltr'><strong>eorum</strong></span> <span class='ocrx_word' id='word_1_312' title='bbox 1168 4170 1338 4216; x_wconf 87' lang='lat' dir='ltr'><strong>annorum</strong></span> <span class='ocrx_word' id='word_1_313' title='bbox 1361 4155 1436 4214; x_wconf 90' lang='lat' dir='ltr'><strong>acta</strong></span> <span class='ocrx_word' id='word_1_314' title='bbox 1456 4146 1562 4236; x_wconf 91' lang='lat' dir='ltr'><strong>scrip-</strong></span> 
     </span>
     <span class='ocr_line' id='line_1_38' title="bbox 247 4254 1562 4346; baseline -0.005 -21"><span class='ocrx_word' id='word_1_315' title='bbox 247 4260 338 4325; x_wconf 89' lang='lat' dir='ltr'><strong>sisse.</strong></span> <span class='ocrx_word' id='word_1_316' title='bbox 359 4257 471 4324; x_wconf 87' lang='lat' dir='ltr'><strong>Otium</strong></span> <span class='ocrx_word' id='word_1_317' title='bbox 491 4254 603 4346; x_wconf 94' lang='lat' dir='ltr'><strong>potius</strong></span> <span class='ocrx_word' id='word_1_318' title='bbox 624 4254 814 4321; x_wconf 88' lang='lat' dir='ltr'><strong>scribendis</strong></span> <span class='ocrx_word' id='word_1_319' title='bbox 831 4255 981 4321; x_wconf 90' lang='lat' dir='ltr'><strong>historiis</strong></span> <span class='ocrx_word' id='word_1_320' title='bbox 1001 4255 1162 4344; x_wconf 89' lang='lat' dir='ltr'><strong>praebuit</strong></span> <span class='ocrx_word' id='word_1_321' title='bbox 1185 4255 1372 4322; x_wconf 90' lang='lat' dir='ltr'><strong>multorum</strong></span> <span class='ocrx_word' id='word_1_322' title='bbox 1392 4275 1562 4320; x_wconf 89' lang='lat' dir='ltr'><strong>annorum</strong></span> 
     </span>
     <span class='ocr_line' id='line_1_39' title="bbox 247 4359 1562 4450; baseline -0.007 -17"><span class='ocrx_word' id='word_1_323' title='bbox 247 4366 468 4434; x_wconf 89' lang='lat' dir='ltr'><strong>commoratio</strong></span> <span class='ocrx_word' id='word_1_324' title='bbox 484 4362 674 4430; x_wconf 90' lang='lat' dir='ltr'><strong>cadesiana.</strong></span> <span class='ocrx_word' id='word_1_325' title='bbox 702 4361 768 4429; x_wconf 83' lang='lat' dir='ltr'><strong>Mii</strong></span> <span class='ocrx_word' id='word_1_326' title='bbox 792 4361 894 4429; x_wconf 89' lang='lat' dir='ltr'><strong>etiam</strong></span> <span class='ocrx_word' id='word_1_327' title='bbox 918 4361 982 4427; x_wconf 88' lang='lat' dir='ltr'><strong>viri</strong></span> <span class='ocrx_word' id='word_1_328' title='bbox 1000 4361 1042 4427; x_wconf 91' lang='lat' dir='ltr'><strong>dc</strong></span> <span class='ocrx_word' id='word_1_329' title='bbox 1056 4383 1091 4428; x_wconf 91' lang='lat' dir='ltr'><strong>re</strong></span> <span class='ocrx_word' id='word_1_330' title='bbox 1106 4361 1248 4450; x_wconf 90' lang='lat' dir='ltr'><strong>publica</strong></span> <span class='ocrx_word' id='word_1_331' title='bbox 1260 4362 1349 4428; x_wconf 88' lang='lat' dir='ltr'><strong>bone</strong></span> <span class='ocrx_word' id='word_1_332' title='bbox 1368 4359 1481 4427; x_wconf 88' lang='lat' dir='ltr'><strong>meriti</strong></span> <span class='ocrx_word' id='word_1_333' title='bbox 1502 4380 1562 4424; x_wconf 90' lang='lat' dir='ltr'><strong>sua</strong></span> 
     </span>
     <span class='ocr_line' id='line_1_40' title="bbox 248 4465 1563 4559; baseline -0.008 -17"><span class='ocrx_word' id='word_1_334' title='bbox 248 4471 486 4542; x_wconf 89' lang='lat' dir='ltr'><strong>memorabilia</strong></span> <span class='ocrx_word' id='word_1_335' title='bbox 505 4470 732 4559; x_wconf 88' lang='lat' dir='ltr'><strong>conscripsere</strong></span> <span class='ocrx_word' id='word_1_336' title='bbox 757 4475 845 4548; x_wconf 89' lang='lat' dir='ltr'><strong>tum,</strong></span> <span class='ocrx_word' id='word_1_337' title='bbox 868 4469 1006 4557; x_wconf 91' lang='lat' dir='ltr'><strong>quando</strong></span> <span class='ocrx_word' id='word_1_338' title='bbox 1028 4468 1136 4534; x_wconf 88' lang='lat' dir='ltr'><strong>otium</strong></span> <span class='ocrx_word' id='word_1_339' title='bbox 1153 4469 1244 4535; x_wconf 92' lang='lat' dir='ltr'><strong>nacti</strong></span> <span class='ocrx_word' id='word_1_340' title='bbox 1267 4473 1345 4535; x_wconf 90' lang='lat' dir='ltr'><strong>sunt</strong></span> <span class='ocrx_word' id='word_1_341' title='bbox 1359 4465 1470 4534; x_wconf 89' lang='lat' dir='ltr'><strong>inviti.</strong></span> <span class='ocrx_word' id='word_1_342' title='bbox 1490 4469 1563 4532; x_wconf 92' lang='lat' dir='ltr'><strong>Non</strong></span> 
     </span>
     <span class='ocr_line' id='line_1_41' title="bbox 248 4574 1560 4671; baseline -0.008 -22"><span class='ocrx_word' id='word_1_343' title='bbox 248 4582 354 4671; x_wconf 82' lang='lat' dir='ltr'><strong>igitur</strong></span> <span class='ocrx_word' id='word_1_344' title='bbox 375 4577 541 4669; x_wconf 86' lang='lat' dir='ltr'><strong>perspicio</strong></span> <span class='ocrx_word' id='word_1_345' title='bbox 565 4575 753 4643; x_wconf 89' lang='lat' dir='ltr'><strong>necessario</strong></span> <span class='ocrx_word' id='word_1_346' title='bbox 773 4598 843 4641; x_wconf 88' lang='lat' dir='ltr'><strong>esse</strong></span> <span class='ocrx_word' id='word_1_347' title='bbox 857 4574 1101 4641; x_wconf 80' lang='lat' dir='ltr'><strong>affirmandum</strong></span> <span class='ocrx_word' id='word_1_348' title='bbox 1121 4581 1153 4641; x_wconf 90' lang='lat' dir='ltr'><strong>et</strong></span> <span class='ocrx_word' id='word_1_349' title='bbox 1169 4575 1264 4662; x_wconf 88' lang='lat' dir='ltr'><strong>leges</strong></span> <span class='ocrx_word' id='word_1_350' title='bbox 1278 4583 1311 4640; x_wconf 90' lang='lat' dir='ltr'><strong>et</strong></span> <span class='ocrx_word' id='word_1_351' title='bbox 1325 4574 1560 4641; x_wconf 90' lang='lat' dir='ltr'><strong>narrationem</strong></span> 
     </span>
     <span class='ocr_line' id='line_1_42' title="bbox 251 4681 1562 4770; baseline -0.007 -15"><span class='ocrx_word' id='word_1_352' title='bbox 251 4688 448 4759; x_wconf 85' lang='lat' dir='ltr'><strong>historicam</strong></span> <span class='ocrx_word' id='word_1_353' title='bbox 467 4686 630 4753; x_wconf 89' lang='lat' dir='ltr'><strong>continuo</strong></span> <span class='ocrx_word' id='word_1_354' title='bbox 652 4682 784 4750; x_wconf 88' lang='lat' dir='ltr'><strong>calamo</strong></span> <span class='ocrx_word' id='word_1_355' title='bbox 807 4682 980 4770; x_wconf 88' lang='lat' dir='ltr'><strong>scripsisse</strong></span> <span class='ocrx_word' id='word_1_356' title='bbox 1004 4686 1157 4768; x_wconf 87' lang='lat' dir='ltr'><strong>Moysen,</strong></span> <span class='ocrx_word' id='word_1_357' title='bbox 1180 4681 1240 4749; x_wconf 90' lang='lat' dir='ltr'><strong>scd</strong></span> <span class='ocrx_word' id='word_1_358' title='bbox 1257 4682 1399 4750; x_wconf 89' lang='lat' dir='ltr'><strong>diversis</strong></span> <span class='ocrx_word' id='word_1_359' title='bbox 1423 4683 1562 4749; x_wconf 86' lang='lat' dir='ltr'><strong>fortasse</strong></span> 
     </span>
    </p>
   </div>
   <div class='ocr_carea' id='block_1_3' title="bbox 0 0 1691 5346">
    <p class='ocr_par' dir='ltr' id='par_1_5' title="bbox 0 0 1691 5346">
     <span class='ocr_line' id='line_1_43' title="bbox 0 0 1691 5346; baseline 0 0"><span class='ocrx_word' id='word_1_360' title='bbox 0 0 1691 5346; x_wconf 95' lang='lat' dir='ltr'><strong> </strong></span> 
     </span>
    </p>
   </div>
  </div>
 </body>
</html>
