3366 5346
226 290 283 347 tta
779 293 982 338 rurnooccno.

268 435 360 504 Sacri
381 439 491 500 textus
508 435 606 497 erant
624 432 840 518 peramantes
860 427 898 507 ii,
920 426 981 515 qui
1001 426 1091 493 circa
1111 425 1236 493 Esdrae
1257 431 1391 516 tempus
1411 431 1544 497 textum

223 564 358 611 sacrum
374 541 563 620 restituere,
581 537 640 603 sed
659 534 798 601 criticae
818 534 901 599 artis
920 533 1049 599 tirones
1069 538 1167 599 erant
1186 537 1333 616 tantum,
1354 535 1448 623 quod
1469 537 1546 604 cius

223 650 306 716 artis
332 647 386 714 vix
411 644 608 712 rudimenta
631 642 747 731 aliqua
776 647 850 706 tum
874 639 1083 707 exsisterent.
1109 639 1287 718 Quomodo
1311 640 1436 727 igitur,
1464 665 1545 710 cum

222 757 308 823 tales
323 759 443 832 essent,
463 748 627 818 credendi
641 752 719 815 sunt
734 748 842 834 egisse
857 745 923 812 viri
937 745 990 811 illi
1002 747 1038 812 in
1052 752 1144 813 textu
1159 745 1395 814 restituendo?
1409 750 1443 815 si
1459 749 1543 817 duo·

221 885 299 930 rum
313 866 465 928 textuum
482 855 742 947 parallelorum,
763 855 821 942 qui
844 876 880 920 re
895 858 1008 919 esseut
1022 852 1140 935 iidem,
1159 875 1250 921 unus
1265 854 1413 921 haberet
1432 856 1543 923 altero

223 968 312 1059 plus,
337 968 408 1033 sine
431 963 537 1031 dubio
563 961 805 1053 praeferebant
824 964 953 1026 text-um
978 959 1221 1049 copiosiorem,
1249 960 1417 1029 nolebant
1437 961 1560 1030 ullam

223 1075 306 1141 boni
326 1072 409 1140 doni
427 1072 536 1159 (berit.
554 1069 670 1158 2929)
689 1066 896 1157 particulam
918 1065 1095 1155 deperire3
1113 1070 1173 1133 aut
1189 1066 1301 1134 solum
1319 1068 1543 1158 copiosiorem

223 1188 352 1248 textum
376 1176 591 1268 recipiebant
611 1174 770 1242 breviore
796 1162 989 1261 repudiato,
1013 1179 1072 1240 aut
1093 1172 1245 1240 breviori
1266 1174 1462 1241 inserebant
1488 1198 1540 1260 ea,

222 1310 310 1379 quae
331 1285 412 1353 huic
430 1283 536 1351 textui
556 1282 672 1348 deesse
691 1280 909 1347 videbantur.
930 1278 1156 1347 Miscebantur
1172 1279 1313 1347 interim
1327 1281 1541 1349 diversorum

222 1393 370 1462 fontium
385 1391 563 1458 idiomata.
583 1387 708 1467 Quodsi
722 1392 833 1454 textus
845 1387 1011 1465 alteruter
1026 1385 1237 1475 adscriptum
1251 1387 1394 1455 haberet
1409 1387 1541 1478 aliquid

226 1499 364 1567 moralis
384 1495 647 1578 exhortationis,
670 1479 892 1560 incitamenta
913 1492 1000 1560 bene
1020 1492 1163 1580 agendi,
1184 1493 1269 1560 haec
1285 1494 1339 1559 illi
1358 1502 1448 1563 certe
1470 1517 1543 1563 non

224 1611 323 1674 erant
344 1600 632 1694 praetermissuri,
652 1601 732 1667 licet
747 1623 785 1668 ea
804 1622 921 1690 sapere
942 1599 1142 1666 viderentur
1163 1601 1279 1667 nescio
1300 1622 1402 1690 quem
1423 1602 1543 1668 deute-

224 1711 485 1779 ronomismum.
514 1707 723 1796 Quandoque
748 1705 831 1773 duos
855 1705 1003 1773 duorum
1029 1705 1178 1772 fontium
1204 1712 1329 1789 textus,
1361 1707 1422 1796 qui
1448 1707 1542 1774 idem

225 1820 400 1886 edicerent
414 1814 559 1883 diversis
578 1813 703 1894 verbis,
720 1814 839 1879 ambos
859 1812 1084 1901 recipiebant.
1106 1817 1157 1879 lta
1174 1837 1205 1880 v.
1222 1835 1259 1900 g.
1278 1818 1335 1881 Ex.
1357 1819 1456 1894 1t,1a
1474 1818 1542 1879 tex-

222 1927 272 1992 tui
286 1929 321 2007 E,
336 1923 397 2014 qui
409 1924 452 1990 de
459 1922 587 2009 angelo
600 1925 699 2003 esset,
715 1918 960 2008 adscripserint
972 1923 1100 1985 textum
1112 1923 1141 2002 J,
1154 1919 1214 2009 qui
1223 1918 1316 1986 idem
1326 1919 1369 1986 de
1381 1919 1542 1988 columna

224 2031 325 2100 nubis
351 2032 537 2097 enarraret.
564 2026 725 2094 Homines
745 2027 794 2116 pii
816 2025 875 2092 scd
897 2026 1029 2092 critices
1049 2024 1166 2112 ignari
1189 2025 1290 2092 facile
1311 2048 1392 2092 eum
1414 2032 1540 2094 textum

224 2137 411 2205 iudicaturi
431 2141 531 2202 crant
548 2156 619 2201 esse
640 2132 920 2223 praeferendum,
940 2131 1001 2221 qui
1020 2154 1083 2221 per
1104 2131 1242 2222 piorum
1263 2132 1445 2199 hominum
1467 2154 1541 2200 nra-

226 2266 289 2310 nus
313 2243 355 2309 ad
379 2264 436 2308 eos
460 2239 671 2329 pervenisset
694 2261 702 2306 :
728 2260 849 2304 verum
871 2238 920 2327 pii
942 2238 1101 2305 homines
1125 2238 1226 2305 facile
1249 2245 1390 2306 censent
1413 2246 1540 2306 textum

225 2348 336 2436 magis
352 2348 515 2414 devotum
537 2345 685 2412 eundem
706 2344 809 2410 etiarn
834 2366 903 2411 esse
926 2345 1036 2430 magis
1058 2344 1260 2431 genuinum.
1287 2349 1337 2412 ltu
1356 2345 1421 2412 tihi
1439 2369 1542 2413 novas

225 2478 362 2545 semper
380 2451 696 2544 permiscendorum
718 2450 921 2517 idiomatum
940 2450 1146 2519 occasiones.
1168 2457 1296 2518 Horum
1315 2452 1440 2520 similia
1463 2476 1540 2543 pro-

223 2564 312 2631 iecto
333 2561 409 2628 fieri
425 2559 590 2642 debuere,
610 2558 674 2624 nisi
695 2556 777 2624 viris
796 2557 867 2624 illis
886 2556 1041 2624 adstruas
1061 2579 1257 2625 concessum
1278 2580 1350 2626 esse
1365 2559 1541 2648 singulare

223 2671 364 2738 omnino
392 2665 580 2750 charisma,
602 2665 697 2755 quod
725 2666 919 2732 futurorum
948 2666 1165 2732 saeculorum
1187 2664 1365 2732 scientiam
1389 2667 1540 2734 criticam

222 2775 435 2864 anticiparet.
455 2773 492 2839 ld
507 2794 705 2840 concessum
725 2793 797 2838 esse
819 2770 958 2838 difficile
978 2771 1239 2854 demonstrabis,
1258 2794 1336 2839 cum
1357 2774 1401 2840 ad
1416 2774 1541 2840 verita-

221 2889 290 2949 tem
320 2887 352 2948 et
380 2880 593 2946 authentiam
626 2884 736 2945 textus
766 2878 970 2943 servandam
997 2879 1137 2944 omnino
1166 2880 1246 2945 satis
1274 2883 1359 2946 esset
1384 2878 1540 2968 specialis·

224 2987 285 3053 Dei
306 2985 546 3075 prouidentia,
572 2983 668 3050 cuius
692 2983 878 3050 lectissima
903 2983 1131 3051 instrumenta
1157 2986 1313 3053 exstitere
1336 2986 1537 3076 prophetae.

221 3097 309 3158 llaec
330 3092 483 3180 prolecto
509 3090 673 3155 effectura
693 3095 777 3168 erat,
800 3094 838 3153 ut
860 3090 897 3154 in
919 3095 1012 3157 textu
1036 3090 1102 3157 hac
1121 3092 1254 3159 ratione
1277 3091 1431 3161 restituto
1451 3093 1540 3159 nihil

221 3203 323 3280 essct,
357 3197 451 3286 quod
479 3200 584 3261 Deum
613 3216 684 3260 non
712 3193 859 3260 haberet
887 3195 1126 3284 inspiratorem
1154 3202 1187 3264 et
1216 3204 1408 3279 auctorem,
1434 3207 1541 3290 utque

223 3309 332 3372 textus
348 3303 406 3370 ille
426 3309 515 3370 totus
532 3323 610 3369 eum
631 3301 791 3368 omnibus
809 3303 878 3368 suis
899 3302 1055 3391 partibus
1071 3325 1167 3371 sacer
1184 3311 1269 3372 esset
1291 3311 1325 3372 et
1343 3306 1538 3396 inspiratus,

222 3412 375 3501 itemquo
392 3411 571 3490 mosaicus,
586 3429 686 3475 sensu
703 3430 772 3473 non
792 3409 910 3476 critico
928 3409 988 3476 sed
1005 3410 1156 3497 vulgari,
1177 3434 1280 3501 quem
1298 3412 1413 3481 ludaei
1429 3413 1540 3479 solum

221 3520 258 3584 in
272 3525 388 3585 mente
404 3518 592 3600 habebant,
610 3516 750 3605 quando
766 3514 895 3583 librum
912 3517 1013 3602 lloysi
1028 3517 1270 3585 adscribebant
1285 3519 1427 3588 auctori.

266 3625 333 3690 Sed
358 3630 456 3689 crant
481 3623 585 3689 otiam
613 3623 775 3705 lacunae,
799 3644 887 3710 quae
914 3621 1120 3713 quandoque
1146 3629 1264 3692 sutura
1288 3626 1405 3714 aliqua
1431 3632 1542 3693 essent

222 3728 455 3815 obtegendam
480 3729 532 3794 vel
552 3728 671 3794 decrat
693 3752 755 3795 voa
775 3751 856 3811 una,
879 3728 1024 3797 incisum
1043 3752 1165 3812 unum,
1187 3732 1355 3799 sententia
1380 3756 1461 3815 una,
1483 3733 1542 3800 scd

221 3859 309 3927 quae
333 3835 433 3903 facile
456 3858 473 3900 e
501 3839 660 3901 contextu
682 3836 934 3926 supplerentur.
958 3842 996 3903 ln
1023 3837 1148 3926 quibus
1168 3837 1378 3905 iuvabantur
1399 3840 1541 3906 fortasse

219 3945 434 4010 restitutores
458 3941 627 4009 memoria
649 3941 730 4008 satis
750 3941 926 4025 distincta,
950 3965 1054 4032 quam
1077 3944 1252 4010 habebant
1274 3944 1405 4012 ordinis
1426 3967 1541 4013 sacrae

219 4049 439 4115 narrationis.
460 4054 577 4138 Neque
593 4047 685 4114 enim
701 4049 774 4114 eius
789 4050 837 4115 rei
854 4051 1056 4116 memoriam
1077 4050 1176 4139 impii
1191 4073 1288 4138 reges
1307 4052 1488 4120 valuerant
1502 4074 1540 4120 ex

223 4154 403 4221 hominum
416 4155 589 4221 mentibus
605 4154 732 4233 delere,
745 4176 857 4242 neque
872 4155 974 4222 facile
989 4157 1214 4224 evanescebat
1228 4159 1394 4225 memoria
1409 4180 1538 4244 rerum,

223 4281 307 4349 quas
329 4283 349 4326 a
368 4261 483 4350 pueris
503 4260 684 4327 audierant
705 4265 738 4326 et
758 4260 851 4326 domi
871 4267 904 4328 et
924 4263 1014 4352 apud
1035 4264 1280 4349 sanctuarium,
1303 4266 1466 4348 sabbatis,
1484 4287 1541 4333 ca-

222 4365 335 4433 lendis
351 4373 382 4432 ct
397 4366 434 4432 in
448 4368 580 4454 magnis
599 4366 883 4434 solemnitatibus.

268 4477 403 4553 terum,
422 4474 504 4539 sico
523 4496 624 4563 quem
645 4473 868 4541 describimus
884 4474 987 4541 modo
1008 4474 1098 4543 facta
1113 4499 1182 4545 esse
1201 4486 1414 4571 supponatur
1429 4486 1540 4548 textus

227 4581 410 4663 restitutio,
437 4579 501 4647 crit
528 4581 631 4646 ctiam
660 4579 917 4647 concedendum
948 4582 1013 4648 hoc
1031 4603 1039 4650 ε
1058 4585 1195 4672 quaudo
1226 4587 1394 4655 idiomata
1422 4587 1539 4678 aliqua

226 4709 357 4770 eorum,
378 4711 465 4777 aquae
488 4693 517 4771 l,
540 4692 564 4753 E
587 4686 642 4754 vel
662 4692 685 4753 P
704 4686 952 4771 attribuuntur,
968 4689 1189 4778 reperiuntur
1214 4717 1283 4763 non
1306 4696 1341 4762 in
1368 4695 1541 4783 longiores
