3366 5346
498 327 545 384 li.
569 343 624 385 mx
647 343 683 385 en
705 341 848 386 rescisus
872 343 878 384 :
904 342 992 387 naus.
1019 330 1107 399 19,1“1
1131 348 1199 398 soc.
1445 336 1503 395 383

191 476 424 543 sacerdotibus
445 482 504 543 aut
520 475 692 543 iudicibus
708 475 901 543 minoribus
921 476 1160 547 adscribantur
1183 482 1286 547 verba
1300 482 1362 570 qni
1373 485 1506 570 scierint

192 584 228 650 in
239 582 357 649 dicbus
368 582 449 665 illis,
466 605 544 649 cum
559 581 665 655 nullis
687 606 757 648 non
776 581 897 649 diebus
914 584 1108 652 habeantur
1122 589 1315 654 sacerdotes
1328 594 1362 655 et
1376 589 1504 657 iudicas

191 689 351 755 minores.
372 688 439 755 Sed
460 690 581 756 merito
600 689 849 755 adscribuntur
864 691 938 755 voci
955 689 1099 774 indices,
1116 692 1200 759 siea
1215 695 1266 760 uti
1283 702 1360 775 17,9
1376 696 1505 763 intelli·

189 801 293 881 gatur
313 795 355 861 de
382 796 554 862 iudicibus
580 794 781 878 maioribus,
809 795 961 885 quinon
988 798 1152 864 continuo
1177 799 1244 866 sibi
1264 800 1501 869 succedebant.

188 907 276 987 Ergo
287 903 329 969 cle
345 904 400 968 his
424 901 649 988 intelligenda
666 902 702 969 h.
720 903 744 968 l.
774 924 836 967 vox
852 901 993 971 indices.
1017 908 1167 973 Fortasse
1182 906 1343 994 primitus
1364 906 1503 994 legeba-

189 1014 245 1075 tur
263 1007 413 1075 indicem
431 1008 479 1074 uti
503 1008 701 1089 1791111.
729 1006 795 1075 lor.
819 1013 872 1075 iv.
894 1015 927 1075 8.
952 1016 992 1076 1t
1018 1040 1033 1071 «
1056 1011 1209 1100 pontifex
1232 1016 1266 1078 et
1278 1013 1450 1102 propbeta
1470 1018 1504 1080 et

187 1121 324 1182 sanatus
346 1135 379 1193 »3
402 1136 486 1200 ergo
507 1117 611 1181 etiarn
633 1120 699 1182 los.
726 1137 831 1182 11111111
860 1115 1001 1204 aliquod
1024 1116 1242 1185 individuum
1267 1119 1396 1186 scribit.
1420 1125 1502 1186 Cum

187 1229 304 1289 tamen
334 1222 465 1289 iudices
487 1221 634 1287 maiores
653 1221 809 1310 plerique
834 1244 901 1287 non
917 1222 1078 1289 omnibus
1096 1225 1310 1312 praefuerint
1325 1225 1498 1308 tribubus

188 1336 222 1394 et
240 1328 349 1416 aliqui
368 1349 486 1394 eorum
513 1327 727 1417 probabilius
753 1328 882 1393 tuerint
906 1329 1185 1418 contemporanei
1207 1330 1298 1397 inter
1320 1354 1354 1398 se
1379 1333 1435 1409 (cf.
1461 1336 1500 1399 ct

187 1458 221 1522 p.
250 1441 290 1500 10
314 1435 395 1524 sq),
423 1435 548 1524 poterit
572 1434 717 1524 pluralis
742 1433 873 1501 indices
898 1434 1037 1502 retineri
1062 1436 1234 1526 simulque
1256 1437 1299 1504 de
1326 1437 1500 1505 iudicibus

188 1540 376 1607 maioribus
391 1540 501 1630 accipi
518 1563 525 1608 :
552 1543 578 1607 si
592 1563 625 1609 v.
651 1563 686 1628 g.
704 1540 807 1606 simul
825 1541 867 1607 ad
883 1542 1116 1609 sanctuarium
1131 1544 1289 1611 adessent
1303 1549 1447 1611 Samson
1467 1551 1500 1611 et

188 1648 316 1736 Iephte,
340 1653 482 1738 uterque
498 1670 659 1736 supremo
681 1647 733 1713 illi
749 1648 915 1714 tribunali
931 1649 1183 1716 accensebatur.
1202 1673 1235 1715 v.
1256 1658 1327 1718 18«
1347 1652 1499 1740 cientque

187 1752 447 1842 ditiqentissime
480 1767 731 1843 perscrutantes
762 1781 778 1814 »
805 1753 933 1820 indices
960 1781 976 1815 «
1000 1754 1194 1823 invenerint
1221 1757 1354 1844 [elaeon
1383 1769 1500 1824 testem

186 1851 313 1927 elicisse
325 1874 443 1927 contre
456 1862 601 1947 fratrem
624 1883 723 1927 sitient
749 1859 968 1927 niendacinnz
987 1889 1021 1937 11,
1045 1884 1078 1927 v.
1098 1869 1138 1928 19
1159 1889 1175 1921 «
1192 1861 1336 1928 reddent
1349 1863 1393 1948 ei,
1411 1864 1500 1929 sicut

182 1967 290 2054 fratri
309 1989 369 2032 sno
396 1967 513 2054 secere
533 1966 706 2056 copitarit,
732 1979 763 2032 ct
784 1969 922 2054 aeescres
944 1967 1074 2032 malurn
1099 1965 1140 2033 de
1160 1968 1271 2033 medio
1296 1969 1348 2034 tui
1370 1997 1385 2029 »
1408 1969 1496 2057 (1.1.

186 2096 220 2162 p.
242 2080 301 2140 121
318 2096 352 2139 n.
372 2075 440 2162 it).
455 2078 544 2150 Quae
560 2096 671 2162 poena
687 2073 871 2139 salutarem
891 2072 1036 2139 babebit
1051 2073 1204 2140 effectum
1222 2093 1229 2139 :
1250 2097 1280 2141 v.
1294 2081 1336 2141 20
1353 2103 1367 2135 «
1384 2088 1422 2140 nt
1435 2099 1499 2141 oic-

185 2179 315 2246 dc'entcs
328 2180 431 2248 ceteri
446 2180 601 2247 tiatorem
619 2181 781 2263 lrabecnt,
803 2192 836 2245 et
848 2202 1067 2270 ncqrinqnnm
1082 2179 1168 2245 talin
1183 2180 1335 2246 acidcont
1345 2183 1464 2270 facere
1481 2210 1495 2240 a

186 2285 356 2353 1111111111
382 2287 443 2354 tui.
468 2290 572 2353 Causa
598 2286 677 2352 ialsi
699 2286 735 2352 in
758 2287 906 2353 alterum
932 2286 1117 2352 testimonii
1138 2308 1274 2375 semper
1298 2293 1372 2354 erat
1397 2309 1498 2355 causa

186 2393 296 2459 cic-ilis
313 2417 321 2460 ε
339 2416 415 2460 cum
434 2393 542 2479 igitur
561 2394 605 2459 ad
624 2400 701 2475 17,9
725 2392 971 2474 monuerimus,
993 2414 1068 2458 eam
1085 2393 1304 2481 postmodum
1327 2392 1420 2482 apud
1442 2416 1496 2461 su-

185 2522 343 2589 premum
359 2500 512 2566 tribunal
523 2499 669 2585 viguisse
681 2500 815 2587 prunin,
836 2504 873 2563 ut
888 2498 922 2563 in
939 2499 1049 2564 causis
1066 2498 1169 2564 saeris
1184 2499 1394 2587 praesideret
1409 2523 1496 2588 pon-

185 2605 277 2685 tilex,
307 2607 340 2671 in
365 2606 474 2671 causis
493 2605 655 2671 civilibus
678 2604 909 2689 magistratus
936 2605 1076 2669 tortasse
1099 2604 1142 2669 de
1157 2605 1295 2669 consilio
1310 2627 1429 2672 causae
1443 2606 1497 2670 in-

185 2711 325 2799 quisitio
341 2734 372 2777 v.
390 2711 526 2778 1811111
545 2709 715 2777 indicibus
730 2709 940 2788 attribuitur,
956 2731 1027 2775 non
1042 2708 1287 2776 sacerdotibus
1304 2711 1497 2798 Explicatur
1558 2796 1561 2801 1

184 2840 286 2906 perro
306 2819 496 2886 accuratius
521 2816 581 2884 illa
607 2839 736 2907 poenae
757 2814 959 2903 aequalitas,
982 2837 1086 2903 quarn
1105 2839 1137 2882 v.
1159 2821 1200 2881 19
1222 2817 1338 2882 statuit
1368 2839 1376 2880 ε
1400 2839 1431 2881 v.
1454 2824 1494 2883 21

186 2952 201 2984 «
217 2926 294 2990 Non
309 2924 518 2991 irrisereberis
529 2923 603 2990 eins
623 2952 638 2984 »
659 2923 712 3009 (cl.
729 2946 761 2989 v.
780 2921 848 3009 13),
867 2948 882 2982 c
897 2920 957 2987 sed
966 2921 1121 2987 (intritam
1129 2944 1193 3011 pro
1206 2922 1339 3001 aniana,
1357 2922 1496 2989 eceelnrn

178 3053 244 3119 pro
258 3032 369 3114 ocule,
384 3031 517 3098 dentem
528 3053 592 3120 pro
608 3028 719 3116 dente,
739 3051 879 3095 1111111111
890 3050 954 3117 pro
967 3052 1083 3114 irione,
1098 3027 1220 3116 pedem
1237 3051 1301 3118 pro
1318 3027 1406 3118 pede
1423 3029 1496 3094 eri-

181 3160 238 3227 911
254 3167 282 3220 »,
301 3138 486 3205 secundum
503 3139 616 3225 legem
633 3136 770 3202 talionis
785 3141 841 3201 Ex.
855 3140 969 3216 sinn
990 3139 1065 3201 Ler.
1084 3140 1198 3215 aare.
1222 3141 1277 3201 20.

574 3376 625 3436 15.
652 3371 723 3434 Lex
746 3367 787 3433 de
812 3365 897 3431 telio
921 3369 1021 3431 Dent.
1048 3372 1102 3430 20.

167 3595 172 3603 .
219 3560 278 3608 Lex
293 3559 404 3608 discutit
420 3571 502 3608 casus
520 3563 585 3617 tres,
607 3570 677 3620 quos
694 3571 720 3605 v.
741 3556 848 3605 11019
869 3568 937 3604 voce
958 3561 986 3608 13
1007 3553 1156 3602 introducit
1177 3568 1183 3601 :
1203 3552 1269 3615 qnid
1290 3551 1494 3601 observandum

182 3651 211 3697 in
236 3649 310 3695 exilu
334 3647 368 3695 ad
384 3647 489 3696 bellum
508 3660 534 3694 v.
559 3646 623 3695 1-91
640 3645 707 3708 quid
727 3646 755 3693 in
777 3656 891 3693 accessu
911 3643 944 3692 ad
967 3641 1065 3691 urbem
1088 3641 1237 3700 inimicam,
1259 3654 1285 3689 v.
1310 3639 1494 3703 1111111111

182 3739 211 3786 in
227 3737 303 3785 urbis
320 3736 449 3784 inimicae
462 3734 618 3793 obsidione,
635 3747 662 3782 v.
683 3733 712 3783 19
728 3746 770 3795 sq.
780 3734 791 3781 ‘t
803 3731 981 3788 -ndverie,
999 3745 1026 3778 v.
1042 3730 1056 3779 ¹2
1071 3732 1251 3798 praesentem
1266 3717 1378 3793 quidem
1395 3727 1493 3778 adesse

182 3826 352 3887 sacerdotem,
369 3824 418 3874 scd
433 3823 503 3873 nihil
519 3823 573 3872 dici
593 3823 627 3874 de
643 3836 715 3871 orco.
734 3823 796 3871 Non
813 3821 920 3870 ridetur
935 3819 1021 3868 luisse
1040 3819 1125 3887 moris
1143 3830 1235 3880 arcam
1256 3820 1284 3866 in
1299 3820 1390 3867 eastra
1405 3817 1494 3865 addu-

182 3914 370 3974 ce1·e,saltem
391 3912 503 3975 quaudo
528 3924 585 3961 non
605 3913 680 3960 totus
704 3911 790 3960 lsrael
815 3910 845 3958 ln
870 3909 968 3959 eastris
988 3904 1085 3957 aderat
1108 3904 1129 3973 (1
1155 3907 1224 3968 lleg.
1245 3906 1330 3970 11181
1347 3916 1354 3957 t
1371 3906 1494 3954 narratio

184 4002 193 4052 1
214 4003 283 4064 lieg.
306 4002 349 4059 19
370 4003 482 4061 evincit,
502 4001 615 4050 allatam
631 4003 688 4048 tum
709 4011 770 4049 esse
786 4011 878 4047 1111111
899 4002 1040 4060 tamquam
1060 3996 1214 4046 remedium
1233 3997 1348 4043 omnino
1368 3995 1494 4043 extraor-

181 4093 329 4142 dinarium.
348 4091 442 4150 Quare
458 4103 493 4140 nc
508 4090 626 4149 mireris,
644 4091 672 4138 in
688 4088 769 4137 bellis
784 4087 905 4136 iudicum
920 4085 1072 4136 desiderari
1088 4098 1169 4135 arcae
1184 4085 1364 4133 mentionem.

224 4280 305 4364 ilrp.
324 4315 368 4324 —
386 4274 437 4341 nd
458 4273 587 4340 bellum
610 4271 778 4362 prodeant
793 4271 938 4337 Hebraei
960 4268 1012 4335 fisi
1034 4267 1158 4335 auxilie
1182 4267 1295 4333 lalire.
1314 4265 1416 4332 Cuius
1437 4288 1494 4335 ecs

181 4381 462 4448 commonefaciet
486 4380 642 4448 sacerdos
661 4400 776 4446 coram
800 4378 871 4444 acie
893 4377 1086 4444 consistens.
1108 4373 1244 4441 Scribas
1266 4372 1309 4439 acl
1335 4379 1493 4461 repeten-¹

181 4489 260 4553 dam
288 4489 425 4555 domum
448 4488 642 4556 invitabunt
667 4508 722 4553 eos
745 4507 879 4568 omncs,
898 4483 958 4572 qui
971 4482 1030 4550 rel
1051 4481 1097 4547 cb
1119 4480 1313 4566 legitimum
1334 4479 1492 4550 allectum

181 4596 234 4659 vel
257 4593 301 4658 ob
320 4594 495 4678 ignaviam
519 4594 562 4661 ad
588 4615 744 4684 pugnam
765 4615 799 4659 se
824 4590 992 4659 senserint
1015 4611 1086 4657 esse
1110 4587 1223 4655 minus
1245 4587 1384 4653 alacres.
1410 4583 1493 4648 ltein

182 4701 285 4766 duces
298 4699 407 4767 aciem
425 4701 603 4769 instruent.
