3366 5346
657 271 781 315 rnscrm
803 271 928 316 eoaunn
949 272 1013 316 erc.
1455 259 1492 316 ll

180 408 325 474 lectanei
350 404 624 495 praeambulum.
651 404 829 481 Quodnam
855 404 944 472 illud
967 404 1089 471 scierit?
1114 427 1159 471 an
1187 411 1283 472 lleut.
1310 407 1409 472 1-11‘?
1435 405 1494 472 sed

181 514 318 600 longius
336 511 425 578 istud
447 510 584 578 videtur
605 510 886 601 praeambulum,
908 533 979 578 non
996 511 1136 579 unicum
1159 513 1217 579 sed
1242 511 1310 578 duo
1335 504 1495 601 praeam-

180 620 272 688 bula.
296 623 346 684 An
378 619 488 685 solum
514 624 609 684 Deut.
639 621 739 684 5-112)
764 618 877 685 Potius
904 619 995 685 lavet
1019 618 1172 708 opinioni
1199 621 1252 686 W.
1274 618 1397 686 Staerlc
1422 620 1499 706 (llas

180 732 291 810 Deut,
307 725 378 792 sein
395 725 506 792 luhalt
518 748 550 792 u.
569 724 662 791 scine
679 724 892 791 literarisehe
908 730 1020 809 Form,
1040 727 1153 814 189a),
1169 725 1229 815 qui
1242 725 1328 792 illud
1342 747 1499 815 praeam-

181 833 303 899 bulum
318 837 432 899 censet
448 830 591 920 reperiri
601 836 664 898 los
679 837 734 912 dl,
748 831 845 899 euius
858 830 977 921 aliqua
991 832 1132 898 fortasse
1147 832 1342 918 fragmenta
1354 834 1389 899 in
1402 838 1497 899 [tout.

181 945 201 1006 2
220 961 271 1028 sq.
292 939 432 1005 lateant.
458 937 554 1014 Quod
577 937 840 1026 praeambulum
861 937 1032 1026 exceperit
1053 943 1163 1004 textus
1183 939 1409 1028 primigenius
1428 938 1499 1003 col·
1576 940 1579 946 ’

181 1045 341 1126 lectanei,
358 1068 397 1110 ae
417 1044 556 1111 tandem
571 1067 636 1133 pro
653 1045 789 1133 epilogo
804 1043 965 1133 pericope
982 1049 1136 1124 'Ida-dl.
1155 1049 1270 1133 Neque
1290 1044 1371 1111 huic
1383 1050 1498 1111 tamen

183 1151 400 1241 «hypothesi
420 1179 436 1212 »
458 1150 622 1218 audacter
642 1150 773 1217 accedit
793 1149 932 1230 Cornill,
954 1149 1103 1217 sedeam
1121 1150 1399 1218 iudicioleeloris
1418 1173 1497 1240 per·

181 1257 286 1324 mittit
298 1264 357 1324 aut
372 1256 604 1346 recipiendam
621 1263 680 1323 aut
696 1256 958 1345 repudiandam.

226 1363 474 1453 Experiebatur
495 1362 635 1446 cornill,
653 1361 748 1452 quod
770 1368 848 1428 ante
869 1363 981 1452 ipsum
1006 1368 1166 1452 expertus
1184 1369 1258 1431 erat
1278 1369 1373 1447 Kue,
1392 1384 1497 1453 quam

182 1470 398 1536 incommode
418 1469 480 1536 soli
502 1469 712 1535 collectaneo
740 1469 950 1536 attribuatur
978 1475 1074 1535 tanta
1097 1469 1157 1536 illa
1180 1470 1375 1536 animorum
1404 1491 1497 1535 eom·

182 1576 301 1658 matie,
317 1597 419 1664 quam
434 1574 629 1665 praelectus
640 1574 775 1642 llelciae
786 1575 876 1642 liber
885 1597 1066 1661 generasse
1080 1576 1238 1643 traditur.
1256 1576 1498 1644 difficultatem

182 1688 220 1748 ut
235 1686 462 1762 attenuarent,
476 1686 648 1749 tentavere
666 1681 867 1749 collectanei
878 1687 996 1771 aptum
1007 1683 1148 1772 aliquod
1161 1682 1329 1773 expiscari
1340 1703 1498 1772 praeam-

127 1851 130 1855 ,
181 1788 301 1855 bulum
323 1795 356 1853 et
375 1788 563 1878 epilogum.
586 1789 651 1855 Sed
673 1810 751 1854 eum
772 1794 863 1855 totus
882 1788 981 1855 labor
1000 1789 1087 1855 salso
1113 1792 1284 1857 niteretur
1308 1788 1498 1879 supposito,

182 1893 432 1961 collectaneum
447 1916 518 1960 esse
533 1894 627 1961 Dent*
642 1901 774 1983 partem
788 1894 935 1961 maxime
954 1896 1197 1977 neeessariam,
1215 1901 1306 1962 totus
1320 1898 1425 1962 etiam
1448 1917 1503 1961 ar·

183 2000 299 2081 bitrie,
322 2022 394 2065 non
415 2004 508 2066 certa
530 2001 661 2066 ratione
684 2005 842 2089 peractus
861 2008 911 2067 est
942 2022 949 2067 ε
973 2006 1053 2067 Kue.
1081 2001 1370 2068 introductionem
1389 2000 1505 2086 seligit

182 2128 256 2196 cap.
284 2112 376 2186 5-11‚
406 2105 531 2172 Cornill
563 2110 627 2172 los.
654 2111 714 2187 ab
747 2112 828 2174 llue.
856 2106 1033 2196 epilogum
1063 2130 1138 2197 cap.
1171 2114 1213 2175 28
1240 2129 1317 2174 cum
1345 2112 1499 2189 31,1-13‚

182 2211 311 2280 Comill
331 2211 442 2278 solum
463 2218 616 2292 asu-25.
635 2217 735 2279 'aa-'45
755 2234 832 2278 eum
853 2216 1012 2290 ald-lt!

227 2325 350 2386 llarvsn
365 2342 400 2408 p.
418 2321 495 2385 LXV
514 2340 590 2407 sqq,
613 2345 628 2378 a
654 2317 891 2385 indubitanter
915 2347 930 2380 a
952 2319 1113 2400 affirmat,
1134 2318 1293 2386 nucleum
1320 2324 1414 2388 Deut.
1442 2343 1498 2386 ex-

182 2425 303 2492 stitisse
325 2447 399 2514 eap.
419 2430 515 2504 5·26;
536 2431 591 2507 28,
606 2425 667 2490 ubi
687 2447 761 2514 cap.
782 2431 859 2492 5-11
877 2425 921 2491 sit
941 2426 1158 2514 paraenetica
1180 2426 1401 2509 introductiO,
1419 2449 1494 2516 cap.

185 2537 282 2598 12-26
299 2532 411 2598 tradat
430 2531 536 2618 leges,
550 2553 624 2620 cap.
643 2537 686 2596 28
705 2531 748 2596 sit
769 2531 935 2619 epilogus
956 2532 1014 2597 Hie
1029 2532 1170 2599 nucleus
1184 2533 1375 2622 praefixum
1392 2532 1499 2599 habe-

184 2638 243 2703 bat
261 2638 363 2704 breve
382 2638 585 2703 historicum
610 2637 802 2719 exordium,
820 2636 940 2703 eadem
965 2638 1035 2703 fere
1058 2660 1146 2726 quae
1171 2660 1262 2705 nune
1287 2643 1425 2721 [cdl-ld)
1450 2639 1501 2704 le-

182 2749 323 2829 guntur,
347 2743 463 2809 sedin
489 2743 684 2809 breviorem
706 2743 853 2808 formam
875 2742 1030 2824 redacta;
1053 2741 1205 2809 habebat
1229 2745 1311 2810 item
1331 2765 1500 2810 annexam

183 2850 321 2916 brevem
337 2849 589 2917 conclusionem
604 2849 814 2916 historicam.
832 2854 872 2915 Et
886 2849 944 2914 hic
958 2849 1023 2915 fuit
1035 2849 1124 2916 liber
1142 2850 1187 2916 ab
1202 2849 1313 2916 Heleia
1331 2856 1499 2938 repertus.

186 2962 352 3039 1,1-a,r0,
378 2956 593 3046 probabilius
618 2962 650 3022 et
671 2955 877 3045 quibusdam
901 2956 1059 3045 exeeptis,
1084 2956 1237 3024 eiusdem
1265 2961 1314 3023 est
1338 2955 1501 3039 auetoris3

184 3061 361 3132 autsimul
377 3086 451 3130 cum
470 3085 544 3152 cap.
563 3069 663 3142 5-263
681 3069 723 3129 28
743 3062 969 3140 scribebatur,
987 3067 1046 3129 aul
1060 3063 1178 3152 paucis
1193 3063 1291 3129 annis
1306 3070 1394 3152 post.
1413 3062 1504 3130 Reli·

184 3191 253 3260 qua
265 3168 372 3237 serius
387 3191 577 3237 acerevcre.
1335 3153 1338 3159 ’

228 3281 332 3343 Kome
352 3276 512 3343 nucleum
527 3275 619 3342 Deut¹
634 3266 837 3342 statuit'esse
854 3297 927 3364 cap.
944 3281 1037 3356 5-26,
1056 3275 1151 3364 quod
1170 3276 1293 3365 probat
1314 3275 1363 3341 ita
1384 3298 1418 3363 p.
1437 3280 1501 3341 210

183 3404 259 3472 sqq.
282 3381 334 3448 Ad
357 3383 519 3450 nucleum
546 3388 636 3450 certe
662 3383 811 3471 pertinet
835 3404 910 3471 cap.
940 3387 1051 3461 leae,
1080 3403 1168 3470 quae
1192 3381 1354 3470 pericope
1380 3381 1502 3447 recitat

186 3510 302 3555 omnes
320 3488 533 3556 conditiones
555 3489 701 3556 foederis
719 3490 763 3555 ab
783 3489 906 3555 lsraele
923 3487 1123 3568 servandas;
1141 3486 1317 3575 inquibus
1339 3486 1501 3552 conditio-

186 3594 288 3661 nibus
307 3616 384 3662 eum
405 3617 476 3662 non
491 3598 640 3686 potuerit
657 3596 767 3662 omitti
788 3593 985 3681 decalogus,
1005 3592 1108 3659 etiam
1129 3615 1205 3682 cap.
1227 3599 1259 3674 5,
1281 3594 1376 3682 quod
1395 3591 1502 3659 habet
1540 3673 1544 3680 Ι

186 3699 404 3785 decalogum,
421 3701 465 3769 ad
484 3702 644 3768 nucleum
662 3707 808 3792 spectat;
826 3700 884 3768 sed
900 3723 975 3790 cap.
991 3705 1072 3766 5-11
1088 3705 1137 3765 est
1152 3698 1311 3785 decalogi
1328 3699 1370 3789 (l)
1388 3700 1503 3789 expla-

186 3805 293 3891 natio,
312 3828 395 3893 ergo
420 3806 523 3874 etiam
542 3808 616 3898 ipsa
639 3809 683 3875 ad
702 3808 862 3875 nucleum
884 3806 1045 3898 pertinet.
1066 3811 1155 3893 Ergo
1173 3806 1314 3873 nucleus
1337 3806 1505 3896 pertingit

185 3913 321 3981 tandem
339 3936 359 3980 a
375 3936 450 4004 cap.
469 3921 488 3981 5
503 3913 547 3981 ad
566 3938 641 4005 cap.
657 3921 712 3982 26.
730 3915 794 3982 Sed
810 3915 867 3981 hie
883 3913 1026 3980 nucleus
1040 3912 1198 4002 primitus
1211 3911 1429 4002 probabilius
1445 3912 1505 3977 ha-

186 4018 291 4086 bebat
304 4020 490 4110 prologum
510 4027 647 4101 aas-as
663 4026 696 4087 et
719 4021 895 4111 epilogum
915 4043 990 4110 eap.
1009 4026 1051 4086 28
1069 4022 1152 4109 (nen
1166 4017 1355 4085 necessario
1377 4017 1502 4108 totum)

185 4147 264 4193 oum
277 4111 472 4194 narratione
488 4133 636 4209 sla-13.

230 4233 490 4302 Recentissimus
507 4234 677 4323 interpres
691 4239 786 4301 Deut.
803 4238 1001 4302 Bnnrnonm
1015 4257 1049 4322 p.
1074 4236 1143 4298 Xlll
1164 4252 1171 4300 :
1193 4263 1208 4294 α
1226 4236 1320 4301 Deut.
1334 4234 1503 4324 primige-

186 4339 244 4406 nio
269 4361 489 4409 accensemus
513 4363 569 4408 eas
599 4347 713 4431 partes
733 4341 913 4430 pericopae
937 4363 1010 4430 cap.
1035 4346 1125 4422 536,
1150 4362 1298 4428 quarum
1319 4340 1501 4406 excluden-

187 4444 311 4514 darum
337 4470 408 4514 non
431 4447 638 4537 perspicitur
663 4448 762 4515 ratio.
788 4447 1019 4514 Exeluduntur
1043 4470 1076 4513 v.
1101 4468 1136 4533 g.
1159 4469 1210 4530 ea,
1238 4467 1326 4536 quae
1353 4468 1374 4512 a
1402 4447 1496 4511 Deut.

187 4551 304 4635 vetita,
323 4554 536 4644 temporibus
554 4559 630 4644 post
645 4555 767 4621 lusiam
786 4554 1038 4644 reputabantur
1056 4552 1151 4620 licita
1173 4554 1264 4642 (cum
1284 4557 1379 4618 Dent.
1405 4551 1496 4627 lu,1‚

187 4657 313 4727 oller.
333 4664 483 4744 lo,e;1s.
502 4667 597 4742 7‚18;
616 4683 694 4728 cum
708 4667 804 4730 Dent.
820 4668 899 4743 233
914 4683 965 4749 sq.
984 4662 1024 4727 el.
1047 4666 1087 4727 ls.
1107 4667 1160 4737 56,
1179 4661 1269 4747 3-5);
1288 4658 1401 4722 dume
1418 4675 1500 4721 eon-
