<?xml version="1.0" encoding="UTF-8"?>
<!DOCTYPE html PUBLIC "-//W3C//DTD XHTML 1.0 Transitional//EN"
    "http://www.w3.org/TR/xhtml1/DTD/xhtml1-transitional.dtd">
<html xmlns="http://www.w3.org/1999/xhtml" xml:lang="en" lang="en">
 <head>
  <title>
</title>
<meta http-equiv="Content-Type" content="text/html;charset=utf-8" />
  <meta name='ocr-system' content='tesseract 3.04.00' />
  <meta name='ocr-capabilities' content='ocr_page ocr_carea ocr_par ocr_line ocrx_word'/>
</head>
<body>
  <div class='ocr_page' id='page_1' title='image "./commentariusind00hummgoog/commentariusind00hummgoog_0474.png"; bbox 0 0 3366 5346; ppageno 0'>
   <div class='ocr_carea' id='block_1_1' title="bbox 704 482 1498 557">
    <p class='ocr_par' dir='ltr' id='par_1_1' title="bbox 704 482 1498 557">
     <span class='ocr_line' id='line_1_1' title="bbox 704 482 1498 557; baseline 0.003 -14"><span class='ocrx_word' id='word_1_1' title='bbox 704 498 792 543; x_wconf 81' lang='lat' dir='ltr'><strong>usur.</strong></span> <span class='ocrx_word' id='word_1_2' title='bbox 815 482 909 557; x_wconf 67' lang='grc' dir='ltr'><strong>Ξῌθ</strong></span> <span class='ocrx_word' id='word_1_3' title='bbox 929 500 975 552; x_wconf 88' lang='lat' dir='ltr'><strong>so.</strong></span> <span class='ocrx_word' id='word_1_4' title='bbox 1440 488 1498 547; x_wconf 70' lang='grc'><strong>443</strong></span> 
     </span>
    </p>
   </div>
   <div class='ocr_carea' id='block_1_2' title="bbox 180 631 1502 4553">
    <p class='ocr_par' dir='ltr' id='par_1_2' title="bbox 180 631 1501 3277">
     <span class='ocr_line' id='line_1_2' title="bbox 182 631 1499 723; baseline -0.002 -19"><span class='ocrx_word' id='word_1_5' title='bbox 182 658 242 704; x_wconf 92' lang='lat' dir='ltr'><strong>cur</strong></span> <span class='ocrx_word' id='word_1_6' title='bbox 263 634 344 702; x_wconf 88' lang='lat' dir='ltr'><strong>trita</strong></span> <span class='ocrx_word' id='word_1_7' title='bbox 365 634 450 701; x_wconf 88' lang='lat' dir='ltr'><strong>baec</strong></span> <span class='ocrx_word' id='word_1_8' title='bbox 466 631 663 700; x_wconf 76' lang='lat' dir='ltr'><strong>adhortatio</strong></span> <span class='ocrx_word' id='word_1_9' title='bbox 684 631 823 723; x_wconf 87' lang='lat' dir='ltr'><strong>speciali</strong></span> <span class='ocrx_word' id='word_1_10' title='bbox 842 632 979 723; x_wconf 91' lang='lat' dir='ltr'><strong>eloquio</strong></span> <span class='ocrx_word' id='word_1_11' title='bbox 1001 640 1072 701; x_wconf 88' lang='lat' dir='ltr'><strong>tam</strong></span> <span class='ocrx_word' id='word_1_12' title='bbox 1092 634 1263 701; x_wconf 88' lang='lat' dir='ltr'><strong>instanter</strong></span> <span class='ocrx_word' id='word_1_13' title='bbox 1285 634 1499 702; x_wconf 73' lang='lat' dir='ltr'>inculcatur?</span> 
     </span>
     <span class='ocr_line' id='line_1_3' title="bbox 184 724 1495 831; baseline 0 -23"><span class='ocrx_word' id='word_1_14' title='bbox 184 741 261 809; x_wconf 78' lang='lat' dir='ltr'><strong>lieri</strong></span> <span class='ocrx_word' id='word_1_15' title='bbox 278 763 286 809; x_wconf 89' lang='lat'>:</span> <span class='ocrx_word' id='word_1_16' title='bbox 305 740 521 825; x_wconf 84' lang='lat' dir='ltr'><strong>mandatum,</strong></span> <span class='ocrx_word' id='word_1_17' title='bbox 538 761 621 827; x_wconf 89' lang='lat' dir='ltr'><strong>ergo</strong></span> <span class='ocrx_word' id='word_1_18' title='bbox 640 738 728 805; x_wconf 93' lang='lat' dir='ltr'><strong>illud</strong></span> <span class='ocrx_word' id='word_1_19' title='bbox 745 724 868 823; x_wconf 85' lang='lat' dir='ltr'><strong>unum,</strong></span> <span class='ocrx_word' id='word_1_20' title='bbox 887 738 983 830; x_wconf 90' lang='lat' dir='ltr'><strong>quod</strong></span> <span class='ocrx_word' id='word_1_21' title='bbox 1003 739 1095 807; x_wconf 87' lang='lat' dir='ltr'><strong>illico</strong></span> <span class='ocrx_word' id='word_1_22' title='bbox 1115 764 1148 808; x_wconf 81' lang='lat' dir='ltr'><strong>v.</strong></span> <span class='ocrx_word' id='word_1_23' title='bbox 1173 747 1272 808; x_wconf 62' lang='lat'><strong>12:26</strong></span> <span class='ocrx_word' id='word_1_24' title='bbox 1295 741 1495 831; x_wconf 77' lang='lat' dir='ltr'><strong>explicatur.</strong></span> 
     </span>
     <span class='ocr_line' id='line_1_4' title="bbox 181 845 1498 938; baseline 0 -22"><span class='ocrx_word' id='word_1_25' title='bbox 181 855 287 928; x_wconf 84' lang='lat' dir='ltr'><strong>Quam</strong></span> <span class='ocrx_word' id='word_1_26' title='bbox 317 846 498 914; x_wconf 90' lang='lat' dir='ltr'><strong>lectionem</strong></span> <span class='ocrx_word' id='word_1_27' title='bbox 525 846 554 913; x_wconf 92' lang='lat' dir='ltr'><strong>si</strong></span> <span class='ocrx_word' id='word_1_28' title='bbox 580 846 771 937; x_wconf 76' lang='lat' dir='ltr'><strong>praeferas,</strong></span> <span class='ocrx_word' id='word_1_29' title='bbox 797 845 998 913; x_wconf 88' lang='lat' dir='ltr'><strong>adhibenda</strong></span> <span class='ocrx_word' id='word_1_30' title='bbox 1025 846 1091 914; x_wconf 88' lang='lat' dir='ltr'><strong>tibi</strong></span> <span class='ocrx_word' id='word_1_31' title='bbox 1117 847 1183 914; x_wconf 88' lang='lat' dir='ltr'><strong>erit</strong></span> <span class='ocrx_word' id='word_1_32' title='bbox 1211 854 1390 938; x_wconf 91' lang='lat' dir='ltr'><strong>praeterea</strong></span> <span class='ocrx_word' id='word_1_33' title='bbox 1414 849 1498 916; x_wconf 84' lang='lat' dir='ltr'><strong>lcvis</strong></span> 
     </span>
     <span class='ocr_line' id='line_1_5' title="bbox 180 952 1498 1043; baseline -0.001 -20"><span class='ocrx_word' id='word_1_34' title='bbox 180 961 290 1023; x_wconf 83' lang='lat' dir='ltr'><strong>textus</strong></span> <span class='ocrx_word' id='word_1_35' title='bbox 316 953 540 1022; x_wconf 89' lang='lat' dir='ltr'><strong>emendatio:</strong></span> <span class='ocrx_word' id='word_1_36' title='bbox 565 964 730 1020; x_wconf 82' lang='lat' dir='ltr'><strong>statatum</strong></span> <span class='ocrx_word' id='word_1_37' title='bbox 756 975 819 1043; x_wconf 92' lang='lat' dir='ltr'><strong>pro</strong></span> <span class='ocrx_word' id='word_1_38' title='bbox 846 952 985 1021; x_wconf 79' lang='lat' dir='ltr'><strong>statut-is</strong></span> <span class='ocrx_word' id='word_1_39' title='bbox 1009 952 1130 1043; x_wconf 77' lang='lat' dir='ltr'><strong>(l&#39;alp.</strong></span> <span class='ocrx_word' id='word_1_40' title='bbox 1160 954 1339 1041; x_wconf 82' lang='lat' dir='ltr'><strong>iustitias);</strong></span> <span class='ocrx_word' id='word_1_41' title='bbox 1361 956 1498 1023; x_wconf 91' lang='lat' dir='ltr'><strong>numeri</strong></span> 
     </span>
     <span class='ocr_line' id='line_1_6' title="bbox 180 1054 1500 1151; baseline 0 -22"><span class='ocrx_word' id='word_1_42' title='bbox 180 1067 213 1129; x_wconf 89' lang='lat' dir='ltr'><strong>et</strong></span> <span class='ocrx_word' id='word_1_43' title='bbox 231 1061 351 1129; x_wconf 77' lang='lat' dir='ltr'><strong>suffixa</strong></span> <span class='ocrx_word' id='word_1_44' title='bbox 363 1060 500 1151; x_wconf 87' lang='lat' dir='ltr'><strong>saepius</strong></span> <span class='ocrx_word' id='word_1_45' title='bbox 518 1059 555 1126; x_wconf 92' lang='lat' dir='ltr'><strong>in</strong></span> <span class='ocrx_word' id='word_1_46' title='bbox 568 1058 714 1127; x_wconf 77' lang='lat' dir='ltr'><strong>textibus</strong></span> <span class='ocrx_word' id='word_1_47' title='bbox 735 1060 1008 1128; x_wconf 87' lang='lat' dir='ltr'><strong>confunduntur.</strong></span> <span class='ocrx_word' id='word_1_48' title='bbox 1024 1054 1115 1148; x_wconf 73' lang='lat' dir='ltr'><strong>E‘rgo</strong></span> <span class='ocrx_word' id='word_1_49' title='bbox 1131 1060 1316 1150; x_wconf 82' lang='lat' dir='ltr'>specialem</span> <span class='ocrx_word' id='word_1_50' title='bbox 1336 1066 1460 1149; x_wconf 69' lang='lat' dir='ltr'><strong>Moyses</strong></span> <span class='ocrx_word' id='word_1_51' title='bbox 1478 1086 1500 1129; x_wconf 91' lang='lat' dir='ltr'><strong>a</strong></span> 
     </span>
     <span class='ocr_line' id='line_1_7' title="bbox 180 1166 1499 1258; baseline 0 -24"><span class='ocrx_word' id='word_1_52' title='bbox 180 1167 417 1236; x_wconf 88' lang='lat' dir='ltr'><strong>sacerdotibus</strong></span> <span class='ocrx_word' id='word_1_53' title='bbox 440 1173 474 1233; x_wconf 91' lang='lat' dir='ltr'><strong>et</strong></span> <span class='ocrx_word' id='word_1_54' title='bbox 492 1166 621 1257; x_wconf 93' lang='lat' dir='ltr'><strong>populo</strong></span> <span class='ocrx_word' id='word_1_55' title='bbox 641 1167 866 1233; x_wconf 81' lang='lat' dir='ltr'><strong>attentionem</strong></span> <span class='ocrx_word' id='word_1_56' title='bbox 889 1166 1013 1257; x_wconf 87' lang='lat' dir='ltr'><strong>poscit;</strong></span> <span class='ocrx_word' id='word_1_57' title='bbox 1036 1168 1142 1258; x_wconf 90' lang='lat' dir='ltr'><strong>poscit</strong></span> <span class='ocrx_word' id='word_1_58' title='bbox 1164 1189 1204 1235; x_wconf 92' lang='lat' dir='ltr'><strong>co</strong></span> <span class='ocrx_word' id='word_1_59' title='bbox 1226 1166 1382 1250; x_wconf 92' lang='lat' dir='ltr'><strong>nomine,</strong></span> <span class='ocrx_word' id='word_1_60' title='bbox 1406 1167 1499 1256; x_wconf 92' lang='lat' dir='ltr'><strong>quod</strong></span> 
     </span>
     <span class='ocr_line' id='line_1_8' title="bbox 182 1273 1499 1363; baseline -0.002 -20"><span class='ocrx_word' id='word_1_61' title='bbox 182 1274 286 1343; x_wconf 88' lang='lat' dir='ltr'><strong>lsrael</strong></span> <span class='ocrx_word' id='word_1_62' title='bbox 306 1274 348 1341; x_wconf 94' lang='lat' dir='ltr'><strong>sit</strong></span> <span class='ocrx_word' id='word_1_63' title='bbox 369 1273 521 1363; x_wconf 90' lang='lat' dir='ltr'><strong>populus</strong></span> <span class='ocrx_word' id='word_1_64' title='bbox 538 1274 657 1353; x_wconf 82' lang='lat' dir='ltr'><strong>Iahve3</strong></span> <span class='ocrx_word' id='word_1_65' title='bbox 672 1273 782 1362; x_wconf 85' lang='lat' dir='ltr'><strong>poscit</strong></span> <span class='ocrx_word' id='word_1_66' title='bbox 801 1273 845 1339; x_wconf 90' lang='lat' dir='ltr'><strong>ad</strong></span> <span class='ocrx_word' id='word_1_67' title='bbox 868 1295 948 1341; x_wconf 90' lang='lat' dir='ltr'><strong>eum</strong></span> <span class='ocrx_word' id='word_1_68' title='bbox 965 1274 1137 1353; x_wconf 83' lang='lat' dir='ltr'><strong>effectum,</strong></span> <span class='ocrx_word' id='word_1_69' title='bbox 1156 1278 1193 1340; x_wconf 90' lang='lat' dir='ltr'><strong>ut</strong></span> <span class='ocrx_word' id='word_1_70' title='bbox 1212 1274 1314 1341; x_wconf 91' lang='lat' dir='ltr'><strong>lsrael</strong></span> <span class='ocrx_word' id='word_1_71' title='bbox 1328 1276 1499 1341; x_wconf 91' lang='lat' dir='ltr'><strong>monitum</strong></span> 
     </span>
     <span class='ocr_line' id='line_1_9' title="bbox 181 1378 1500 1470; baseline -0.001 -22"><span class='ocrx_word' id='word_1_72' title='bbox 181 1405 213 1450; x_wconf 79' lang='lat' dir='ltr'><strong>u.</strong></span> <span class='ocrx_word' id='word_1_73' title='bbox 233 1386 334 1448; x_wconf 70' lang='lat'><strong>12-26</strong></span> <span class='ocrx_word' id='word_1_74' title='bbox 357 1402 461 1470; x_wconf 91' lang='lat' dir='ltr'><strong>opere</strong></span> <span class='ocrx_word' id='word_1_75' title='bbox 485 1378 631 1470; x_wconf 82' lang='lat' dir='ltr'><strong>expleat.</strong></span> <span class='ocrx_word' id='word_1_76' title='bbox 647 1382 713 1445; x_wconf 86' lang='lat' dir='ltr'><strong>Cur</strong></span> <span class='ocrx_word' id='word_1_77' title='bbox 734 1402 814 1447; x_wconf 85' lang='lat' dir='ltr'><strong>vero</strong></span> <span class='ocrx_word' id='word_1_78' title='bbox 831 1386 902 1447; x_wconf 90' lang='lat' dir='ltr'><strong>tam</strong></span> <span class='ocrx_word' id='word_1_79' title='bbox 919 1380 1117 1448; x_wconf 89' lang='lat' dir='ltr'><strong>solemniter</strong></span> <span class='ocrx_word' id='word_1_80' title='bbox 1137 1385 1171 1448; x_wconf 90' lang='lat' dir='ltr'><strong>ct</strong></span> <span class='ocrx_word' id='word_1_81' title='bbox 1188 1380 1356 1447; x_wconf 81' lang='lat' dir='ltr'><strong>instanter</strong></span> <span class='ocrx_word' id='word_1_82' title='bbox 1371 1380 1500 1470; x_wconf 79' lang='lat' dir='ltr'><strong>poscit?</strong></span> 
     </span>
     <span class='ocr_line' id='line_1_10' title="bbox 181 1486 1501 1577; baseline 0 -23"><span class='ocrx_word' id='word_1_83' title='bbox 181 1490 283 1556; x_wconf 86' lang='lat' dir='ltr'><strong>Plura</strong></span> <span class='ocrx_word' id='word_1_84' title='bbox 309 1509 387 1553; x_wconf 88' lang='lat' dir='ltr'><strong>mox</strong></span> <span class='ocrx_word' id='word_1_85' title='bbox 410 1492 512 1553; x_wconf 91' lang='lat' dir='ltr'><strong>crunt</strong></span> <span class='ocrx_word' id='word_1_86' title='bbox 534 1486 756 1577; x_wconf 85' lang='lat' dir='ltr'><strong>praestanda,</strong></span> <span class='ocrx_word' id='word_1_87' title='bbox 777 1510 891 1577; x_wconf 91' lang='lat' dir='ltr'><strong>neque</strong></span> <span class='ocrx_word' id='word_1_88' title='bbox 916 1487 1037 1555; x_wconf 90' lang='lat' dir='ltr'><strong>eadem</strong></span> <span class='ocrx_word' id='word_1_89' title='bbox 1061 1510 1081 1555; x_wconf 92' lang='lat' dir='ltr'><strong>a</strong></span> <span class='ocrx_word' id='word_1_90' title='bbox 1108 1487 1343 1555; x_wconf 88' lang='lat' dir='ltr'><strong>sacerdotibus</strong></span> <span class='ocrx_word' id='word_1_91' title='bbox 1367 1509 1456 1577; x_wconf 88' lang='lat' dir='ltr'><strong>quae</strong></span> <span class='ocrx_word' id='word_1_92' title='bbox 1480 1509 1501 1554; x_wconf 90' lang='lat' dir='ltr'><strong>a</strong></span> 
     </span>
     <span class='ocr_line' id='line_1_11' title="bbox 182 1592 1501 1685; baseline -0.001 -24"><span class='ocrx_word' id='word_1_93' title='bbox 182 1592 325 1685; x_wconf 91' lang='lat' dir='ltr'><strong>populo;</strong></span> <span class='ocrx_word' id='word_1_94' title='bbox 345 1615 453 1684; x_wconf 90' lang='lat' dir='ltr'><strong>quare</strong></span> <span class='ocrx_word' id='word_1_95' title='bbox 473 1598 609 1683; x_wconf 82' lang='lat' dir='ltr'><strong>oportet</strong></span> <span class='ocrx_word' id='word_1_96' title='bbox 627 1596 787 1682; x_wconf 88' lang='lat' dir='ltr'><strong>utrosque</strong></span> <span class='ocrx_word' id='word_1_97' title='bbox 806 1599 965 1661; x_wconf 88' lang='lat' dir='ltr'><strong>accurate</strong></span> <span class='ocrx_word' id='word_1_98' title='bbox 987 1593 1163 1662; x_wconf 88' lang='lat' dir='ltr'><strong>attondere</strong></span> <span class='ocrx_word' id='word_1_99' title='bbox 1179 1593 1222 1661; x_wconf 90' lang='lat' dir='ltr'><strong>ad</strong></span> <span class='ocrx_word' id='word_1_100' title='bbox 1242 1616 1295 1677; x_wconf 87' lang='lat' dir='ltr'><strong>ca,</strong></span> <span class='ocrx_word' id='word_1_101' title='bbox 1313 1616 1402 1683; x_wconf 88' lang='lat' dir='ltr'><strong>quae</strong></span> <span class='ocrx_word' id='word_1_102' title='bbox 1422 1616 1501 1660; x_wconf 82' lang='lat' dir='ltr'><strong>mox</strong></span> 
     </span>
     <span class='ocr_line' id='line_1_12' title="bbox 182 1699 1499 1791; baseline -0.001 -24"><span class='ocrx_word' id='word_1_103' title='bbox 182 1701 336 1767; x_wconf 86' lang='lat' dir='ltr'><strong>dicturus</strong></span> <span class='ocrx_word' id='word_1_104' title='bbox 355 1704 406 1767; x_wconf 89' lang='lat' dir='ltr'><strong>est</strong></span> <span class='ocrx_word' id='word_1_105' title='bbox 429 1704 564 1786; x_wconf 73' lang='lat' dir='ltr'><strong>Moyses.</strong></span> <span class='ocrx_word' id='word_1_106' title='bbox 587 1699 787 1767; x_wconf 82' lang='lat' dir='ltr'><strong>Sacerdotes</strong></span> <span class='ocrx_word' id='word_1_107' title='bbox 807 1700 1062 1791; x_wconf 88' lang='lat' dir='ltr'><strong>pronuntiaturi</strong></span> <span class='ocrx_word' id='word_1_108' title='bbox 1089 1706 1167 1767; x_wconf 91' lang='lat' dir='ltr'><strong>sunt</strong></span> <span class='ocrx_word' id='word_1_109' title='bbox 1197 1700 1311 1768; x_wconf 90' lang='lat' dir='ltr'><strong>varias</strong></span> <span class='ocrx_word' id='word_1_110' title='bbox 1334 1699 1499 1767; x_wconf 90' lang='lat' dir='ltr'><strong>maledic-</strong></span> 
     </span>
     <span class='ocr_line' id='line_1_13' title="bbox 181 1805 1499 1898; baseline 0 -26"><span class='ocrx_word' id='word_1_111' title='bbox 181 1808 289 1874; x_wconf 88' lang='lat' dir='ltr'><strong>tiones</strong></span> <span class='ocrx_word' id='word_1_112' title='bbox 310 1805 470 1874; x_wconf 90' lang='lat' dir='ltr'><strong>distincte</strong></span> <span class='ocrx_word' id='word_1_113' title='bbox 495 1813 529 1872; x_wconf 91' lang='lat' dir='ltr'><strong>et</strong></span> <span class='ocrx_word' id='word_1_114' title='bbox 554 1807 694 1888; x_wconf 85' lang='lat' dir='ltr'><strong>decore;</strong></span> <span class='ocrx_word' id='word_1_115' title='bbox 717 1806 843 1896; x_wconf 89' lang='lat' dir='ltr'><strong>quibus</strong></span> <span class='ocrx_word' id='word_1_116' title='bbox 868 1808 1017 1898; x_wconf 91' lang='lat' dir='ltr'><strong>populus</strong></span> <span class='ocrx_word' id='word_1_117' title='bbox 1040 1807 1291 1875; x_wconf 84' lang='lat' dir='ltr'><strong>acclamaturus</strong></span> <span class='ocrx_word' id='word_1_118' title='bbox 1320 1811 1369 1873; x_wconf 88' lang='lat' dir='ltr'><strong>est</strong></span> <span class='ocrx_word' id='word_1_119' title='bbox 1392 1810 1499 1873; x_wconf 79' lang='lat' dir='ltr'><strong>Amen</strong></span> 
     </span>
     <span class='ocr_line' id='line_1_14' title="bbox 181 1912 1500 2004; baseline -0.001 -25"><span class='ocrx_word' id='word_1_120' title='bbox 181 1935 251 1979; x_wconf 93' lang='lat' dir='ltr'><strong>non</strong></span> <span class='ocrx_word' id='word_1_121' title='bbox 274 1912 502 1994; x_wconf 89' lang='lat' dir='ltr'><strong>turbulenter,</strong></span> <span class='ocrx_word' id='word_1_122' title='bbox 526 1912 587 1979; x_wconf 90' lang='lat' dir='ltr'><strong>sed</strong></span> <span class='ocrx_word' id='word_1_123' title='bbox 620 1912 738 2000; x_wconf 82' lang='lat' dir='ltr'><strong>digne.</strong></span> <span class='ocrx_word' id='word_1_124' title='bbox 766 1914 964 1982; x_wconf 86' lang='lat' dir='ltr'><strong>Attentione</strong></span> <span class='ocrx_word' id='word_1_125' title='bbox 988 1937 1075 2004; x_wconf 93' lang='lat' dir='ltr'><strong>opus</strong></span> <span class='ocrx_word' id='word_1_126' title='bbox 1100 1914 1182 1995; x_wconf 89' lang='lat' dir='ltr'><strong>erit,</strong></span> <span class='ocrx_word' id='word_1_127' title='bbox 1204 1918 1240 1980; x_wconf 93' lang='lat' dir='ltr'><strong>ut</strong></span> <span class='ocrx_word' id='word_1_128' title='bbox 1265 1935 1327 1980; x_wconf 90' lang='lat' dir='ltr'><strong>sua</strong></span> <span class='ocrx_word' id='word_1_129' title='bbox 1354 1912 1500 2003; x_wconf 91' lang='lat' dir='ltr'><strong>quisque</strong></span> 
     </span>
     <span class='ocr_line' id='line_1_15' title="bbox 181 2018 1498 2111; baseline -0.002 -24"><span class='ocrx_word' id='word_1_130' title='bbox 181 2024 279 2108; x_wconf 87' lang='lat' dir='ltr'><strong>parte</strong></span> <span class='ocrx_word' id='word_1_131' title='bbox 296 2042 449 2106; x_wconf 89' lang='lat' dir='ltr'><strong>congrue</strong></span> <span class='ocrx_word' id='word_1_132' title='bbox 469 2020 646 2106; x_wconf 87' lang='lat' dir='ltr'><strong>iungatur.</strong></span> <span class='ocrx_word' id='word_1_133' title='bbox 665 2024 751 2087; x_wconf 88' lang='lat' dir='ltr'><strong>llaec</strong></span> <span class='ocrx_word' id='word_1_134' title='bbox 770 2020 881 2111; x_wconf 93' lang='lat' dir='ltr'><strong>potuit</strong></span> <span class='ocrx_word' id='word_1_135' title='bbox 899 2044 970 2088; x_wconf 88' lang='lat' dir='ltr'><strong>csse</strong></span> <span class='ocrx_word' id='word_1_136' title='bbox 990 2021 1088 2104; x_wconf 91' lang='lat' dir='ltr'><strong>ratio,</strong></span> <span class='ocrx_word' id='word_1_137' title='bbox 1103 2043 1165 2087; x_wconf 87' lang='lat' dir='ltr'><strong>our</strong></span> <span class='ocrx_word' id='word_1_138' title='bbox 1183 2021 1325 2087; x_wconf 88' lang='lat' dir='ltr'><strong>seorsim</strong></span> <span class='ocrx_word' id='word_1_139' title='bbox 1339 2018 1498 2086; x_wconf 86' lang='lat' dir='ltr'><strong>sacerdo·</strong></span> 
     </span>
     <span class='ocr_line' id='line_1_16' title="bbox 182 2125 1499 2215; baseline 0.001 -25"><span class='ocrx_word' id='word_1_140' title='bbox 182 2133 256 2193; x_wconf 89' lang='lat' dir='ltr'><strong>tum</strong></span> <span class='ocrx_word' id='word_1_141' title='bbox 270 2134 304 2192; x_wconf 90' lang='lat' dir='ltr'><strong>et</strong></span> <span class='ocrx_word' id='word_1_142' title='bbox 317 2127 458 2192; x_wconf 78' lang='lat' dir='ltr'><strong>seorsim</strong></span> <span class='ocrx_word' id='word_1_143' title='bbox 473 2125 592 2215; x_wconf 92' lang='lat' dir='ltr'><strong>populi</strong></span> <span class='ocrx_word' id='word_1_144' title='bbox 609 2128 754 2192; x_wconf 88' lang='lat' dir='ltr'><strong>attentio</strong></span> <span class='ocrx_word' id='word_1_145' title='bbox 775 2132 958 2214; x_wconf 91' lang='lat' dir='ltr'><strong>peteretur.</strong></span> <span class='ocrx_word' id='word_1_146' title='bbox 981 2132 1037 2193; x_wconf 86' lang='lat' dir='ltr'><strong>Est</strong></span> <span class='ocrx_word' id='word_1_147' title='bbox 1054 2127 1122 2193; x_wconf 91' lang='lat' dir='ltr'><strong>alia</strong></span> <span class='ocrx_word' id='word_1_148' title='bbox 1137 2126 1326 2193; x_wconf 91' lang='lat' dir='ltr'><strong>communis</strong></span> <span class='ocrx_word' id='word_1_149' title='bbox 1346 2125 1499 2214; x_wconf 90' lang='lat' dir='ltr'><strong>utrisque</strong></span> 
     </span>
     <span class='ocr_line' id='line_1_17' title="bbox 182 2231 1498 2323; baseline -0.002 -24"><span class='ocrx_word' id='word_1_150' title='bbox 182 2232 385 2299; x_wconf 87' lang='lat' dir='ltr'><strong>attendendi</strong></span> <span class='ocrx_word' id='word_1_151' title='bbox 413 2232 501 2299; x_wconf 87' lang='lat' dir='ltr'><strong>ratio</strong></span> <span class='ocrx_word' id='word_1_152' title='bbox 519 2253 527 2300; x_wconf 89' lang='lat'><strong>:</strong></span> <span class='ocrx_word' id='word_1_153' title='bbox 545 2231 732 2316; x_wconf 89' lang='lat' dir='ltr'><strong>maledicti,</strong></span> <span class='ocrx_word' id='word_1_154' title='bbox 751 2232 845 2323; x_wconf 80' lang='lat' dir='ltr'><strong>quod</strong></span> <span class='ocrx_word' id='word_1_155' title='bbox 870 2233 935 2323; x_wconf 93' lang='lat' dir='ltr'><strong>ipsi</strong></span> <span class='ocrx_word' id='word_1_156' title='bbox 964 2237 1078 2299; x_wconf 86' lang='lat' dir='ltr'><strong>ratum</strong></span> <span class='ocrx_word' id='word_1_157' title='bbox 1105 2232 1259 2313; x_wconf 82' lang='lat' dir='ltr'><strong>habituri</strong></span> <span class='ocrx_word' id='word_1_158' title='bbox 1284 2236 1362 2299; x_wconf 89' lang='lat' dir='ltr'><strong>sunt</strong></span> <span class='ocrx_word' id='word_1_159' title='bbox 1385 2232 1498 2298; x_wconf 87' lang='lat' dir='ltr'><strong>accla-</strong></span> 
     </span>
     <span class='ocr_line' id='line_1_18' title="bbox 183 2338 1501 2424; baseline -0.002 -19"><span class='ocrx_word' id='word_1_160' title='bbox 183 2344 315 2406; x_wconf 78' lang='lat' dir='ltr'><strong>mantes</strong></span> <span class='ocrx_word' id='word_1_161' title='bbox 334 2344 453 2421; x_wconf 80' lang='lat' dir='ltr'><strong>Amen,</strong></span> <span class='ocrx_word' id='word_1_162' title='bbox 471 2339 622 2424; x_wconf 89' lang='lat' dir='ltr'><strong>gravitas</strong></span> <span class='ocrx_word' id='word_1_163' title='bbox 643 2344 678 2405; x_wconf 92' lang='lat' dir='ltr'><strong>ot</strong></span> <span class='ocrx_word' id='word_1_164' title='bbox 698 2338 931 2406; x_wconf 87' lang='lat' dir='ltr'><strong>ineluctabilis</strong></span> <span class='ocrx_word' id='word_1_165' title='bbox 955 2339 1119 2407; x_wconf 78' lang='lat' dir='ltr'><strong>efficacia.</strong></span> <span class='ocrx_word' id='word_1_166' title='bbox 1138 2378 1182 2388; x_wconf 97' lang='lat'>—</span> <span class='ocrx_word' id='word_1_167' title='bbox 1198 2343 1289 2417; x_wconf 82' lang='lat' dir='ltr'><strong>Quae</strong></span> <span class='ocrx_word' id='word_1_168' title='bbox 1305 2343 1423 2404; x_wconf 89' lang='lat' dir='ltr'><strong>nostra</strong></span> <span class='ocrx_word' id='word_1_169' title='bbox 1444 2360 1501 2403; x_wconf 82' lang='lat' dir='ltr'><strong>ex·</strong></span> 
     </span>
     <span class='ocr_line' id='line_1_19' title="bbox 181 2444 1497 2535; baseline 0 -25"><span class='ocrx_word' id='word_1_170' title='bbox 181 2444 322 2535; x_wconf 88' lang='lat' dir='ltr'><strong>plicatio</strong></span> <span class='ocrx_word' id='word_1_171' title='bbox 344 2445 504 2512; x_wconf 90' lang='lat' dir='ltr'><strong>videatur</strong></span> <span class='ocrx_word' id='word_1_172' title='bbox 522 2444 587 2511; x_wconf 89' lang='lat' dir='ltr'><strong>tibi</strong></span> <span class='ocrx_word' id='word_1_173' title='bbox 608 2446 716 2534; x_wconf 88' lang='lat' dir='ltr'><strong>petita</strong></span> <span class='ocrx_word' id='word_1_174' title='bbox 733 2468 752 2511; x_wconf 93' lang='lat' dir='ltr'><strong>c</strong></span> <span class='ocrx_word' id='word_1_175' title='bbox 768 2450 927 2511; x_wconf 86' lang='lat' dir='ltr'><strong>contextu</strong></span> <span class='ocrx_word' id='word_1_176' title='bbox 948 2445 1058 2533; x_wconf 88' lang='lat' dir='ltr'><strong>magis</strong></span> <span class='ocrx_word' id='word_1_177' title='bbox 1074 2468 1178 2534; x_wconf 90' lang='lat' dir='ltr'><strong>quam</strong></span> <span class='ocrx_word' id='word_1_178' title='bbox 1201 2467 1219 2512; x_wconf 90' lang='lat' dir='ltr'><strong>e</strong></span> <span class='ocrx_word' id='word_1_179' title='bbox 1238 2449 1332 2511; x_wconf 82' lang='lat' dir='ltr'><strong>textu</strong></span> <span class='ocrx_word' id='word_1_180' title='bbox 1353 2452 1421 2511; x_wconf 80' lang='lat' dir='ltr'><strong>v.·9</strong></span> <span class='ocrx_word' id='word_1_181' title='bbox 1446 2466 1497 2532; x_wconf 90' lang='lat' dir='ltr'><strong>sq.</strong></span> 
     </span>
     <span class='ocr_line' id='line_1_20' title="bbox 183 2549 1500 2641; baseline -0.002 -24"><span class='ocrx_word' id='word_1_182' title='bbox 183 2557 302 2619; x_wconf 79' lang='lat' dir='ltr'><strong>Fateor</strong></span> <span class='ocrx_word' id='word_1_183' title='bbox 321 2556 464 2633; x_wconf 85' lang='lat' dir='ltr'><strong>textum,</strong></span> <span class='ocrx_word' id='word_1_184' title='bbox 481 2557 558 2641; x_wconf 91' lang='lat' dir='ltr'><strong>post</strong></span> <span class='ocrx_word' id='word_1_185' title='bbox 578 2550 733 2617; x_wconf 88' lang='lat' dir='ltr'><strong>solemne</strong></span> <span class='ocrx_word' id='word_1_186' title='bbox 758 2550 937 2618; x_wconf 87' lang='lat' dir='ltr'><strong>exordium</strong></span> <span class='ocrx_word' id='word_1_187' title='bbox 961 2579 977 2613; x_wconf 92' lang='lat'>«</span> <span class='ocrx_word' id='word_1_188' title='bbox 1004 2551 1095 2618; x_wconf 81' lang='lat' dir='ltr'><strong>nudi</strong></span> <span class='ocrx_word' id='word_1_189' title='bbox 1116 2551 1219 2619; x_wconf 88' lang='lat' dir='ltr'><strong>lsrael</strong></span> <span class='ocrx_word' id='word_1_190' title='bbox 1240 2580 1271 2633; x_wconf 75' lang='lat' dir='ltr'><strong>n,</strong></span> <span class='ocrx_word' id='word_1_191' title='bbox 1288 2550 1326 2616; x_wconf 90' lang='lat' dir='ltr'><strong>in</strong></span> <span class='ocrx_word' id='word_1_192' title='bbox 1347 2549 1500 2616; x_wconf 92' lang='lat' dir='ltr'><strong>brevius·</strong></span> 
     </span>
     <span class='ocr_line' id='line_1_21' title="bbox 183 2655 1501 2747; baseline -0.002 -24"><span class='ocrx_word' id='word_1_193' title='bbox 183 2656 296 2723; x_wconf 89' lang='lat' dir='ltr'><strong>culam</strong></span> <span class='ocrx_word' id='word_1_194' title='bbox 318 2657 472 2724; x_wconf 87' lang='lat' dir='ltr'><strong>desinere</strong></span> <span class='ocrx_word' id='word_1_195' title='bbox 494 2657 658 2737; x_wconf 89' lang='lat' dir='ltr'><strong>caudam;</strong></span> <span class='ocrx_word' id='word_1_196' title='bbox 673 2658 815 2723; x_wconf 84' lang='lat' dir='ltr'><strong>fortasse</strong></span> <span class='ocrx_word' id='word_1_197' title='bbox 831 2658 949 2746; x_wconf 89' lang='lat' dir='ltr'><strong>aliqua</strong></span> <span class='ocrx_word' id='word_1_198' title='bbox 971 2657 1043 2724; x_wconf 91' lang='lat' dir='ltr'><strong>cius</strong></span> <span class='ocrx_word' id='word_1_199' title='bbox 1064 2680 1145 2747; x_wconf 88' lang='lat' dir='ltr'><strong>pars</strong></span> <span class='ocrx_word' id='word_1_200' title='bbox 1168 2656 1293 2724; x_wconf 81' lang='lat' dir='ltr'><strong>excidit</strong></span> <span class='ocrx_word' id='word_1_201' title='bbox 1316 2662 1376 2723; x_wconf 91' lang='lat' dir='ltr'><strong>aut</strong></span> <span class='ocrx_word' id='word_1_202' title='bbox 1390 2655 1501 2722; x_wconf 84' lang='lat' dir='ltr'><strong>excisa</strong></span> 
     </span>
     <span class='ocr_line' id='line_1_22' title="bbox 184 2761 1501 2851; baseline -0.002 -21"><span class='ocrx_word' id='word_1_203' title='bbox 184 2768 244 2844; x_wconf 90' lang='lat' dir='ltr'><strong>est,</strong></span> <span class='ocrx_word' id='word_1_204' title='bbox 260 2768 401 2851; x_wconf 87' lang='lat' dir='ltr'><strong>cratque</strong></span> <span class='ocrx_word' id='word_1_205' title='bbox 423 2767 601 2829; x_wconf 84' lang='lat' dir='ltr'><strong>contextus</strong></span> <span class='ocrx_word' id='word_1_206' title='bbox 623 2761 785 2851; x_wconf 87' lang='lat' dir='ltr'><strong>primitus</strong></span> <span class='ocrx_word' id='word_1_207' title='bbox 805 2762 982 2851; x_wconf 91' lang='lat' dir='ltr'><strong>aliquanto</strong></span> <span class='ocrx_word' id='word_1_208' title='bbox 1007 2763 1161 2831; x_wconf 89' lang='lat' dir='ltr'><strong>diversus</strong></span> <span class='ocrx_word' id='word_1_209' title='bbox 1184 2764 1228 2830; x_wconf 91' lang='lat' dir='ltr'><strong>ab</strong></span> <span class='ocrx_word' id='word_1_210' title='bbox 1252 2785 1303 2843; x_wconf 89' lang='lat' dir='ltr'><strong>eo,</strong></span> <span class='ocrx_word' id='word_1_211' title='bbox 1323 2762 1385 2851; x_wconf 93' lang='lat' dir='ltr'><strong>qui</strong></span> <span class='ocrx_word' id='word_1_212' title='bbox 1409 2783 1501 2829; x_wconf 90' lang='lat' dir='ltr'><strong>nunc</strong></span> 
     </span>
     <span class='ocr_line' id='line_1_23' title="bbox 184 2868 1501 2957; baseline -0.002 -22"><span class='ocrx_word' id='word_1_213' title='bbox 184 2874 243 2935; x_wconf 90' lang='lat' dir='ltr'><strong>est.</strong></span> <span class='ocrx_word' id='word_1_214' title='bbox 263 2874 431 2935; x_wconf 89' lang='lat' dir='ltr'><strong>Lacunam</strong></span> <span class='ocrx_word' id='word_1_215' title='bbox 450 2868 542 2934; x_wconf 90' lang='lat' dir='ltr'><strong>malo</strong></span> <span class='ocrx_word' id='word_1_216' title='bbox 560 2869 736 2935; x_wconf 91' lang='lat' dir='ltr'><strong>adstruere</strong></span> <span class='ocrx_word' id='word_1_217' title='bbox 756 2868 793 2933; x_wconf 94' lang='lat' dir='ltr'><strong>in</strong></span> <span class='ocrx_word' id='word_1_218' title='bbox 813 2874 919 2951; x_wconf 81' lang='lat' dir='ltr'><strong>textu,</strong></span> <span class='ocrx_word' id='word_1_219' title='bbox 936 2869 998 2957; x_wconf 92' lang='lat' dir='ltr'><strong>qui</strong></span> <span class='ocrx_word' id='word_1_220' title='bbox 1013 2870 1151 2936; x_wconf 90' lang='lat' dir='ltr'><strong>tandem</strong></span> <span class='ocrx_word' id='word_1_221' title='bbox 1167 2892 1236 2936; x_wconf 93' lang='lat' dir='ltr'><strong>non</strong></span> <span class='ocrx_word' id='word_1_222' title='bbox 1257 2874 1308 2935; x_wconf 93' lang='lat' dir='ltr'><strong>est</strong></span> <span class='ocrx_word' id='word_1_223' title='bbox 1322 2868 1388 2933; x_wconf 88' lang='lat' dir='ltr'><strong>nisi</strong></span> <span class='ocrx_word' id='word_1_224' title='bbox 1406 2868 1501 2953; x_wconf 82' lang='lat' dir='ltr'><strong>frag-</strong></span> 
     </span>
     <span class='ocr_line' id='line_1_24' title="bbox 185 2974 1499 3065; baseline -0.002 -24"><span class='ocrx_word' id='word_1_225' title='bbox 185 2979 350 3055; x_wconf 89' lang='lat' dir='ltr'><strong>mentum,</strong></span> <span class='ocrx_word' id='word_1_226' title='bbox 369 2996 475 3064; x_wconf 90' lang='lat' dir='ltr'><strong>quam</strong></span> <span class='ocrx_word' id='word_1_227' title='bbox 490 2998 523 3041; x_wconf 93' lang='lat' dir='ltr'><strong>v.</strong></span> <span class='ocrx_word' id='word_1_228' title='bbox 541 2982 625 3065; x_wconf 86' lang='lat' dir='ltr'><strong>9sq.</strong></span> <span class='ocrx_word' id='word_1_229' title='bbox 641 2996 718 3041; x_wconf 94' lang='lat' dir='ltr'><strong>cum</strong></span> <span class='ocrx_word' id='word_1_230' title='bbox 732 2974 983 3042; x_wconf 91' lang='lat' dir='ltr'><strong>recentioribus</strong></span> <span class='ocrx_word' id='word_1_231' title='bbox 995 2974 1065 3042; x_wconf 91' lang='lat' dir='ltr'><strong>alio</strong></span> <span class='ocrx_word' id='word_1_232' title='bbox 1080 2977 1274 3043; x_wconf 84' lang='lat' dir='ltr'><strong>transferre.</strong></span> <span class='ocrx_word' id='word_1_233' title='bbox 1289 2980 1499 3063; x_wconf 81' lang='lat' dir='ltr'><strong>Quocunque</strong></span> 
     </span>
     <span class='ocr_line' id='line_1_25' title="bbox 184 3079 1500 3171; baseline -0.002 -22"><span class='ocrx_word' id='word_1_234' title='bbox 184 3082 383 3163; x_wconf 83' lang='lat' dir='ltr'><strong>transieras,</strong></span> <span class='ocrx_word' id='word_1_235' title='bbox 400 3080 514 3148; x_wconf 88' lang='lat' dir='ltr'><strong>manci</strong></span> <span class='ocrx_word' id='word_1_236' title='bbox 540 3086 618 3147; x_wconf 92' lang='lat' dir='ltr'><strong>sunt</strong></span> <span class='ocrx_word' id='word_1_237' title='bbox 645 3080 696 3146; x_wconf 92' lang='lat' dir='ltr'><strong>illi</strong></span> <span class='ocrx_word' id='word_1_238' title='bbox 728 3102 858 3163; x_wconf 89' lang='lat' dir='ltr'><strong>versus,</strong></span> <span class='ocrx_word' id='word_1_239' title='bbox 873 3103 987 3171; x_wconf 90' lang='lat' dir='ltr'><strong>neque</strong></span> <span class='ocrx_word' id='word_1_240' title='bbox 1014 3082 1085 3150; x_wconf 89' lang='lat' dir='ltr'><strong>ulla</strong></span> <span class='ocrx_word' id='word_1_241' title='bbox 1116 3086 1166 3149; x_wconf 90' lang='lat' dir='ltr'><strong>est</strong></span> <span class='ocrx_word' id='word_1_242' title='bbox 1192 3082 1279 3150; x_wconf 88' lang='lat' dir='ltr'><strong>ratio</strong></span> <span class='ocrx_word' id='word_1_243' title='bbox 1310 3102 1430 3149; x_wconf 90' lang='lat' dir='ltr'><strong>corum</strong></span> <span class='ocrx_word' id='word_1_244' title='bbox 1462 3079 1500 3147; x_wconf 95' lang='lat' dir='ltr'><strong>in</strong></span> 
     </span>
     <span class='ocr_line' id='line_1_26' title="bbox 183 3186 1497 3277; baseline -0.002 -21"><span class='ocrx_word' id='word_1_245' title='bbox 183 3210 291 3256; x_wconf 90' lang='lat' dir='ltr'><strong>unum</strong></span> <span class='ocrx_word' id='word_1_246' title='bbox 313 3186 439 3277; x_wconf 88' lang='lat' dir='ltr'><strong>potius,</strong></span> <span class='ocrx_word' id='word_1_247' title='bbox 455 3210 559 3277; x_wconf 89' lang='lat' dir='ltr'><strong>quam</strong></span> <span class='ocrx_word' id='word_1_248' title='bbox 579 3188 616 3254; x_wconf 94' lang='lat' dir='ltr'><strong>in</strong></span> <span class='ocrx_word' id='word_1_249' title='bbox 635 3187 782 3255; x_wconf 91' lang='lat' dir='ltr'><strong>alterum</strong></span> <span class='ocrx_word' id='word_1_250' title='bbox 800 3186 916 3255; x_wconf 94' lang='lat' dir='ltr'><strong>locum</strong></span> <span class='ocrx_word' id='word_1_251' title='bbox 942 3188 1273 3256; x_wconf 82' lang='lat' dir='ltr'><strong>transferendorum.</strong></span> <span class='ocrx_word' id='word_1_252' title='bbox 1292 3189 1394 3254; x_wconf 89' lang='lat' dir='ltr'><strong>Plura</strong></span> <span class='ocrx_word' id='word_1_253' title='bbox 1417 3210 1450 3253; x_wconf 90' lang='lat' dir='ltr'><strong>v.</strong></span> <span class='ocrx_word' id='word_1_254' title='bbox 1472 3188 1497 3253; x_wconf 91' lang='lat' dir='ltr'><strong>i.</strong></span> 
     </span>
    </p>

    <p class='ocr_par' dir='ltr' id='par_1_3' title="bbox 184 3292 1499 3681">
     <span class='ocr_line' id='line_1_27' title="bbox 228 3292 1499 3387; baseline -0.002 -26"><span class='ocrx_word' id='word_1_255' title='bbox 228 3298 310 3385; x_wconf 74' lang='lat' dir='ltr'><strong>Arq.</strong></span> <span class='ocrx_word' id='word_1_256' title='bbox 333 3334 377 3345; x_wconf 97' lang='lat'>—</span> <span class='ocrx_word' id='word_1_257' title='bbox 398 3296 528 3364; x_wconf 83' lang='lat' dir='ltr'><strong>Recitat</strong></span> <span class='ocrx_word' id='word_1_258' title='bbox 552 3300 669 3361; x_wconf 91' lang='lat' dir='ltr'><strong>orator</strong></span> <span class='ocrx_word' id='word_1_259' title='bbox 687 3293 809 3385; x_wconf 88' lang='lat' dir='ltr'><strong>(losue)</strong></span> <span class='ocrx_word' id='word_1_260' title='bbox 827 3294 969 3361; x_wconf 91' lang='lat' dir='ltr'><strong>tertium</strong></span> <span class='ocrx_word' id='word_1_261' title='bbox 984 3294 1163 3387; x_wconf 89' lang='lat' dir='ltr'><strong>cloquium</strong></span> <span class='ocrx_word' id='word_1_262' title='bbox 1178 3317 1211 3363; x_wconf 90' lang='lat' dir='ltr'><strong>v.</strong></span> <span class='ocrx_word' id='word_1_263' title='bbox 1231 3292 1499 3384; x_wconf 74' lang='lat' dir='ltr'><strong>11-no‚quoiu-</strong></span> 
     </span>
     <span class='ocr_line' id='line_1_28' title="bbox 185 3400 1498 3492; baseline 0.002 -27"><span class='ocrx_word' id='word_1_264' title='bbox 185 3400 312 3470; x_wconf 87' lang='lat' dir='ltr'><strong>bentur</strong></span> <span class='ocrx_word' id='word_1_265' title='bbox 331 3402 486 3483; x_wconf 86' lang='lat' dir='ltr'><strong>Hebraei,</strong></span> <span class='ocrx_word' id='word_1_266' title='bbox 515 3407 553 3467; x_wconf 90' lang='lat' dir='ltr'><strong>ut</strong></span> <span class='ocrx_word' id='word_1_267' title='bbox 577 3400 802 3470; x_wconf 91' lang='lat' dir='ltr'><strong>maledictum</strong></span> <span class='ocrx_word' id='word_1_268' title='bbox 826 3401 892 3468; x_wconf 92' lang='lat' dir='ltr'><strong>sibi</strong></span> <span class='ocrx_word' id='word_1_269' title='bbox 910 3401 1146 3492; x_wconf 89' lang='lat' dir='ltr'><strong>imprecentur</strong></span> <span class='ocrx_word' id='word_1_270' title='bbox 1160 3424 1231 3469; x_wconf 91' lang='lat' dir='ltr'><strong>non</strong></span> <span class='ocrx_word' id='word_1_271' title='bbox 1246 3401 1356 3469; x_wconf 93' lang='lat' dir='ltr'><strong>solum</strong></span> <span class='ocrx_word' id='word_1_272' title='bbox 1372 3400 1419 3466; x_wconf 91' lang='lat' dir='ltr'><strong>ob</strong></span> <span class='ocrx_word' id='word_1_273' title='bbox 1438 3422 1498 3490; x_wconf 91' lang='lat' dir='ltr'><strong>pu·</strong></span> 
     </span>
     <span class='ocr_line' id='line_1_29' title="bbox 184 3508 1499 3597; baseline -0.001 -23"><span class='ocrx_word' id='word_1_274' title='bbox 184 3508 273 3575; x_wconf 87' lang='lat' dir='ltr'><strong>blico</strong></span> <span class='ocrx_word' id='word_1_275' title='bbox 298 3508 493 3595; x_wconf 83' lang='lat' dir='ltr'><strong>neglectam</strong></span> <span class='ocrx_word' id='word_1_276' title='bbox 515 3508 644 3595; x_wconf 87' lang='lat' dir='ltr'><strong>legem,</strong></span> <span class='ocrx_word' id='word_1_277' title='bbox 665 3508 726 3575; x_wconf 89' lang='lat' dir='ltr'><strong>sod</strong></span> <span class='ocrx_word' id='word_1_278' title='bbox 750 3508 832 3574; x_wconf 92' lang='lat' dir='ltr'><strong>item</strong></span> <span class='ocrx_word' id='word_1_279' title='bbox 858 3508 903 3574; x_wconf 93' lang='lat' dir='ltr'><strong>ob</strong></span> <span class='ocrx_word' id='word_1_280' title='bbox 925 3514 1066 3597; x_wconf 86' lang='lat' dir='ltr'><strong>peccata</strong></span> <span class='ocrx_word' id='word_1_281' title='bbox 1090 3508 1260 3596; x_wconf 89' lang='lat' dir='ltr'><strong>quaedam</strong></span> <span class='ocrx_word' id='word_1_282' title='bbox 1287 3514 1418 3574; x_wconf 89' lang='lat' dir='ltr'><strong>secroto</strong></span> <span class='ocrx_word' id='word_1_283' title='bbox 1438 3529 1499 3595; x_wconf 93' lang='lat' dir='ltr'><strong>po·</strong></span> 
     </span>
     <span class='ocr_line' id='line_1_30' title="bbox 184 3614 559 3681; baseline -0.005 -2"><span class='ocrx_word' id='word_1_284' title='bbox 184 3614 351 3681; x_wconf 90' lang='lat' dir='ltr'><strong>tissimum</strong></span> <span class='ocrx_word' id='word_1_285' title='bbox 369 3615 559 3680; x_wconf 87' lang='lat' dir='ltr'><strong>commissa.</strong></span> 
     </span>
    </p>

    <p class='ocr_par' dir='ltr' id='par_1_4' title="bbox 185 3716 1502 4553">
     <span class='ocr_line' id='line_1_31' title="bbox 228 3716 1498 3809; baseline -0.002 -26"><span class='ocrx_word' id='word_1_286' title='bbox 228 3743 262 3786; x_wconf 91' lang='lat' dir='ltr'><strong>v.</strong></span> <span class='ocrx_word' id='word_1_287' title='bbox 282 3725 319 3784; x_wconf 89' lang='lat'><strong>11</strong></span> <span class='ocrx_word' id='word_1_288' title='bbox 344 3748 360 3777; x_wconf 75' lang='lat' dir='ltr'><strong>a</strong></span> <span class='ocrx_word' id='word_1_289' title='bbox 376 3720 620 3809; x_wconf 83' lang='lat' dir='ltr'><strong>Praecepitque</strong></span> <span class='ocrx_word' id='word_1_290' title='bbox 639 3722 773 3808; x_wconf 72' lang='lat' dir='ltr'><strong>Moyses</strong></span> <span class='ocrx_word' id='word_1_291' title='bbox 783 3718 915 3809; x_wconf 82' lang='lat' dir='ltr'><strong>papula</strong></span> <span class='ocrx_word' id='word_1_292' title='bbox 937 3720 974 3784; x_wconf 83' lang='lat' dir='ltr'><strong>in</strong></span> <span class='ocrx_word' id='word_1_293' title='bbox 991 3718 1048 3785; x_wconf 72' lang='lat' dir='ltr'><strong>atie</strong></span> <span class='ocrx_word' id='word_1_294' title='bbox 1065 3717 1124 3784; x_wconf 84' lang='lat' dir='ltr'><strong>illo</strong></span> <span class='ocrx_word' id='word_1_295' title='bbox 1145 3746 1181 3798; x_wconf 90' lang='lat'><strong>»,</strong></span> <span class='ocrx_word' id='word_1_296' title='bbox 1197 3716 1319 3783; x_wconf 91' lang='lat' dir='ltr'><strong>eodem</strong></span> <span class='ocrx_word' id='word_1_297' title='bbox 1332 3722 1498 3805; x_wconf 90' lang='lat' dir='ltr'><strong>tempore,</strong></span> 
     </span>
     <span class='ocr_line' id='line_1_32' title="bbox 185 3822 1498 3917; baseline -0.002 -27"><span class='ocrx_word' id='word_1_298' title='bbox 185 3848 253 3915; x_wconf 93' lang='lat' dir='ltr'><strong>quo</strong></span> <span class='ocrx_word' id='word_1_299' title='bbox 269 3848 301 3891; x_wconf 89' lang='lat' dir='ltr'><strong>v.</strong></span> <span class='ocrx_word' id='word_1_300' title='bbox 315 3830 335 3890; x_wconf 87' lang='grc'>9</span> <span class='ocrx_word' id='word_1_301' title='bbox 348 3847 399 3914; x_wconf 92' lang='lat' dir='ltr'><strong>sq.</strong></span> <span class='ocrx_word' id='word_1_302' title='bbox 417 3846 537 3892; x_wconf 90' lang='lat' dir='ltr'><strong>eorum</strong></span> <span class='ocrx_word' id='word_1_303' title='bbox 551 3830 620 3917; x_wconf 85' lang='lat' dir='ltr'><strong>tam</strong></span> <span class='ocrx_word' id='word_1_304' title='bbox 633 3825 801 3892; x_wconf 89' lang='lat' dir='ltr'><strong>instanter</strong></span> <span class='ocrx_word' id='word_1_305' title='bbox 820 3824 1021 3914; x_wconf 87' lang='lat' dir='ltr'><strong>requirebat</strong></span> <span class='ocrx_word' id='word_1_306' title='bbox 1035 3823 1270 3906; x_wconf 86' lang='lat' dir='ltr'><strong>attentionem,</strong></span> <span class='ocrx_word' id='word_1_307' title='bbox 1290 3852 1306 3883; x_wconf 81' lang='lat' dir='ltr'><strong>a</strong></span> <span class='ocrx_word' id='word_1_308' title='bbox 1326 3822 1439 3889; x_wconf 85' lang='lat' dir='ltr'><strong>dicens</strong></span> <span class='ocrx_word' id='word_1_309' title='bbox 1456 3850 1473 3884; x_wconf 87' lang='lat'>»</span> <span class='ocrx_word' id='word_1_310' title='bbox 1490 3844 1498 3887; x_wconf 92' lang='lat'>:</span> 
     </span>
     <span class='ocr_line' id='line_1_33' title="bbox 186 3929 1498 4022; baseline -0.001 -27"><span class='ocrx_word' id='word_1_311' title='bbox 186 3954 218 3999; x_wconf 82' lang='lat' dir='ltr'><strong>v.</strong></span> <span class='ocrx_word' id='word_1_312' title='bbox 236 3938 278 3998; x_wconf 74' lang='lat'><strong>12</strong></span> <span class='ocrx_word' id='word_1_313' title='bbox 295 3958 311 3993; x_wconf 81' lang='lat' dir='ltr'><strong>a</strong></span> <span class='ocrx_word' id='word_1_314' title='bbox 329 3930 376 3996; x_wconf 87' lang='lat' dir='ltr'><strong>Hi</strong></span> <span class='ocrx_word' id='word_1_315' title='bbox 390 3932 530 3997; x_wconf 80' lang='lat' dir='ltr'><strong>stabant</strong></span> <span class='ocrx_word' id='word_1_316' title='bbox 548 3929 597 3997; x_wconf 83' lang='lat' dir='ltr'><strong>ad</strong></span> <span class='ocrx_word' id='word_1_317' title='bbox 616 3931 886 3999; x_wconf 81' lang='lat' dir='ltr'><strong>benedicemlum</strong></span> <span class='ocrx_word' id='word_1_318' title='bbox 902 3931 1033 4022; x_wconf 83' lang='lat' dir='ltr'><strong>populo</strong></span> <span class='ocrx_word' id='word_1_319' title='bbox 1046 3954 1147 4022; x_wconf 81' lang='lat' dir='ltr'><strong>snper</strong></span> <span class='ocrx_word' id='word_1_320' title='bbox 1161 3943 1311 3998; x_wconf 78' lang='lat' dir='ltr'><strong>moment</strong></span> <span class='ocrx_word' id='word_1_321' title='bbox 1330 3929 1498 4011; x_wconf 67' lang='lat' dir='ltr'><strong>Gar-inim,</strong></span> 
     </span>
     <span class='ocr_line' id='line_1_34' title="bbox 185 4034 1502 4130; baseline -0.001 -28"><span class='ocrx_word' id='word_1_322' title='bbox 185 4035 332 4103; x_wconf 75' lang='lat' dir='ltr'><strong>landone</strong></span> <span class='ocrx_word' id='word_1_323' title='bbox 351 4037 549 4105; x_wconf 77' lang='lat' dir='ltr'><strong>trammisso</strong></span> <span class='ocrx_word' id='word_1_324' title='bbox 583 4066 617 4114; x_wconf 83' lang='lat'><strong>»‚</strong></span> <span class='ocrx_word' id='word_1_325' title='bbox 637 4077 682 4087; x_wconf 88' lang='lat'><em>-</em></span> <span class='ocrx_word' id='word_1_326' title='bbox 707 4046 863 4130; x_wconf 88' lang='lat' dir='ltr'><strong>respectu</strong></span> <span class='ocrx_word' id='word_1_327' title='bbox 889 4038 1141 4106; x_wconf 90' lang='lat' dir='ltr'><strong>benedictionis</strong></span> <span class='ocrx_word' id='word_1_328' title='bbox 1159 4038 1281 4129; x_wconf 92' lang='lat' dir='ltr'><strong>populi</strong></span> <span class='ocrx_word' id='word_1_329' title='bbox 1293 4042 1327 4104; x_wconf 90' lang='lat' dir='ltr'><strong>et</strong></span> <span class='ocrx_word' id='word_1_330' title='bbox 1342 4036 1387 4102; x_wconf 90' lang='lat' dir='ltr'><strong>ad</strong></span> <span class='ocrx_word' id='word_1_331' title='bbox 1406 4034 1502 4101; x_wconf 88' lang='lat' dir='ltr'><strong>illam</strong></span> 
     </span>
     <span class='ocr_line' id='line_1_35' title="bbox 185 4140 1501 4236; baseline -0.002 -27"><span class='ocrx_word' id='word_1_332' title='bbox 185 4144 450 4231; x_wconf 87' lang='lat' dir='ltr'><strong>significandam</strong></span> <span class='ocrx_word' id='word_1_333' title='bbox 467 4167 475 4213; x_wconf 75' lang='grc' dir='ltr'>ε</span> <span class='ocrx_word' id='word_1_334' title='bbox 495 4167 528 4211; x_wconf 83' lang='grc' dir='ltr'><strong>ν.</strong></span> <span class='ocrx_word' id='word_1_335' title='bbox 550 4166 577 4212; x_wconf 91' lang='lat' dir='ltr'><strong>s.</strong></span> <span class='ocrx_word' id='word_1_336' title='bbox 600 4150 634 4211; x_wconf 91' lang='lat' dir='ltr'><strong>et</strong></span> <span class='ocrx_word' id='word_1_337' title='bbox 661 4145 704 4212; x_wconf 86' lang='lat' dir='ltr'><strong>ct.</strong></span> <span class='ocrx_word' id='word_1_338' title='bbox 729 4152 843 4229; x_wconf 59' lang='lat'><strong>1139.</strong></span> <span class='ocrx_word' id='word_1_339' title='bbox 861 4150 933 4213; x_wconf 90' lang='lat' dir='ltr'><strong>Non</strong></span> <span class='ocrx_word' id='word_1_340' title='bbox 947 4144 1172 4236; x_wconf 88' lang='lat' dir='ltr'><strong>praecipitur,</strong></span> <span class='ocrx_word' id='word_1_341' title='bbox 1185 4150 1223 4211; x_wconf 92' lang='lat' dir='ltr'><strong>ut</strong></span> <span class='ocrx_word' id='word_1_342' title='bbox 1235 4166 1291 4211; x_wconf 83' lang='lat' dir='ltr'><strong>sex</strong></span> <span class='ocrx_word' id='word_1_343' title='bbox 1303 4143 1414 4209; x_wconf 90' lang='lat' dir='ltr'><strong>tribus</strong></span> <span class='ocrx_word' id='word_1_344' title='bbox 1429 4140 1501 4207; x_wconf 88' lang='lat' dir='ltr'><strong>cla·</strong></span> 
     </span>
     <span class='ocr_line' id='line_1_36' title="bbox 186 4247 1501 4340; baseline -0.002 -23"><span class='ocrx_word' id='word_1_345' title='bbox 186 4257 317 4318; x_wconf 86' lang='lat' dir='ltr'><strong>ment«</strong></span> <span class='ocrx_word' id='word_1_346' title='bbox 345 4250 548 4318; x_wconf 86' lang='lat' dir='ltr'><strong>Benedictus</strong></span> <span class='ocrx_word' id='word_1_347' title='bbox 574 4280 608 4331; x_wconf 91' lang='lat'><strong>»,</strong></span> <span class='ocrx_word' id='word_1_348' title='bbox 627 4256 661 4319; x_wconf 93' lang='lat' dir='ltr'><strong>et</strong></span> <span class='ocrx_word' id='word_1_349' title='bbox 683 4274 738 4319; x_wconf 83' lang='lat' dir='ltr'><strong>sex</strong></span> <span class='ocrx_word' id='word_1_350' title='bbox 754 4252 843 4319; x_wconf 89' lang='lat' dir='ltr'><strong>aliae</strong></span> <span class='ocrx_word' id='word_1_351' title='bbox 870 4279 886 4314; x_wconf 81' lang='lat' dir='ltr'><strong>a</strong></span> <span class='ocrx_word' id='word_1_352' title='bbox 916 4252 1109 4319; x_wconf 78' lang='lat' dir='ltr'><strong>Maledictus</strong></span> <span class='ocrx_word' id='word_1_353' title='bbox 1137 4279 1168 4333; x_wconf 87' lang='lat'><strong>»‚</strong></span> <span class='ocrx_word' id='word_1_354' title='bbox 1190 4251 1283 4340; x_wconf 95' lang='lat' dir='ltr'><strong>quod</strong></span> <span class='ocrx_word' id='word_1_355' title='bbox 1299 4247 1501 4317; x_wconf 87' lang='lat' dir='ltr'><strong>contradicit</strong></span> 
     </span>
     <span class='ocr_line' id='line_1_37' title="bbox 185 4355 1498 4447; baseline -0.002 -24"><span class='ocrx_word' id='word_1_356' title='bbox 185 4381 217 4426; x_wconf 91' lang='lat' dir='ltr'><strong>v.</strong></span> <span class='ocrx_word' id='word_1_357' title='bbox 243 4365 343 4426; x_wconf 76' lang='lat'><strong>15-26</strong></span> <span class='ocrx_word' id='word_1_358' title='bbox 365 4397 409 4407; x_wconf 91' lang='lat'>—</span> <span class='ocrx_word' id='word_1_359' title='bbox 430 4388 445 4417; x_wconf 75' lang='lat' dir='ltr'><strong>a</strong></span> <span class='ocrx_word' id='word_1_360' title='bbox 470 4358 627 4439; x_wconf 84' lang='lat' dir='ltr'><strong>Simeon,</strong></span> <span class='ocrx_word' id='word_1_361' title='bbox 648 4358 740 4443; x_wconf 82' lang='lat' dir='ltr'><strong>Leni,</strong></span> <span class='ocrx_word' id='word_1_362' title='bbox 760 4358 859 4443; x_wconf 84' lang='lat' dir='ltr'><strong>Iuda,</strong></span> <span class='ocrx_word' id='word_1_363' title='bbox 880 4358 1048 4441; x_wconf 72' lang='lat' dir='ltr'><strong>issachar,</strong></span> <span class='ocrx_word' id='word_1_364' title='bbox 1068 4358 1186 4447; x_wconf 78' lang='lat' dir='ltr'><strong>loseph</strong></span> <span class='ocrx_word' id='word_1_365' title='bbox 1206 4370 1238 4423; x_wconf 86' lang='lat' dir='ltr'><strong>et</strong></span> <span class='ocrx_word' id='word_1_366' title='bbox 1263 4355 1444 4423; x_wconf 82' lang='lat' dir='ltr'><strong>Beniamin</strong></span> <span class='ocrx_word' id='word_1_367' title='bbox 1463 4376 1498 4436; x_wconf 72' lang='grc' dir='ltr'><strong>»ς</strong></span> 
     </span>
     <span class='ocr_line' id='line_1_38' title="bbox 185 4462 1500 4553; baseline -0.002 -24"><span class='ocrx_word' id='word_1_368' title='bbox 185 4488 217 4532; x_wconf 90' lang='lat' dir='ltr'><strong>v.</strong></span> <span class='ocrx_word' id='word_1_369' title='bbox 243 4472 282 4532; x_wconf 80' lang='lat'><strong>13</strong></span> <span class='ocrx_word' id='word_1_370' title='bbox 302 4494 317 4523; x_wconf 93' lang='lat'>«</span> <span class='ocrx_word' id='word_1_371' title='bbox 336 4477 398 4531; x_wconf 83' lang='lat' dir='ltr'><strong>ete</strong></span> <span class='ocrx_word' id='word_1_372' title='bbox 414 4464 554 4553; x_wconf 55' lang='lat' dir='ltr'><strong>nemone</strong></span> <span class='ocrx_word' id='word_1_373' title='bbox 567 4464 626 4531; x_wconf 77' lang='lat' dir='ltr'><strong>isa</strong></span> <span class='ocrx_word' id='word_1_374' title='bbox 641 4467 781 4531; x_wconf 83' lang='lat' dir='ltr'><strong>stabunt</strong></span> <span class='ocrx_word' id='word_1_375' title='bbox 794 4465 842 4532; x_wconf 76' lang='lat' dir='ltr'><strong>acl</strong></span> <span class='ocrx_word' id='word_1_376' title='bbox 857 4463 1133 4532; x_wconf 73' lang='lat' dir='ltr'><strong>rrealealicernlnm</strong></span> <span class='ocrx_word' id='word_1_377' title='bbox 1152 4490 1168 4525; x_wconf 78' lang='lat' dir='ltr'><strong>u</strong></span> <span class='ocrx_word' id='word_1_378' title='bbox 1183 4464 1229 4552; x_wconf 92' lang='lat' dir='ltr'><strong>(v.</strong></span> <span class='ocrx_word' id='word_1_379' title='bbox 1243 4462 1287 4551; x_wconf 89' lang='lat' dir='ltr'><strong>s.)</strong></span> <span class='ocrx_word' id='word_1_380' title='bbox 1305 4490 1322 4524; x_wconf 91' lang='lat'>«</span> <span class='ocrx_word' id='word_1_381' title='bbox 1335 4464 1372 4529; x_wconf 83' lang='lat' dir='ltr'><strong>ia</strong></span> <span class='ocrx_word' id='word_1_382' title='bbox 1386 4475 1500 4529; x_wconf 75' lang='lat' dir='ltr'><strong>acorna</strong></span> 
     </span>
    </p>
   </div>
   <div class='ocr_carea' id='block_1_3' title="bbox 180 4557 1502 4978">
    <p class='ocr_par' dir='ltr' id='par_1_5' title="bbox 180 4557 1502 4978">
     <span class='ocr_line' id='line_1_39' title="bbox 189 4557 1501 4661; baseline -0.002 -24"><span class='ocrx_word' id='word_1_383' title='bbox 189 4572 300 4638; x_wconf 85' lang='lat' dir='ltr'><strong>llebal</strong></span> <span class='ocrx_word' id='word_1_384' title='bbox 318 4592 332 4638; x_wconf 93' lang='lat'><strong>.·</strong></span> <span class='ocrx_word' id='word_1_385' title='bbox 351 4574 482 4653; x_wconf 71' lang='lat' dir='ltr'><strong>Bathea,</strong></span> <span class='ocrx_word' id='word_1_386' title='bbox 507 4571 586 4639; x_wconf 76' lang='lat' dir='ltr'><strong>aad</strong></span> <span class='ocrx_word' id='word_1_387' title='bbox 601 4585 633 4638; x_wconf 83' lang='lat' dir='ltr'><strong>ec</strong></span> <span class='ocrx_word' id='word_1_388' title='bbox 652 4574 786 4641; x_wconf 74' lang='lat' dir='ltr'><strong>Aser-et</strong></span> <span class='ocrx_word' id='word_1_389' title='bbox 801 4572 969 4653; x_wconf 82' lang='lat' dir='ltr'><strong>Zabulon,</strong></span> <span class='ocrx_word' id='word_1_390' title='bbox 985 4575 1108 4639; x_wconf 83' lang='lat' dir='ltr'><strong>Donet</strong></span> <span class='ocrx_word' id='word_1_391' title='bbox 1129 4568 1317 4661; x_wconf 76' lang='lat' dir='ltr'><strong>Nepttnali</strong></span> <span class='ocrx_word' id='word_1_392' title='bbox 1333 4597 1362 4636; x_wconf 80' lang='lat' dir='ltr'><strong>n.</strong></span> <span class='ocrx_word' id='word_1_393' title='bbox 1380 4557 1428 4643; x_wconf 66' lang='lat' dir='ltr'><strong>bn,</strong></span> <span class='ocrx_word' id='word_1_394' title='bbox 1442 4592 1501 4635; x_wconf 82' lang='lat' dir='ltr'><strong>sa·</strong></span> 
     </span>
     <span class='ocr_line' id='line_1_40' title="bbox 180 4675 1498 4769; baseline 0.001 -28"><span class='ocrx_word' id='word_1_395' title='bbox 180 4700 250 4766; x_wconf 78' lang='lat' dir='ltr'><strong>pra</strong></span> <span class='ocrx_word' id='word_1_396' title='bbox 269 4683 303 4744; x_wconf 89' lang='lat' dir='ltr'><strong>et</strong></span> <span class='ocrx_word' id='word_1_397' title='bbox 318 4693 350 4753; x_wconf 65' lang='grc' dir='ltr'><strong>π,</strong></span> <span class='ocrx_word' id='word_1_398' title='bbox 370 4678 419 4746; x_wconf 85' lang='lat' dir='ltr'><strong>ed</strong></span> <span class='ocrx_word' id='word_1_399' title='bbox 439 4684 604 4762; x_wconf 91' lang='lat' dir='ltr'><strong>montem,</strong></span> <span class='ocrx_word' id='word_1_400' title='bbox 616 4700 686 4746; x_wconf 93' lang='lat' dir='ltr'><strong>non</strong></span> <span class='ocrx_word' id='word_1_401' title='bbox 702 4679 905 4748; x_wconf 87' lang='lat' dir='ltr'><strong>contradicit</strong></span> <span class='ocrx_word' id='word_1_402' title='bbox 924 4685 986 4747; x_wconf 88' lang='lat' dir='ltr'><strong>los.</strong></span> <span class='ocrx_word' id='word_1_403' title='bbox 1004 4684 1084 4763; x_wconf 60' lang='lat'><strong>&amp;33</strong></span> <span class='ocrx_word' id='word_1_404' title='bbox 1106 4689 1240 4769; x_wconf 82' lang='lat' dir='ltr'><strong>aparte</strong></span> <span class='ocrx_word' id='word_1_405' title='bbox 1257 4678 1333 4759; x_wconf 73' lang='lat' dir='ltr'><strong>(nm)</strong></span> <span class='ocrx_word' id='word_1_406' title='bbox 1348 4675 1473 4742; x_wconf 87' lang='lat' dir='ltr'><strong>montis</strong></span> <span class='ocrx_word' id='word_1_407' title='bbox 1490 4696 1498 4742; x_wconf 75' lang='grc' dir='ltr'>ε</span> 
     </span>
     <span class='ocr_line' id='line_1_41' title="bbox 185 4781 1502 4875; baseline -0.004 -25"><span class='ocrx_word' id='word_1_408' title='bbox 185 4805 253 4850; x_wconf 92' lang='lat' dir='ltr'><strong>non</strong></span> <span class='ocrx_word' id='word_1_409' title='bbox 277 4784 432 4872; x_wconf 82' lang='lat' dir='ltr'><strong>cogimur</strong></span> <span class='ocrx_word' id='word_1_410' title='bbox 455 4808 533 4853; x_wconf 89' lang='lat' dir='ltr'><strong>cum</strong></span> <span class='ocrx_word' id='word_1_411' title='bbox 556 4788 622 4853; x_wconf 86' lang='lat' dir='ltr'><strong>Ios.</strong></span> <span class='ocrx_word' id='word_1_412' title='bbox 648 4785 837 4875; x_wconf 86' lang='lat' dir='ltr'><strong>adstruere,</strong></span> <span class='ocrx_word' id='word_1_413' title='bbox 861 4786 1031 4853; x_wconf 85' lang='lat' dir='ltr'><strong>Hebraeos</strong></span> <span class='ocrx_word' id='word_1_414' title='bbox 1050 4788 1088 4853; x_wconf 93' lang='lat' dir='ltr'><strong>in</strong></span> <span class='ocrx_word' id='word_1_415' title='bbox 1108 4784 1243 4852; x_wconf 91' lang='lat' dir='ltr'><strong>duobus</strong></span> <span class='ocrx_word' id='word_1_416' title='bbox 1265 4781 1502 4852; x_wconf 87' lang='lat' dir='ltr'><strong>cacuminibus</strong></span> 
     </span>
     <span class='ocr_line' id='line_1_42' title="bbox 186 4891 1501 4978; baseline -0.001 -22"><span class='ocrx_word' id='word_1_417' title='bbox 186 4891 355 4958; x_wconf 90' lang='lat' dir='ltr'><strong>montium</strong></span> <span class='ocrx_word' id='word_1_418' title='bbox 376 4892 575 4962; x_wconf 88' lang='lat' dir='ltr'><strong>constitisse.</strong></span> <span class='ocrx_word' id='word_1_419' title='bbox 600 4899 638 4960; x_wconf 93' lang='lat' dir='ltr'><strong>ln</strong></span> <span class='ocrx_word' id='word_1_420' title='bbox 658 4892 747 4962; x_wconf 90' lang='lat' dir='ltr'><strong>valle</strong></span> <span class='ocrx_word' id='word_1_421' title='bbox 767 4899 841 4962; x_wconf 88' lang='lat' dir='ltr'><strong>crat</strong></span> <span class='ocrx_word' id='word_1_422' title='bbox 864 4916 945 4963; x_wconf 83' lang='lat' dir='ltr'><strong>area</strong></span> <span class='ocrx_word' id='word_1_423' title='bbox 977 4898 1039 4961; x_wconf 91' lang='lat' dir='ltr'><strong>los.</strong></span> <span class='ocrx_word' id='word_1_424' title='bbox 1063 4899 1155 4977; x_wconf 85' lang='lat'><strong>8‚33‚</strong></span> <span class='ocrx_word' id='word_1_425' title='bbox 1175 4916 1215 4957; x_wconf 80' lang='lat' dir='ltr'><strong>er</strong></span> <span class='ocrx_word' id='word_1_426' title='bbox 1237 4895 1384 4977; x_wconf 89' lang='lat' dir='ltr'><strong>utraque</strong></span> <span class='ocrx_word' id='word_1_427' title='bbox 1403 4892 1501 4978; x_wconf 76' lang='lat' dir='ltr'><strong>parte</strong></span> 
     </span>
    </p>
   </div>
   <div class='ocr_carea' id='block_1_4' title="bbox 0 0 1694 5346">
    <p class='ocr_par' dir='ltr' id='par_1_6' title="bbox 0 0 1694 5346">
     <span class='ocr_line' id='line_1_43' title="bbox 0 0 1694 5346; baseline 0 0"><span class='ocrx_word' id='word_1_428' title='bbox 0 0 1694 5346; x_wconf 95' lang='lat' dir='ltr'><strong> </strong></span> 
     </span>
    </p>
   </div>
  </div>
 </body>
</html>
