3366 5346
429 287 458 345 3.
482 301 536 344 nar
558 300 699 345 ruunauu
722 301 758 345 nr
780 301 911 346 arnonan
936 302 942 344 :
967 302 1056 346 rinur.
1082 286 1173 356 tata
1194 303 1258 354 saa.
1448 292 1505 348 327

188 433 356 514 radrium,
371 432 508 521 siaptda
527 434 698 522 inponere
716 458 794 518 saa,
812 457 965 524 intratam
979 456 1115 523 qaoque
1131 447 1162 500 ct
1180 437 1452 524 vespertilionem
1472 466 1500 506 ».

187 545 274 607 llaec
292 540 497 606 verbotenus
512 540 562 606 uti
577 547 653 607 Lev.
673 548 846 624 11,13-1o,
865 541 925 607 ubi
945 541 987 606 de
1008 541 1153 628 singulis
1172 541 1385 610 dicebamus.
1406 567 1437 610 v.
1464 551 1504 610 17

187 635 254 735 'th
276 647 483 734 (mergulus‘l
504 647 736 737 nycticoraxt)
757 653 832 714 Lev.
863 647 1051 728 11‚17ali0
1075 647 1150 714 loco
1174 655 1380 716 recensetur.
1404 673 1436 716 v.
1462 657 1501 718 13

187 760 255 818 tres
275 775 354 818 aves
370 753 475 819 babet
490 770 565 825 aaa,
584 770 641 818 am
659 760 691 821 et
708 770 761 817 :ct
777 776 841 844 pro
857 753 992 821 duabus
1007 757 1085 819 Lev.
1111 760 1211 834 11,1a
1228 771 1292 819 aar
1308 762 1342 820 et
1363 772 1432 818 aas.
1450 762 1500 825 Sc.

184 880 246 925 vox
269 875 333 922 nst
355 859 613 927 delornrabatur
641 882 719 927 cum
740 861 776 926 in
799 877 862 925 nst
888 859 1011 948 (lieri),
1036 866 1107 927 tum
1132 859 1170 925 in
1190 875 1254 931 tut,
1282 884 1369 950 quae
1392 863 1504 928 forma

184 972 302 1055 postea
316 965 418 1031 tertio
438 965 514 1032 loco
532 966 570 1033 in
589 989 621 1033 v.
646 973 685 1032 13
706 966 845 1057 irrepsit
867 967 968 1055 (Diu).
988 967 1097 1032 Etiam
1113 966 1155 1031 de
1171 966 1286 1032 indole
1301 966 1403 1033 huius
1418 969 1504 1054 legis

183 1072 373 1158 generatim
399 1077 551 1160 spectata
577 1072 650 1140 tuse
672 1072 924 1139 disserebamus
951 1073 994 1138 ad
1024 1078 1098 1138 Lev,
1129 1079 1186 1153 11;
1214 1095 1302 1162 quae
1330 1074 1500 1155 conteras,

184 1200 320 1266 quaeso.
338 1201 369 1243 ν.
391 1185 430 1244 19
455 1208 468 1238 «
489 1181 534 1244 Et
554 1200 664 1260 omne,
685 1178 779 1269 quod
793 1191 903 1269 reptat
924 1191 955 1244 et
971 1177 1142 1268 pennulas
1158 1177 1268 1259 tradet,
1285 1179 1502 1247 ininiundmn

184 1284 248 1350 erit
271 1297 303 1350 et
324 1307 394 1350 non
418 1284 613 1350 comedetur
634 1315 664 1352 ».
686 1286 751 1351 Sed
775 1293 867 1352 verte
892 1305 899 1353 :
924 1287 969 1350 m
992 1308 1090 1350 onina
1113 1307 1261 1351 cronaca
1289 1285 1414 1352 alitum
1436 1286 1502 1352 int-

124 1408 129 1419 ·
184 1389 352 1456 rntmdum
375 1391 437 1456 erit
463 1391 565 1457 cobis.
586 1391 710 1478 Agitur
738 1392 780 1459 de
802 1392 843 1459 iis
864 1391 1020 1468 alitibus,
1038 1413 1187 1480 quorum
1213 1393 1408 1481 frequentia
1434 1393 1501 1459 cir-

185 1498 381 1563 cumvolant
405 1497 573 1563 examina.
593 1502 660 1564 llae
680 1521 747 1564 non
771 1505 850 1564 sunt
871 1520 950 1565 aves
969 1498 1130 1578 minores,
1149 1520 1294 1586 quarum
1316 1499 1500 1588 pleraeque

183 1625 252 1669 non
277 1602 378 1670 tantis
397 1605 549 1669 numeris
572 1603 713 1686 adsunt3
736 1627 845 1694 neque
869 1604 1063 1672 coturnices
1088 1603 1287 1670 immundae
1308 1611 1406 1671 crant
1428 1606 1497 1693 (Ex.

187 1714 303 1790 16,13;
321 1714 419 1776 Num.
441 1711 566 1799 inst),
585 1733 674 1800 qnae
691 1711 990 1778 numerosissimae
1009 1710 1144 1777 adsunt.
1160 1715 1246 1776 Sunt
1260 1732 1344 1796 crgo
1367 1712 1501 1778 anima-

183 1815 230 1881 lia
251 1816 354 1896 alata,
372 1823 520 1904 quatuor
540 1817 592 1882 vel
612 1817 727 1905 plures
750 1818 858 1905 pedes
877 1816 1054 1883 habentia.
1077 1822 1163 1884 Num
1187 1816 1306 1902 igitur,
1326 1840 1394 1905 quo
1413 1823 1500 1882 tem·

183 1943 265 2010 pore
282 1923 369 1988 baec
386 1924 436 1988 lex
452 1922 677 2006 condebatur,
694 1922 851 1991 nondum
868 1945 1026 1990 concessa
1042 1929 1117 2005 erat
1136 1923 1275 1989 licentia
1290 1924 1500 1989 locustarum

183 2027 273 2116 (Lev.
308 2034 404 2108 11,21
429 2029 496 2117 sq.)
518 2029 831 2096 comedendarum?
855 2035 891 2095 ln
914 2029 1074 2096 omnibus
1105 2029 1353 2118 Aegyptiorum
1378 2051 1501 2096 monu-

182 2135 306 2199 mentis
324 2156 394 2199 non
414 2134 556 2200 memini
577 2157 630 2200 me
650 2135 774 2201 vidisse
792 2135 996 2224 quidquam,
1015 2157 1084 2223 quo
1103 2133 1420 2201 demonstrarentur
1437 2140 1499 2201 ae-

182 2240 293 2329 gyptii
306 2240 492 2307 comedisse
508 2240 671 2323 locustas;
690 2264 800 2330 nequo
820 2245 875 2307 lix.
897 2249 936 2307 10
953 2264 1013 2308 eae
1029 2246 1216 2307 narrantur
1230 2247 1395 2308 comestae
1413 2263 1496 2321 esse,

183 2366 293 2435 neque
310 2346 353 2412 ab
370 2347 548 2436 Aegyptiis
567 2370 679 2437 neque
697 2348 741 2414 ab
759 2348 933 2414 Hebraeis.

226 2475 258 2517 v.
277 2459 319 2518 20
338 2481 353 2513 »
374 2455 496 2539 Omne,
520 2452 613 2542 quod
630 2453 797 2519 ›tttttidtnn
818 2466 882 2537 est,
904 2453 1069 2520 comedite
1089 2481 1118 2521 ».

226 2562 344 2623 Nostra
366 2559 451 2623 haec
471 2558 526 2624 lex
550 2558 591 2626 de
608 2559 688 2625 solis
709 2566 758 2625 est
780 2559 986 2626 animalibus
1016 2558 1170 2644 edendis,
1191 2582 1258 2625 non
1283 2561 1333 2625 uti
1356 2565 1430 2625 LeV.
1458 2567 1496 2626 11

183 2663 285 2730 etiam
305 2664 348 2730 de
370 2663 569 2730 immediate
586 2665 640 2729 vel
661 2664 808 2731 mediato
831 2665 1055 2751 attingendis.
1075 2664 1258 2753 Oportebat
1276 2665 1373 2730 illam
1392 2666 1499 2751 igitur

183 2770 284 2836 etiam
298 2769 431 2858 aliquid
445 2775 596 2837 statuere
611 2771 654 2837 de
669 2770 875 2852 morticinis,
893 2770 943 2837 uti
954 2775 1046 2861 patet
1061 2771 1267 2837 animalium
1283 2770 1498 2859 potissimum

181 2875 291 2965 specie
308 2876 528 2958 mundorum,
547 2875 710 2944 liceretne
724 2877 792 2944 illis
808 2877 1030 2944 vescinecne.
1049 2877 1135 2944 llinc
1149 2899 1182 2943 v.
1197 2885 1235 2943 21
1257 2899 1264 2944 :
1285 2905 1300 2938 a
1319 2875 1500 2966 Quidquid

180 2993 295 3048 atttem
315 2982 538 3049 morticinum
560 2996 625 3064 est,
648 3007 691 3049 ne
714 2983 900 3051 vescamini
915 3007 958 3050 ea
976 3006 1014 3050 eo
1041 3011 1071 3051 n.
1093 2971 1181 3058 ³52³»
1195 3006 1258 3073 pet
1276 3005 1310 3049 Se
1325 2994 1498 3050 1101111111

184 3088 273 3176 (lies.
306 3096 378 3171 5,2;
404 3090 517 3171 wi),
536 3089 763 3177 distinguitur
785 3095 857 3156 tam
886 3090 930 3156 ab
954 3091 1005 3170 iis,
1035 3112 1124 3179 quae
1148 3089 1214 3156 sibi
1238 3096 1365 3157 mactat
1377 3091 1494 3173 homo,

182 3216 283 3284 quam
310 3200 365 3261 Ex.
393 3203 492 3275 2231
517 3196 585 3285 (30)
606 3196 720 3279 abiis,
744 3219 831 3285 quae
851 3220 871 3263 a
893 3197 966 3262 tera
990 3195 1161 3286 discerpta
1181 3196 1323 3264 canibus
1343 3195 1498 3285 permitti

180 3300 353 3368 iubentur.
368 3302 458 3368 Hice
476 3303 674 3369 contrario:
696 3333 710 3364 «
725 3303 928 3391 Peregrina,
947 3302 1010 3392 qui
1028 3303 1121 3369 intra
1133 3314 1255 3392 portas
1272 3315 1348 3368 taos
1370 3314 1429 3385 est,
1452 3302 1498 3369 da

182 3407 399 3490 retractatae,
417 3421 477 3473 attt
494 3407 647 3475 candaci
667 3435 696 3475 ».
716 3409 895 3497 Repetitur
913 3430 1018 3497 porro
1036 3410 1140 3474 totius
1154 3408 1241 3493 legis
1258 3407 1357 3487 ratio,
1376 3407 1497 3472 eadem

182 3517 284 3600 atque
302 3537 332 3578 v.
348 3520 368 3577 2
385 3532 392 3577 :
412 3543 426 3573 «
445 3514 534 3594 Quia
551 3527 588 3579 tu
600 3513 751 3604 populus
768 3525 908 3580 sanctus
921 3513 1063 3579 Domini
1078 3512 1141 3578 Dei
1156 3513 1208 3577 tui
1224 3536 1257 3577 cs
1280 3543 1309 3578 n.

224 3616 386 3685 Absoluta
408 3618 485 3705 lege
505 3620 548 3686 de
569 3619 788 3702 animalibus,
811 3620 881 3685 sive
901 3618 986 3686 vivis
1005 3619 1076 3684 sive
1101 3618 1256 3697 mortuis
1277 3618 1498 3687 comedendis
1552 3620 1560 3637 '

180 3724 233 3789 vel
250 3745 316 3789 non
329 3724 560 3804 comedendis
576 3725 786 3814 appenditur
801 3724 992 3814 probibitio
1007 3723 1185 3790 cuiusdam
1199 3723 1268 3791 cibi
1283 3726 1327 3792 ab
1340 3726 1497 3792 animali-

180 3830 244 3894 bus
261 3830 367 3918 petiti,
388 3830 450 3918 qui
465 3830 508 3896 ob
521 3831 661 3897 modam
674 3829 955 3921 praeparationis
968 3826 1195 3920 prosoiibitur
1215 3853 1223 3897 :
1245 3861 1260 3892 a
1279 3835 1358 3898 Non
1374 3855 1496 3921 capitas

181 3934 327 4021 baedam
344 3936 379 4002 in
393 3935 478 4003 lacte
497 3966 533 4021 »,
555 3960 613 4004 seu
637 3937 749 4004 verius
767 3938 824 4025 (cl.
851 3936 894 4003 ad
918 3941 975 4005 Ex.
1000 3936 1114 4026 naso)
1138 3937 1174 4002 in
1199 3937 1313 4026 adipe,
1342 3940 1497 4006 «matris

180 4065 262 4108 suae
282 4066 312 4110 n.
331 4046 513 4110 Contentus
531 4066 608 4111 cum
628 4043 913 4133 praecedentibus
928 4048 977 4111 est
997 4044 1149 4125 evidens,
1169 4043 1253 4111 dum
1271 4049 1327 4111 Ex.
1344 4052 1446 4126 23,19
1461 4053 1495 4115 et

185 4153 285 4231 3126
299 4150 419 4217 eadem
434 4151 485 4216 lex
501 4156 638 4240 praeter
652 4171 789 4217 omnem
803 4144 1000 4217 contextum
1015 4149 1284 4219 adscribebatur.

313 4376 344 4438 t.
370 4375 440 4438 Lar
464 4371 506 4439 dc
530 4371 672 4439 decimis
696 4370 823 4438 annuis
841 4349 1034 4463 pandendis
1057 4374 1156 4439 Dent.
1185 4378 1357 4454 tana-m.

226 4567 309 4654 Arq.
324 4605 368 4615 —
384 4567 539 4635 Decimae
552 4568 706 4636 omnium
728 4568 903 4643 tractuum
921 4572 1032 4634 torrae
1047 4589 1225 4648 earumve,
1238 4567 1267 4632 si
1281 4567 1418 4653 longius
1434 4568 1494 4633 ab·

183 4670 285 4737 tuerit
300 4674 552 4757 sanctuarinm,
568 4674 719 4764 pretium
736 4696 813 4741 cum
831 4672 1073 4764 primogenitis
1084 4694 1249 4762 pecorum
1265 4673 1367 4739 sacris
1383 4674 1494 4761 opulis
