3366 5346
240 283 279 341 36
794 289 1004 336 ruruouucrre.

238 434 400 521 parantes
419 435 452 495 et
471 429 514 495 ed
538 425 796 518 punctationem
810 431 927 492 Masor.
945 445 1014 490 non
1032 423 1264 506 attendentes,
1279 423 1375 491 haud
1394 424 1561 514 suspicati

238 541 317 603 suut
332 536 451 602 haberi
475 535 595 601 thorae
617 534 783 600 insertum
803 530 947 620 aliquod
967 529 1136 596 Samuelis
1156 531 1332 619 scriptum.
1353 535 1395 596 lt
1414 531 1557 614 haberi,

238 643 294 709 vel
315 647 406 708 certe
427 641 616 729 aliquando
637 638 796 705 habitum
816 659 904 718 esse,
924 637 1045 703 thorae
1067 637 1235 702 insertum
1256 635 1424 726 seriptum
1446 641 1556 720 losue,

237 748 389 835 ingenue
413 724 565 814 fatentur
588 748 794 835 interpretes
819 767 854 832 p.
882 749 902 809 8
924 742 1071 825 laudati,
1094 743 1290 809 excisumne
1311 749 1431 832 postea
1450 744 1557 811 luerit

238 854 331 922 haud
348 854 545 942 inquirunt,
566 854 656 918 viam
675 850 740 941 ipsi
760 849 920 939 pandunt
938 848 1095 938 opinioni
1114 849 1230 938 aliqua
1245 848 1338 915 Deut¹
1352 849 1466 940 capita
1482 872 1556 918 esse

236 966 330 1027 losue
349 960 510 1026 auctoris.
532 963 647 1048 Neque
663 979 748 1043 ergo
764 954 928 1022 credendi
945 962 1025 1022 sunt
1040 955 1211 1022 mordicus
1226 955 1328 1022 tuisse
1341 957 1556 1046 praeclusuri

235 1067 433 1157 opinionem
456 1066 525 1132 aliu
551 1062 725 1153 quaedam
749 1061 960 1127 tribuentem
985 1062 1148 1127 Samueli.
1176 1066 1301 1128 Contra
1328 1062 1455 1129 solidas
1481 1064 1555 1130 eius

235 1172 408 1261 opinionis
421 1172 579 1253 rationes,
594 1171 622 1236 si
639 1190 727 1258 quae
743 1168 958 1248 afferrentur,
974 1191 1044 1235 uon
1059 1173 1158 1234 erant
1172 1168 1391 1235 obfirmaturi
1404 1170 1551 1236 animos.

272 1344 315 1394 Ad
330 1346 453 1394 nostram
468 1343 638 1393 sententiam
652 1342 768 1404 propius
784 1341 884 1390 ceteris
899 1340 1049 1390 accedebat
1062 1339 1104 1388 lu.
1119 1354 1146 1402 p.
1165 1339 1209 1390 36.
1230 1340 1277 1390 133
1294 1354 1356 1404 sqq.
1372 1341 1430 1390 143.
1448 1342 1554 1393 Cense-

233 1434 281 1484 bat
304 1433 382 1496 leges
404 1432 568 1481 collectanei
588 1443 651 1481 esse
670 1429 897 1492 antiquissimas,
918 1430 975 1478 imo
994 1430 1147 1488 mosaicas,
1169 1428 1221 1479 sed
1244 1429 1280 1478 ad
1301 1441 1377 1490 eam,
1397 1443 1453 1493 qua
1476 1443 1552 1482 nunc

232 1523 374 1585 leguntur,
391 1520 513 1570 lormam
534 1521 681 1570 revocatas
701 1529 764 1568 esse
783 1529 854 1567 aevo
873 1517 1010 1578 iudicum,
1026 1518 1091 1567 huic
1107 1518 1206 1568 thorae
1222 1517 1381 1568 Samuelem
1398 1519 1553 1570 inserulsse

232 1622 315 1661 suum
330 1609 462 1659 iudicium
476 1609 571 1671 regni,
585 1607 660 1671 quod
674 1607 735 1657 sola
753 1610 864 1658 constet
878 1607 941 1669 lege
961 1606 1102 1666 tall-to,
1119 1618 1192 1670 quae
1207 1612 1250 1658 est
1265 1606 1300 1656 de
1315 1619 1393 1670 rege.
1410 1607 1501 1657 -Ex
1516 1610 1552 1659 iis

232 1711 326 1762 porro,
341 1709 413 1761 quae
423 1697 458 1746 de
471 1697 644 1747 collectaneo
659 1695 851 1745 demonstrata
865 1694 1012 1755 habemus,
1030 1694 1144 1755 inleraS,
1157 1694 1271 1759 quaudo
1285 1695 1349 1745 libri
1363 1697 1436 1744 sacri
1450 1700 1551 1759 poste-

232 1788 322 1836 riores
341 1785 481 1834 affirmant
500 1783 606 1847 aliquid
625 1785 759 1846 scriptum
778 1796 841 1834 esse
861 1784 889 1832 ln
908 1783 989 1833 thora
1003 1783 1047 1832 vel
1068 1784 1096 1831 ln
1112 1783 1183 1832 libro
1203 1783 1321 1845 Moysis,
1341 1796 1390 1834 eos
1408 1795 1465 1833 uon
1484 1783 1549 1834 ideo

232 1875 372 1926 affirmare
387 1887 451 1925 eum
466 1874 568 1924 librum
583 1875 672 1924 totum
688 1885 750 1923 esse
765 1871 870 1934 Moysis
884 1884 970 1921 manu
985 1872 1185 1934 conscriptum,
1199 1873 1245 1922 vel
1259 1885 1323 1922 eum
1337 1877 1443 1922 textum
1453 1884 1516 1922 esse
1530 1885 1549 1922 a

231 1963 327 2026 Moyse
340 1962 497 2027 protectum
512 1963 633 2013 :etenim
648 1963 689 2011 ita
703 1963 823 2011 citantur
834 1959 869 2027 (v.
882 1958 914 2024 i.)
930 1960 1042 2023 aliquae
1055 1961 1134 2023 leges
1149 1961 1325 2011 collectanei.
1343 1960 1424 2012 Unde
1436 1972 1548 2011 rursum

229 2053 419 2116 consequitur,
437 2052 536 2103 eadem
550 2051 659 2101 ratione
679 2050 875 2113 exponendam
892 2062 955 2100 esse
975 2051 1187 2113 expressionem
1211 2066 1222 2096 ι
1240 2049 1355 2111 Moysen
1370 2051 1427 2112 legi
1443 2065 1455 2097 ›
1473 2048 1546 2113 (Act.

233 2140 326 2202 15,tt;
353 2142 368 2190 t
391 2140 455 2192 Cor.
479 2140 566 2204 uto),
592 2141 715 2201 itemque
737 2138 886 2201 «Moysen
910 2137 1012 2197 dicere,
1034 2139 1198 2201 praecipere
1220 2154 1243 2187 ι.
1266 2137 1326 2187 liae
1351 2139 1547 2201 expressiones

230 2228 410 2290 accipiendae
425 2233 490 2277 sunt
504 2241 589 2278 sensu
605 2240 661 2277 uon
676 2227 787 2287 critico,
804 2226 853 2276 sed
867 2227 953 2288 legali
968 2229 996 2276 et
1010 2228 1131 2289 vulgari.
1149 2225 1192 2277 Ci.
1206 2227 1237 2274 F.
1254 2228 1319 2276 Prot
1335 2229 1363 2276 S.
1381 2226 1402 2275 l.
1418 2241 1425 2274 :
1442 2213 1547 2278 Etudcs

236 2317 312 2377 rasa,
331 2317 378 2376 tv,
396 2330 423 2379 p.
441 2315 484 2365 le.

274 2463 367 2530 Sicut
387 2463 632 2529 collectaneum
654 2460 836 2528 tribuimus
859 2462 1024 2542 Samueli,
1048 2461 1097 2527 ita
1121 2468 1340 2543 auto-auae
1367 2482 1543 2528 censemus

230 2592 299 2637 esse
319 2569 470 2660 priorem
489 2575 624 2658 partem
642 2589 759 2634 eorum
783 2567 984 2650 verborum,
1010 2590 1098 2656 quae
1123 2573 1218 2635 losue
1242 2569 1361 2634 thorae
1385 2566 1542 2635 inseruit.

229 2678 331 2744 Cuius
344 2682 458 2743 tamen
476 2676 526 2741 rei
540 2679 747 2761 argumenta
759 2680 908 2755 nonest,
926 2697 989 2741 cur
1003 2675 1038 2741 h.
1054 2676 1076 2741 l.
1093 2677 1292 2757 alterumue,
1309 2675 1368 2742 sed
1382 2673 1544 2742 lectorem

228 2783 273 2850 ad
293 2780 575 2850 courmentarium
596 2781 813 2848 remittimus.

568 2997 609 3077 is
617 3011 919 3076 Deuteronomium
933 3010 1201 3100 primicerium.

274 3213 304 3275 1.
325 3211 361 3272 ln
377 3203 574 3295 quaestione
590 3202 632 3270 de
649 3203 856 3270 collectaneo
872 3206 976 3271 veluti
995 3207 1032 3273 in
1048 3208 1187 3275 cardine
1203 3211 1277 3276 tota
1290 3208 1479 3277 revolvitur
1498 3209 1542 3278 de

226 3315 322 3378 Deut.
345 3310 541 3400 disputatio.
565 3309 659 3389 Quod
682 3309 928 3378 collectaneum
951 3313 1109 3380 moderni
1130 3318 1288 3383 auctores
1312 3322 1450 3384 censent
1470 3338 1542 3384 esse

224 3417 306 3485 libri
324 3423 458 3507 partem
483 3439 554 3483 non
576 3415 813 3498 adventitiam,
838 3417 898 3483 sed
922 3420 1067 3486 maxime
1090 3422 1329 3490 neeessariam.
1356 3423 1542 3512 luquiruut

224 3546 269 3592 sc.
286 3524 448 3605 studiose,
471 3545 640 3613 quaenam
659 3523 765 3590 nostri
780 3527 874 3591 Deut.
890 3546 969 3613 pars
984 3527 1037 3592 vel
1048 3533 1164 3616 partes
1176 3528 1341 3596 dicendae
1355 3531 1422 3596 sint
1439 3533 1538 3596 Dent.

221 3629 472 3719 principantem
490 3629 611 3716 (germ.
627 3651 635 3697 :
649 3629 710 3696 das
722 3633 1115 3721 Ur·Deuter0nomium)‚
1133 3634 1226 3722 quod
1241 3635 1369 3702 fuerint
1383 3639 1540 3726 tempore

225 3740 284 3803 aut
299 3741 390 3802 certe
412 3736 580 3820 gravitate
599 3734 746 3824 primae,
767 3736 812 3803 ad
832 3759 918 3826 quas
938 3739 1090 3826 reliquae
1109 3745 1227 3829 partes
1244 3742 1368 3808 sensim
1388 3765 1540 3810 accesse-

224 3842 306 3926 rint,
324 3849 363 3910 ut
374 3840 449 3908 illas
466 3840 679 3930 complerent
695 3847 728 3908 et
742 3842 965 3910 illustrarent.
983 3844 1078 3921 Quod
1093 3851 1187 3913 Dent.
1203 3847 1449 3936 primigenium
1464 3848 1540 3939 ple-

224 3950 321 4038 rique
340 3948 566 4038 pronuntiaut
580 3947 681 4014 tuisse
697 3948 785 4014 illud
800 3948 929 4038 ipsum,
948 3950 1041 4038 quod
1055 3952 1187 4019 lleleias
1201 3955 1358 4021 sacerdos
1371 3954 1538 4042 repererit

223 4056 259 4120 in
275 4055 416 4144 temple,
430 4054 473 4121 de
487 4077 555 4143 quo
569 4076 630 4120 nos
645 4053 770 4120 dicturi
789 4077 905 4122 sumus
921 4059 1031 4145 capite
1049 4058 1204 4147 proxime
1216 4061 1383 4149 sequenti.
1398 4060 1538 4128 interim

222 4184 354 4245 eorum,
373 4162 432 4252 qui
446 4160 644 4229 criticorum
659 4166 738 4228 sunt
752 4160 980 4246 antesignani,
1004 4162 1046 4230 de
1059 4169 1154 4233 ueut.
1177 4166 1387 4255 primigenio
1404 4167 1535 4257 opinio-

221 4291 283 4338 nes
299 4268 450 4336 breviter
465 4273 753 4361 perstringemus

267 4380 404 4444 lvsnu.
433 4380 467 4444 C.
489 4400 524 4466 p.
547 4384 610 4444 190
635 4400 710 4467 sqq.
727 4400 747 4444 a
766 4381 860 4444 Deut.
885 4377 1094 4467 primigenio
1114 4381 1264 4470 primum
1291 4381 1440 4449 excludit
1465 4387 1535 4463 1,1-

222 4489 314 4568 Μὴ,
343 4505 448 4574 quam
480 4506 543 4550 nos
577 4506 716 4574 quoque
747 4484 937 4552 orationem
966 4487 1011 4553 ab
1043 4487 1152 4555 altera
1180 4489 1335 4555 oratione
1365 4488 1535 4555 diversam

220 4614 290 4660 esse
322 4611 509 4659 censemus.
539 4589 699 4657 Eliminat
724 4597 903 4680 praeterea
929 4615 1003 4682 cap.
1033 4599 1075 4661 29
1102 4617 1154 4684 sq.
1182 4617 1253 4663 uon
1282 4595 1326 4662 ob
1355 4594 1458 4661 aliam
1481 4616 1536 4661 ra-

217 4699 366 4781 tionem,
387 4697 454 4765 nisi
474 4697 567 4789 quod
587 4697 758 4787 cacapite
781 4703 922 4767 eventus
938 4702 1199 4789 praenuntient,
1224 4701 1284 4792 qui
1300 4701 1439 4769 nonnisi
1458 4706 1538 4790 post
