3366 5346
344 282 389 341 lt.
412 297 467 341 rar
488 297 525 341 on
547 292 738 339 crrrrlrraos
759 293 882 338 nnrceu
907 293 915 337 :
938 294 1028 340 onor.
1054 282 1120 353 lar
1146 300 1209 351 soe.
1375 289 1433 345 379

125 430 239 521 risque
260 429 296 496 in
318 429 456 496 urbibus
484 428 555 495 eins
576 457 591 487 »
615 439 647 494 et
672 455 687 487 «
713 427 749 492 in
767 426 963 512 oedibus»,
984 451 1018 497 v,
1041 437 1061 497 ἓ
1084 458 1099 492 «
1121 443 1187 498 tres
1207 433 1362 502 civitates
1381 458 1434 502 se-

117 536 260 628 porobis
280 535 341 602 tibi
359 536 392 601 in
410 534 521 602 medio
544 549 664 620 terroe,
684 556 790 624 quom
809 533 974 602 Dominus
994 539 1082 603 Dens
1099 549 1175 605 tuus
1200 539 1296 606 dabit
1316 541 1381 607 tibi
1400 541 1436 608 in

120 643 360 733 possessionem
382 670 412 727 s,
435 666 466 708 v.
485 649 504 708 3
523 668 538 701 «
561 654 714 708 sternens
729 638 937 730 [diligenter]
960 641 1065 724 etam,
1083 657 1115 711 et
1131 645 1167 712 in
1189 659 1256 713 tres
1272 646 1438 738 [nequali-

123 754 185 836 ter]
209 762 325 839 portes
346 755 483 831 [totam]
510 759 620 815 terroe
644 760 723 814 tuoe
747 747 961 837 prouinciam
984 748 1117 817 divides
1147 780 1180 837 s,
1206 776 1310 843 quom
1327 754 1439 844 possi·

121 855 272 923 dendom
293 855 355 922 tibi
380 855 475 922 dabit
500 854 663 921 Dominus
681 856 769 920 lieres
793 866 882 939 triers,
913 883 929 916 α
953 865 991 920 ot
1016 855 1150 945 [lrabeat
1174 882 1191 925 e
1217 859 1342 947 vicino,
1365 861 1438 951 quil

117 975 260 1053 propter
277 961 503 1029 homicidium
523 960 712 1051 [proferens
729 959 801 1050 est]‚
826 982 894 1049 qno
911 961 1018 1051 possit
1031 963 1172 1031 erodere
1188 993 1218 1032 ».
1235 969 1307 1032 Non
1323 966 1441 1053 agitur

124 1069 167 1136 de
183 1068 412 1136 construenda
426 1068 494 1150 via,
512 1066 606 1156 quod
620 1089 689 1134 non
702 1065 876 1136 faciebant
890 1069 1046 1152 Hebraei,
1069 1069 1127 1136 sed
1143 1069 1186 1137 de
1208 1071 1438 1162 impedimen-

126 1177 169 1242 tis
181 1175 409 1256 removendis,
430 1202 446 1235 «
463 1196 506 1240 ne
522 1173 689 1263 impedita
701 1172 744 1238 sit
759 1178 792 1240 et
804 1174 923 1260 fugam
940 1173 1119 1242 retardet»
1137 1177 1271 1266 (Men).
1290 1182 1329 1246 nt
1341 1183 1433 1260 nota,

122 1283 282 1349 illustres
300 1281 402 1348 urbes'
414 1286 476 1347 los.
494 1286 573 1361 ron
589 1279 704 1361 Cedes,
721 1278 856 1346 Sicbem
869 1284 903 1346 et
917 1280 1053 1348 Hebron
1069 1304 1188 1373 reapse
1203 1305 1319 1351 omnes
1331 1285 1436 1372 fuisse

123 1387 160 1455 in
175 1388 350 1454 montibus
363 1387 455 1467 sitas,
473 1407 560 1476 quae
575 1384 674 1453 facile
689 1407 710 1451 a
723 1385 877 1475 plurium
890 1384 1054 1454 violentia
1068 1387 1337 1456 defenderentur
1354 1413 1361 1460 :
1377 1390 1436 1458 sed

125 1494 298 1561 debebant
317 1494 457 1560 eaedem
473 1491 617 1579 singulis
636 1513 773 1559 accessu
790 1513 860 1558 esse
884 1491 1014 1561 faciles.
1039 1492 1123 1560 Het.
1153 1512 1160 1561 :
1179 1494 1216 1561 in
1239 1508 1306 1562 tres
1320 1509 1437 1586 portes

124 1599 257 1666 divides
272 1599 433 1667 terminos
448 1597 598 1688 regionis
623 1608 718 1683 tuoe,
741 1608 777 1664 ot
798 1598 982 1689 consupiot
996 1622 1035 1666 eo
1059 1600 1171 1668 omnis
1197 1601 1337 1669 occisor.
1359 1608 1438 1670 Tres

124 1705 277 1773 civitates
292 1705 418 1793 refugii
435 1727 504 1771 non
523 1726 641 1772 omnes
659 1703 697 1771 in
712 1704 833 1774 eadem
850 1703 1003 1792 regionis
1015 1711 1113 1796 parte
1126 1706 1355 1795 assignentur,
1378 1709 1437 1776 sed

124 1811 303 1881 dividatur
317 1818 408 1879 terra
426 1810 463 1878 in
477 1818 545 1878 tres
568 1816 683 1901 partes
697 1810 768 1877 fere
789 1810 960 1902 aequales,
979 1817 1012 1878 et
1028 1813 1065 1878 in
1080 1835 1200 1882 earum
1215 1837 1436 1904 unaquaque,

123 1919 194 1985 lere
212 1920 248 1984 in
270 1918 395 1999 medio,
417 1917 599 1984 commoda
621 1917 738 2006 aliqua
751 1916 870 1983 civitas
887 1917 1100 2003 designetur.
1119 1924 1247 2009 Reapse
1266 1943 1286 1986 a
1306 1920 1439 1987 Sichem

123 2025 197 2092 fere
226 2029 360 2091 tantum
385 2023 534 2090 distabat
556 2022 673 2105 Cedes,
697 2029 865 2112 quantum
892 2023 1040 2092 Hebron.
1070 2024 1137 2092 Sed
1159 2047 1324 2114 quorsum
1355 2026 1440 2093 haee

125 2131 261 2198 omnia?
275 2153 390 2197 nonne
409 2137 477 2198 tres
500 2128 657 2197 civitates
672 2129 742 2196 iam
764 2128 1007 2216 designaverat
1026 2134 1143 2198 losue?
1158 2132 1311 2220 Scriptor
1324 2137 1441 2199 noster

12 2220 16 2228 ¹
78 2256 82 2263 ·
125 2241 233 2324 lloyse
251 2237 432 2326 posterior,
455 2235 514 2302 sed
534 2235 572 2302 in
590 2235 711 2323 Moysis
729 2257 874 2324 persona
888 2235 1045 2324 loquens,
1063 2258 1099 2303 se
1114 2237 1216 2325 fingit
1236 2239 1439 2326 loquentem

124 2349 202 2411 ante
216 2342 293 2410 illas
308 2343 410 2410 urbes
425 2365 445 2408 a
464 2347 560 2409 losue
574 2341 781 2428 designatas,
803 2363 859 2409 eas
876 2341 1052 2428 designari
1068 2343 1174 2426 iubet,
1192 2344 1295 2411 simul
1311 2366 1439 2432 aequa-

123 2450 214 2517 libus
232 2449 381 2516 innuens
397 2471 501 2537 quam
518 2454 596 2538 apte
611 2471 673 2537 per
685 2449 861 2534 regionem
876 2447 1058 2539 dispositas
1072 2449 1150 2516 illas
1165 2452 1267 2517 urbes
1280 2450 1440 2537 selegerit

125 2559 232 2622 Iosue.
260 2557 411 2620 Profecto
431 2575 612 2642 nunquam
644 2553 680 2619 in
710 2552 941 2621 Hebraeorum
966 2555 1062 2621 fastis
1087 2561 1203 2622 actum
1232 2561 1281 2622 est
1306 2555 1350 2622 de
1377 2555 1440 2622 viis

125 2660 316 2727 sternendis
336 2660 564 2748 profugorum
582 2658 707 2745 gratia,
730 2665 789 2725 aut
804 2659 847 2725 de
867 2659 1023 2726 locorum
1046 2660 1215 2727 distantiis
1230 2660 1442 2750 decempeda
1541 2698 1544 2703 ·

125 2766 358 2848 dimetiendis3
383 2765 569 2832 securiores
592 2765 731 2856 profugi
759 2763 968 2832 incedebant
991 2766 1056 2832 viis
1083 2788 1153 2832 non
1180 2765 1307 2847 stratis,
1335 2788 1441 2855 quam

124 2873 250 2939 stratis.
272 2873 442 2939 Habemus
461 2870 496 2937 in
523 2871 577 2937 his
600 2870 843 2960 metaphoram
867 2871 1014 2939 similem
1037 2872 1110 2939 eius
1136 2877 1192 2940 Ex.
1222 2878 1313 2953 13,9,
1338 2893 1442 2960 quam

125 2979 313 3067 amplificat
339 2985 455 3045 orator
478 2983 574 3044 Deut.
602 2984 716 3058 o,7-o;
745 2983 919 3060 lips-20,
948 2977 1152 3046 mandatum
1179 2978 1371 3047 dilectionis
1388 2978 1442 3044 in-

124 3084 228 3153 scribi
244 3092 401 3174 oportere
414 3084 569 3175 postibus
584 3083 707 3150 domus
720 3088 784 3150 etc.
1270 3108 1272 3112 ⁴

166 3215 200 3259 r.
219 3197 237 3258 t
255 3221 270 3253 α
289 3194 380 3258 flocc
401 3190 466 3257 erit
486 3190 541 3258 lese
564 3219 579 3250 »
604 3190 688 3279 (izi)
713 3220 727 3251 (ι
746 3189 942 3257 borreioidoe
957 3189 1145 3280 sepientis,
1168 3191 1266 3258 cuins
1288 3191 1360 3258 cito
1375 3214 1441 3258 ser·

125 3297 238 3365 rondo
254 3310 302 3363 est
323 3325 353 3378 »,
371 3297 453 3387 quia
477 3296 655 3364 homicidii
671 3296 856 3363 voluntarii
872 3319 941 3363 non
961 3303 1010 3364 est
1027 3319 1118 3364 reus.
1139 3327 1154 3358 (ι
1181 3297 1248 3378 Qui
1260 3321 1438 3388 percusse·

124 3405 170 3470 rit
190 3405 387 3494 prorirnurn
410 3403 576 3486 nesciens,
604 3401 719 3492 etqui
742 3401 818 3468 beri
837 3415 869 3469 et
894 3401 1143 3468 nztdiustertins
1165 3403 1300 3468 necllum
1320 3415 1439 3468 contro

125 3531 201 3574 eum
228 3508 345 3574 odiron
371 3507 528 3574 bobriisse
553 3506 819 3596 [corripiebatur]
846 3536 875 3591 o,
898 3529 982 3594 ergo
1004 3507 1141 3574 nullum
1160 3507 1279 3574 odium
1303 3531 1436 3589 recens;

125 3622 192 3681 v.5
211 3644 225 3674 o
247 3614 306 3679 sed
319 3614 444 3680 obiisse
468 3636 545 3679 cum
567 3636 604 3679 eo
625 3612 854 3703 [simpliciter]
871 3614 908 3679 in
932 3612 1056 3679 siloem
1070 3612 1118 3679 od
1131 3613 1230 3703 liqno
1250 3612 1436 3696 caedendo,

125 3731 158 3786 et
176 3720 211 3785 in
234 3719 422 3786 secerisione
448 3719 623 3809 lignorum
643 3719 771 3786 serenis
794 3720 926 3808 superit
945 3742 1062 3804 inuno,
1082 3720 1289 3811 ferrumque
1305 3720 1439 3810 lopsnm

125 3825 166 3892 de
183 3825 363 3892 trionum-io
380 3824 529 3892 criticum
549 3826 622 3892 eius
634 3826 839 3915 percusserit
853 3838 886 3892 et
908 3825 1073 3893 occiderit
1094 3849 1107 3894 .·
1124 3826 1179 3894 bio
1194 3826 1243 3893 od
1257 3850 1363 3893 renem
1383 3851 1441 3892 so-

121 3931 361 4023 predictorum
384 3931 522 3998 nrbiron
553 3931 737 4020 consrrpiet
762 3945 794 3998 et
821 3932 910 3999 viret
936 3959 965 3998 o.
994 3955 1025 3998 v.
1052 3938 1071 3999 b
1096 3956 1147 4023 sq.
1173 3956 1244 3999 non
1271 3938 1350 3998 sunt
1372 3933 1443 4001 duo

124 4040 279 4129 exempla
296 4039 415 4128 (Coi),
436 4037 494 4105 sed
515 4061 622 4106 unum
641 4038 779 4125 (l'ost.);
802 4061 847 4106 sc.
872 4061 951 4107 eum
966 4040 1170 4106 nescientem
1185 4039 1296 4126 egisse
1312 4037 1445 4128 duplici

125 4151 328 4233 argumento
351 4144 509 4226 efficitur,
536 4152 574 4210 ut
597 4143 772 4211 defuerint
796 4145 986 4213 anteriores
1009 4145 1234 4227 inimicitiae,
1255 4150 1288 4212 et
1313 4149 1352 4213 ut
1370 4146 1446 4236 ipsa

125 4254 298 4342 percussio
313 4251 462 4343 speeiem
484 4251 611 4317 habeat
626 4249 758 4317 fortuiti
780 4258 931 4319 eventus.
955 4275 987 4320 v.
1009 4259 1029 4318 6
1053 4281 1068 4312 «
1089 4255 1140 4320 Ne
1154 4252 1307 4341 forsitan
1321 4252 1441 4342 prori-

126 4381 199 4424 rnns
213 4359 297 4440 eius,
322 4358 419 4425 errius
436 4358 569 4449 effusos
583 4370 633 4423 est
648 4359 800 4446 sorrprn's,
819 4357 933 4425 dolore
947 4358 1144 4425 stimulatus
1160 4372 1394 4450 persequatur
1409 4371 1441 4425 et

126 4464 358 4551 reprehendet
373 4488 461 4549 erent,
479 4464 510 4531 si
522 4465 657 4554 longior
671 4463 728 4530 oio
740 4464 862 4551 fecerit,
877 4477 910 4531 et
918 4466 1093 4555 percutiet
1105 4465 1259 4533 onimom
1276 4466 1361 4544 eius,
1380 4464 1444 4553 qni

127 4591 195 4633 non
211 4583 259 4634 est
272 4594 346 4637 rens
360 4572 490 4658 mortis,
507 4571 590 4662 quio
604 4569 740 4637 nrrlfnm
752 4582 872 4638 contro
887 4594 974 4656 erint,
992 4571 1064 4663 [qui
1079 4572 1209 4638 occisus
1225 4576 1299 4657 est,l
1316 4569 1437 4635 odium

121 4673 222 4763 prius
237 4675 393 4744 lutbuisse
412 4680 646 4766 [steenstraten-j
666 4704 681 4738 »
699 4679 741 4743 ab
756 4677 831 4745 beri
847 4689 879 4744 et
898 4677 1159 4745 nncliustertins.
