3366 5346
639 322 729 366 naua.
754 307 845 378 1916
865 323 929 376 sou.
1382 312 1440 369 179

126 455 252 543 gleeta,
276 458 355 522 ruit.
382 460 490 532 Quare
513 479 545 523 v.
569 462 667 523 16-21
692 456 857 523 adscribit
880 461 1002 544 Moyses
1021 478 1173 523 severam
1202 458 1437 541 monitionem,

128 585 169 629 ne
190 562 356 628 adinstar
374 561 667 650 superstitionum,
685 587 769 653 quas
789 564 833 630 ab
855 568 1010 652 Aegypto
1031 564 1212 630 Iordanem
1235 587 1341 655 nsque
1361 590 1441 634 con-

126 669 205 736 tuiti
236 673 345 748 erant,
372 669 523 734 audeant
547 669 692 736 Hebraei
715 669 947 760 superstitioni
975 669 1168 757 indulgere.
1186 676 1301 760 Neque
1327 679 1441 740 tamen

127 780 243 841 contra
270 773 496 840 universalem
522 775 626 841 totius
654 775 776 866 populi
808 776 1012 866 apostasiam
1041 777 1230 844 orationem
1257 781 1440 862 convertit,

125 881 185 946 sed
206 886 325 947 contra
345 903 433 963 eam,
451 904 539 971 quae
559 882 730 968 generalis
744 882 934 972 apostasiae
947 883 1063 950 futura
1079 883 1122 950 sit
1135 883 1266 950 occasio
1282 889 1318 951 et
1330 885 1438 970 radix,

125 1009 314 1076 paucorum
334 987 612 1077 superstitionem
628 988 717 1056 elam
739 989 795 1078 (cl.
818 989 934 1078 2215)
952 986 1150 1056 admissam.
1173 994 1280 1068 Quam
1299 996 1441 1058 testatur
1489 987 1491 991 ’

125 1115 194 1160 non
213 1116 410 1161 mansuram
431 1116 501 1161 esso
521 1094 740 1184 impunitam.

169 1223 203 1266 v.
226 1207 265 1266 16
288 1200 357 1290 (15)
375 1227 391 1261 «
417 1203 480 1267 Vos
501 1201 614 1292 [enim]
634 1202 739 1268 nostis
761 1230 790 1284 »,
812 1202 1057 1284 recordamini,
1077 1231 1093 1263 α
1115 1202 1284 1292 qiionmdo
1305 1202 1438 1271 babita-

125 1307 272 1373 uerimus
292 1307 329 1373 in
353 1319 442 1374 terra
466 1308 631 1398 Aepppti,
645 1321 678 1375 et
697 1309 867 1399 qnorriodo
882 1308 1118 1377 transierimus
1130 1332 1196 1400 per
1209 1309 1360 1377 medinm
1374 1334 1439 1377 na-

126 1412 259 1478 tionum
272 1442 302 1497 »,
312 1436 377 1503 per
391 1437 477 1503 petas
491 1415 724 1500 transivimus,
742 1415 978 1497 Moabitarum,
993 1415 1279 1500 ammonitarum,
1299 1422 1438 1484 Amorr-

125 1519 291 1587 haeorum
317 1525 396 1603 eta,
418 1549 434 1582 a
454 1521 552 1610 [qaas
571 1523 795 1613 transcuntes]
813 1551 828 1583 o
854 1561 898 1573 -
919 1524 979 1590 sed
998 1545 1117 1590 vocem
1137 1528 1241 1606 verte,
1260 1524 1311 1591 uti
1332 1525 1436 1591 modo

125 1631 273 1693 extremo
291 1651 322 1693 v.
348 1633 387 1694 16
408 1629 640 1708 vertebamus3
660 1629 786 1696 etenim
804 1652 874 1696 non
894 1630 1102 1697 transierunt
1115 1633 1310 1720 Aegyptum
1325 1631 1384 1698 sed
1397 1654 1437 1698 ex

125 1755 166 1799 ea
181 1735 309 1819 egressi
322 1739 412 1816 sunt,
435 1739 469 1800 et
485 1735 651 1802 tamenin
669 1741 825 1826 Aegypto
843 1736 1060 1826 potissimum
1079 1735 1242 1804 uiderunt
1257 1737 1333 1804 illas
1352 1739 1439 1805 abo-

125 1839 326 1907 minationes
338 1880 380 1891 —
394 1865 426 1908 v.
447 1848 486 1907 17
503 1841 571 1932 (16)
592 1871 606 1903 u
623 1842 760 1909 uidistis
772 1843 1043 1911 conmutationes
1057 1856 1090 1909 et
1106 1843 1230 1933 {sordes
1243 1843 1266 1909 i.
1285 1844 1327 1933 6.)
1344 1844 1438 1911 idola

126 1968 253 2031 eorum,
277 1946 413 2036 lipnnm
436 1959 468 2013 et
492 1946 655 2038 lapidem,
673 1963 856 2038 arpentum
884 1962 917 2015 et
947 1972 1196 2039 autumpnae
1220 1949 1375 2017 colebant
1404 1978 1435 2019 a.

125 2065 214 2144 pipat
231 2053 342 2121 solum
362 2054 399 2120 h.
425 2055 448 2122 l.
472 2055 509 2120 iu
531 2054 744 2122 hexateucho
764 2055 1057 2122 abominationem
1080 2061 1194 2139 sonat,
1221 2078 1321 2145 saepe
1346 2056 1440 2146 apud

125 2163 276 2241 1er.‚uz.
299 2165 363 2228 eu.
384 2160 515 2248 legitur
532 2179 539 2226 :
556 2161 614 2227 sed
635 2161 679 2227 cf.
697 2175 773 2253 ppo
793 2166 868 2229 mv.
891 2168 1300 2244 interamnanam.
1323 2151 1437 2239 nab-‚ta

123 2265 257 2355 stipites
272 2271 349 2336 Lev.
368 2274 482 2349 abab.
502 2272 585 2333 Cum
600 2289 735 2334 summo
749 2273 946 2357 contemptu
961 2268 1004 2334 de
1018 2268 1119 2335 idolis
1133 2268 1286 2358 loquitur
1300 2273 1435 2356 Moyses.

69 2374 72 2379 ’
125 2377 281 2439 Ceterum
296 2375 424 2440 factum
440 2397 472 2441 v.
493 2381 533 2440 16
554 2396 604 2463 sq.
622 2373 657 2439 iu
681 2375 881 2440 memoriam
901 2379 1049 2458 revocat,
1065 2380 1103 2442 ut
1119 2398 1140 2441 a
1160 2375 1329 2442 similibus
1352 2378 1436 2443 abo-

126 2477 372 2545 minationibus
393 2481 647 2547 committendis
670 2502 748 2546 suos
774 2480 977 2548 dehortetur
999 2502 1006 2548 :
1029 2503 1099 2547 non
1122 2487 1237 2547 autem
1264 2482 1300 2547 iu
1323 2489 1436 2550 mente

125 2583 230 2649 habet
246 2583 349 2651 totius
363 2586 483 2674 populi
497 2607 712 2652 communem
726 2590 759 2651 et
774 2585 961 2674 publicam,
980 2585 1041 2653 sed
1056 2587 1155 2653 unice
1171 2593 1231 2653 aut
1243 2588 1436 2676 aliquorum

124 2694 290 2756 secretam
308 2691 365 2778 (ci.
386 2691 502 2780 emb)
520 2696 578 2759 aut
599 2697 688 2758 certe
710 2693 879 2781 privatam
896 2693 1183 2781 superstitionem.
1203 2698 1286 2775 lma,
1302 2716 1372 2761 non
1386 2716 1437 2761 so·

124 2795 196 2862 lum
215 2795 258 2861 ab
275 2819 343 2863 uno
361 2798 520 2886 paucisve
537 2797 704 2864 committi
719 2802 832 2887 potest
849 2802 979 2865 secreto
997 2787 1175 2881 idolatria,
1194 2799 1254 2865 sed
1269 2799 1372 2866 etiam
1393 2800 1437 2868 ab

123 2901 261 2987 integra
282 2903 398 2991 aliqua
419 2903 563 2987 familia,
584 2904 628 2969 ab
650 2905 785 2991 integra
802 2903 910 2971 tribu.
928 2903 1029 2970 Cuius
1049 2904 1100 2972 rei
1118 2927 1281 2993 praesens
1301 2906 1437 2995 pericu-

123 3007 195 3074 lum
216 3014 289 3075 erat
304 3008 339 3074 in
353 3009 636 3092 transiordaniea,
654 3011 714 3078 ubi
733 3011 844 3077 tribus
865 3009 1001 3100 aliquae
1016 3010 1143 3077 dubiae
1162 3011 1243 3078 fidei
1262 3013 1328 3079 late
1346 3034 1439 3102 spar-

122 3136 179 3181 sae
203 3115 375 3184 vivebant.
395 3118 508 3184 Potnit
533 3116 583 3182 ibi
609 3116 727 3206 utique
762 3117 878 3206 aliqua
902 3116 1049 3200 familia,
1075 3119 1146 3184 imo
1172 3117 1283 3185 tribus
1308 3118 1437 3187 habere

123 3221 216 3311 apud
236 3244 271 3289 se
295 3228 464 3290 secretum
482 3223 623 3313 aliquod
640 3222 829 3291 oraculum.
847 3247 880 3291 v.
901 3230 941 3291 18
962 3223 1032 3313 (17)
1058 3250 1074 3285 u
1097 3226 1148 3292 Ne
1167 3225 1257 3311 sorte
1280 3225 1325 3292 sit
1350 3226 1438 3292 inter

123 3350 180 3394 vos
196 3329 249 3394 uir
263 3342 325 3395 aut
339 3330 476 3415 neirlier,
496 3329 638 3417 faenilia
654 3343 715 3396 aut
734 3329 851 3415 tribus,
875 3329 972 3395 euius
985 3352 1043 3395 cor
1056 3351 1212 3396 aversum
1232 3343 1280 3396 est
1297 3330 1399 3397 bodie
1416 3354 1437 3397 a

123 3434 269 3500 Domino
291 3439 360 3502 Deo
380 3449 508 3515 nostre,
523 3449 561 3501 nt
579 3434 685 3501 vadat
706 3448 739 3500 et
756 3436 882 3501 seruiat
901 3434 968 3500 diis
987 3435 1128 3501 illarum
1151 3436 1321 3523 pentium,
1339 3448 1371 3501 et
1394 3437 1437 3501 sit

124 3539 214 3606 inter
232 3563 289 3606 uos
309 3539 413 3607 radia
432 3541 634 3630 perminans
654 3540 709 3627 sel
727 3553 759 3606 et
783 3539 1101 3623 amaritudinem»,
1119 3563 1178 3606 seu
1196 3542 1308 3606 verius
1325 3563 1438 3632 papa-

123 3669 181 3712 ver
202 3657 235 3711 et
253 3646 461 3713 absinthium
484 3647 540 3736 (61.
563 3646 691 3735 31,32),
708 3646 907 3714 scandalum
925 3669 1024 3713 suum
1043 3647 1148 3715 veluti
1170 3669 1341 3714 venenum
1362 3648 1438 3716 aliis

123 3754 297 3839 ingerens,
317 3775 404 3820 nova
432 3753 593 3821 scandala
617 3751 721 3820 veluti
746 3753 969 3842 progignere.
987 3759 1091 3819 Porro
1114 3754 1236 3821 talium
1262 3754 1438 3822 seandalo-

124 3880 201 3924 rnm
221 3858 371 3926 radicem
387 3859 587 3949 exstirpabit
608 3859 793 3928 Dominus:
809 3881 851 3925 ue
871 3880 954 3946 ergo
973 3858 1033 3926 ille
1052 3859 1119 3926 sibi
1136 3883 1156 3926 a
1176 3865 1242 3927 lteo
1261 3861 1439 3950 promittat

122 3965 377 4052 indulgentiam
397 3988 404 4034 :
424 3990 455 4031 v.
475 3966 589 4054 19(18)
610 3997 624 4027 «
642 3989 788 4056 cientque
803 3965 954 4032 audierit
969 3968 1071 4033 uerba
1089 3966 1274 4034 iuramenti
1287 3966 1388 4032 lartius
1405 3995 1436 4051 »‚

124 4072 375 4140 maledictionis
398 4073 457 4158 (61.
480 4073 577 4140 adv.
604 4074 673 4163 12),
693 4101 709 4135 a
735 4071 914 4140 benedicat
931 4071 998 4140 sibi
1020 4071 1057 4140 in
1077 4073 1179 4140 eorde
1201 4096 1264 4140 suo
1287 4102 1316 4156 »,
1335 4100 1351 4135 (ι
1374 4073 1439 4141 sibi

123 4179 239 4246 omnia
257 4202 423 4270 prospera
443 4185 477 4247 et
495 4179 737 4270 impunitatem
753 4180 932 4270 promittat
953 4208 969 4243 n
990 4181 1153 4270 (ronse),
1171 4207 1188 4242 «
1207 4179 1321 4248 dicens
1339 4201 1347 4248 :
1365 4183 1439 4248 Pae

125 4287 189 4353 erit
212 4286 313 4368 milti,
334 4299 367 4354 et
392 4286 573 4355 ambulabo
603 4287 639 4354 in
663 4287 837 4378 pravitate
868 4287 979 4355 cordis
1007 4286 1075 4353 mei
1096 4314 1125 4369 n,
1144 4325 1189 4337 -
1216 4309 1294 4354 cum
1324 4301 1439 4352 niutau

122 4395 260 4482 proprie
284 4394 486 4484 firniitatem
513 4400 610 4462 sonet
637 4400 670 4463 et
697 4395 899 4463 secundario
926 4399 1062 4462 tantum
1088 4393 1358 4477 obdurationem,
1378 4416 1440 4460 cur

122 4520 194 4564 nou
213 4501 248 4565 h.
272 4501 294 4564 l.
319 4506 495 4568 vertamus
513 4522 520 4570 :
537 4499 619 4568 dnm
639 4502 778 4569 ambulo
799 4502 837 4569 in
849 4501 1028 4593 proposito
1048 4500 1160 4569 cordis
1174 4500 1263 4568 mei?
1283 4499 1440 4588 Proposi-

123 4610 196 4672 tum
217 4613 331 4673 autem
350 4608 508 4696 intellige
529 4608 631 4693 illud,
654 4609 762 4676 cultui
781 4610 884 4678 lahve
903 4608 1142 4677 admiscendae
1161 4605 1378 4674 idololatriae
1395 4642 1439 4657 -

125 4740 140 4775 «
156 4726 189 4781 et
203 4717 359 4782 absumat
377 4715 471 4783 ebria
485 4715 657 4784 sitientem
679 4745 709 4786 ».
