3366 5346
195 325 254 382 372
645 333 876 381 coxuacxxueuu
898 333 1056 377 sannaus.

193 471 372 539 oraculum
397 469 488 536 edat.
510 469 624 535 Merito
647 467 729 535 huic
752 466 956 556 prophetiae
982 469 1138 533 accenset
1167 468 1220 530 Ps.
1250 466 1325 530 lora.
1357 464 1454 530 Urim
1483 469 1517 529 ct

192 577 398 656 Thummim,
418 576 512 666 quod
537 596 655 663 reapse
675 580 747 640 crat
770 574 982 639 oraculum«
1004 573 1191 662 perlectum
1215 599 1230 631 x
1249 570 1295 658 (v.
1321 569 1378 658 13)
1395 570 1433 635 in
1456 591 1514 635 eo-

191 686 270 751 dem
294 705 432 770 genere,
458 683 492 747 iu
513 703 580 771 quo
602 680 750 767 auguria
774 689 837 746 etc.
865 678 910 745 ob
937 678 1089 746 additam
1110 677 1389 767 superstitionem
1413 683 1514 743 erant

189 789 403 879 imperfecta.
420 787 484 854 Sed
502 788 716 876 potissimum
729 785 972 872 intelliguntur
986 783 1052 874 ipsi
1068 784 1270 874 prophetae.
1289 782 1383 850 Sicut
1395 788 1508 849 autem

189 918 302 985 neque
328 894 423 984 apud
445 901 564 980 gentes
591 915 728 982 semper
749 898 781 959 et
801 892 843 959 de
867 891 1025 969 omnibus
1048 891 1268 958 habebantur
1291 889 1444 971 oracula,
1462 888 1508 957 ita

188 1024 300 1091 neque
329 1000 422 1090 apud
446 999 614 1067 Hebraeos
643 1000 696 1084 (cl.
723 1006 737 1065 1
764 1004 848 1085 Meg.
874 998 982 1085 QG),
1005 997 1063 1064 sad
1089 1001 1221 1065 tantum
1249 996 1507 1087 «temporibus

188 1109 256 1175 suis
274 1135 289 1167 n
312 1108 423 1196 (Num.
440 1107 569 1193 2333).
588 1129 620 1172 v.
640 1113 712 1172 15«
732 1105 937 1195 Prophetiam
951 1103 993 1170 de
1007 1116 1108 1192 pente
1126 1118 1186 1170 tua
1207 1104 1265 1191 [et]
1282 1102 1325 1169 de
1337 1103 1506 1190 fratribus

188 1216 267 1298 tuis,
282 1215 369 1280 sicut
394 1235 457 1298 me,
475 1212 656 1280 suscitabit
676 1212 739 1278 tibi
762 1211 928 1278 nonanus
946 1214 1037 1278 Dens
1062 1223 1139 1276 titiis
1163 1234 1170 1278 :
1195 1210 1307 1300 ipsam
1331 1209 1454 1277 audies
1474 1239 1502 1277 ».

188 1319 322 1409 Reliqui
350 1318 510 1386 audietis.
531 1320 632 1384 Hebr.
658 1317 777 1385 atala.
801 1319 881 1407 Syr.
907 1341 914 1386 :
937 1316 978 1383 de
1005 1315 1116 1383 medio
1139 1315 1205 1397 tui,
1221 1320 1255 1382 et
1283 1317 1356 1383 sine
1381 1315 1506 1404 copula

186 1426 435 1517 appositionem
466 1424 668 1492 adscribunt
692 1423 734 1491 de
760 1424 933 1511 [ratribus
960 1424 1040 1490 tais.
1070 1426 1164 1491 Sani.
1192 1424 1297 1507 LXX,
1323 1421 1374 1488 uti
1403 1444 1436 1488 v.
1465 1428 1506 1519 18

187 1532 228 1600 da
248 1531 361 1600 medio
379 1534 533 1621 fratrum
553 1545 702 1599 tuorum.
722 1532 870 1617 Magistri
886 1530 931 1618 (a.
950 1532 983 1618 9)
1000 1530 1285 1620 superstitionum
1305 1535 1404 1596 erant
1423 1550 1506 1596 saue

187 1639 342 1730 plerique
360 1638 586 1724 alienigenae,
604 1660 724 1705 eorum
745 1624 835 1704 artes
850 1643 950 1704 erant
969 1643 1061 1703 certe
1079 1642 1272 1717 extraneae,
1289 1636 1411 1702 nonin
1433 1657 1507 1702 me·

183 1746 245 1813 ¹dio
268 1744 389 1812 lsraele
409 1751 522 1811 natae.
544 1734 644 1811 Sicut
665 1767 732 1825 aaa,
751 1744 773 1811 i.
801 1766 831 1809 e.
856 1743 943 1810 sicut
961 1749 1096 1830 Moysen
1119 1765 1127 1809 :
1149 1742 1207 1809 sed
1232 1741 1443 1833 comparatio
1466 1741 1508 1808 fit

182 1851 427 1947 tantummodo
448 1851 563 1940 quoad
578 1850 796 1940 prophetiam
811 1848 1051 1939 superstitione
1066 1854 1251 1916 carentem.
1268 1852 1337 1914 Non
1356 1848 1506 1936 promit·

180 1960 268 2033 ‚titur
291 1958 470 2048 propheta,
491 1957 603 2048 qualis
621 1978 728 2046 usque
751 1957 795 2023 ad
815 1962 949 2045 tempus
961 1940 1146 2046 conscripti
1161 1960 1271 2022 textus
1285 1959 1381 2021 Dent.
1399 1959 1504 2036 at,10

185 2087 252 2132 uon
277 2071 482 2147 surrexerat,
507 2062 568 2153 qui
594 2064 833 2155 nosset-latire
860 2063 946 2129 tacte
970 2062 1015 2129 ad
1039 2061 1162 2129 taciem
1186 2083 1194 2128 ε
1220 2061 1280 2128 sed
1308 2081 1420 2150 neque
1452 2060 1504 2126 at-

186 2171 344 2235 firmatur
367 2169 444 2235 talis
469 2169 641 2259 propheta
664 2190 732 2234 non
758 2190 829 2235 esse
853 2174 1078 2247 surrecturus,
1098 2168 1191 2259 quod
1215 2190 1327 2257 neque
1356 2167 1505 2255 scriptor

186 2282 287 2356 satu
310 2296 373 2363 pro
392 2275 509 2340 tuturo
530 2281 683 2363 tempore
703 2282 819 2360 negat.
838 2273 926 2340 Fieri
947 2279 1075 2363 potest,
1091 2281 1129 2340 ut
1143 2279 1244 2356 tt,10
1260 2272 1365 2340 lateat
1387 2273 1504 2363 aliqua

184 2380 229 2448 ad
254 2385 407 2446 nostrum
435 2384 564 2447 textum
586 2379 721 2448 allusio.
747 2381 846 2447 Cuius
870 2402 985 2447 versus
1008 2379 1155 2470 scriptor
1182 2402 1254 2446 non
1286 2379 1359 2447 sinc
1387 2378 1505 2446 dolore

184 2488 345 2568 fateatur,
367 2509 474 2575 usque
504 2487 549 2553 ad
575 2509 635 2554 sua
662 2492 818 2576 tempora
844 2487 1050 2576 prophetam
1078 2485 1198 2574 Moysis
1227 2486 1409 2576 aequalem
1434 2507 1504 2554 non

183 2593 378 2663 surrexisse.
402 2593 602 2659 arfirmatur
624 2615 728 2683 porro
751 2615 820 2660 una
839 2592 955 2682 aliqua
974 2592 1073 2676 ratio,
1100 2615 1171 2659 non
1192 2592 1306 2674 unica,
1334 2614 1396 2659 cur
1425 2608 1504 2659 cum

183 2701 389 2790 prophetam
415 2701 579 2767 concedat
607 2700 708 2766 lehre
735 2723 742 2765 :
765 2723 810 2767 sc.
839 2701 1016 2766 conlorme
1036 2699 1072 2765 id
1098 2704 1147 2765 est
1175 2698 1289 2789 petitis
1314 2699 1439 2787 populi
1460 2697 1504 2765 ad

182 2814 335 2873 montem
355 2806 479 2887 Horeb,
495 2829 582 2895 quac
604 2807 706 2873 lahve
729 2813 809 2872 ante
833 2812 908 2872 rata
926 2800 1047 2872 habuit
1066 2825 1073 2871 :
1091 2805 1180 2872 sicut
1201 2805 1318 2872 omnia
1338 2827 1430 2894 quac
1439 2827 1504 2895 pc·

180 2912 257 3002 tisti
278 2924 342 2979 etc.
369 2911 569 2978 affirmatur
586 2910 644 2977 ille
665 2912 835 3001 propheta
851 2913 951 3000 plene
972 2917 1204 3002 praestaturus
1227 2934 1297 2978 esse
1322 2933 1426 2978 omne
1452 2911 1501 2994 id,

185 3016 278 3107 quod
296 3023 365 3083 tum
385 3016 533 3106 populus
552 3017 588 3083 in
606 3018 691 3083 votis
706 3017 875 3085 habuerat
895 3038 902 3084 :
924 3040 1033 3108 neque
1047 3023 1165 3086 tamen
1179 3024 1328 3105 negatur
1349 3039 1502 3108 unquam

182 3129 432 3190 assurrecturus
454 3144 524 3189 esse
544 3122 588 3189 ad
612 3121 768 3189 altiorem
794 3124 898 3190 etiam
918 3125 1065 3211 gradum
1085 3147 1139 3208 eo,
1159 3146 1262 3214 quem
1283 3125 1326 3190 ad
1350 3128 1504 3191 montem

182 3228 292 3295 llorcb
308 3228 452 3296 Hebraei
464 3227 746 3314 imaginabantur
762 3250 769 3297 :
788 3253 820 3296 v.
840 3236 881 3295 16
897 3258 912 3291 a
929 3243 968 3296 nt
976 3230 1102 3320 petisti
1113 3253 1134 3297 α
1145 3231 1291 3298 Darniao
1307 3234 1375 3297 Deo
1392 3242 1451 3297 tuo
1468 3230 1505 3298 in

181 3336 304 3421 Horeb,
319 3334 457 3425 parando
472 3334 589 3402 concio
605 3349 813 3424 conprepata
826 3349 873 3402 est
886 3365 902 3398 n
917 3336 1023 3425 (9,10;
1040 3343 1131 3421 10,t;
1144 3339 1180 3405 in
1195 3359 1322 3424 magna
1332 3338 1503 3428 theopha-

180 3441 238 3508 nia
258 3447 313 3508 Mx.
334 3449 374 3508 19
390 3446 469 3532 sp),
491 3472 505 3504 a
518 3455 621 3531 atqice
636 3441 783 3509 dixisti:
802 3444 898 3510 tltra
913 3466 982 3510 non
998 3444 1141 3511 acidiam
1154 3466 1267 3510 rocem
1285 3444 1425 3511 Doniini
1436 3444 1503 3511 Dei

181 3547 261 3632 inei,
277 3561 309 3614 et
326 3548 436 3638 iprtem
454 3550 544 3616 bitrio
560 3549 750 3616 trraaimttm
768 3549 919 3639 arnplius
934 3549 1201 3633 concidebant?
1216 3552 1344 3618 martiar
1360 3580 1390 3618 ».
1408 3573 1441 3618 v.
1459 3557 1500 3616 17

184 3680 200 3713 a
214 3655 258 3718 Et
267 3653 319 3719 ait
333 3655 500 3721 [teatinus
515 3655 605 3721 milri
616 3678 623 3725 :
640 3659 729 3723 Bene
745 3656 861 3723 catania
871 3669 953 3723 sunt
968 3656 1076 3724 lacerti
1091 3684 1120 3724 ».
1136 3657 1263 3725 Eadem
1278 3657 1385 3725 habes
1401 3664 1500 3740 aaa·

181 3765 235 3826 28.
249 3759 348 3826 Sede
362 3766 439 3839 5‚31
457 3761 673 3851 aliquantum
690 3763 804 3829 differt
815 3768 971 3831 nosterv.
988 3769 1029 3831 18
1046 3783 1053 3830 :
1072 3791 1087 3825 a
1105 3765 1312 3854 Prophetam
1326 3764 1500 3832 suscitabo

180 3866 229 3932 eis
244 3865 285 3933 de
301 3865 413 3932 medio
425 3865 580 3953 fratrum
593 3891 745 3951 suorum,
759 3868 907 3936 similam
922 3869 984 3954 tui,
1003 3882 1036 3937 et
1046 3893 1176 3960 ponam
1189 3874 1288 3938 rerba
1302 3894 1378 3938 mea
1392 3872 1430 3938 ia
1442 3895 1500 3939 ora

181 3972 265 4054 eius,
285 3972 512 4062 quatetrcrque
531 3973 578 4040 ad
597 3997 651 4041 eos
669 3975 798 4052 omnia,
821 3998 1127 4067 patarpraecepero
1144 3977 1245 4046 illi».
1264 3978 1327 4045 Ubi
1344 3979 1502 4046 conteras

180 4078 285 4143 etiam
306 4080 412 4145 verba
435 4084 490 4145 Ex.
523 4086 615 4162 t,15,
641 4081 766 4170 quibus
790 4087 903 4148 Aaron
925 4083 1027 4171 Moysi
1052 4084 1306 4152 attribuebatur
1329 4085 1502 4175 propheta

182 4182 251 4270 (Ex.
275 4185 346 4271 7‚1)
373 4205 380 4250 ε
405 4191 445 4252 Et
463 4184 615 4276 loqueris
638 4188 681 4266 ei,
700 4210 874 4278 ponesque
892 4190 1006 4266 (naut)
1024 4190 1129 4258 verba
1149 4193 1184 4258 in
1206 4214 1264 4259 ore
1285 4192 1368 4278 eius,
1384 4198 1418 4258 et
1433 4214 1502 4280 ego

181 4310 239 4354 ero
254 4287 291 4354 in
311 4311 369 4355 ore
389 4295 448 4358 tuo
462 4298 495 4358 et
510 4291 544 4358 in
565 4314 623 4359 ore
646 4293 728 4376 eius,
747 4300 781 4360 ct
798 4294 927 4363 docebo
947 4319 1006 4364 vos
1021 4298 1105 4386 quid
1121 4300 1232 4365 tacere
1247 4298 1411 4367 debeatis.
1429 4301 1503 4387 lgi-

178 4399 235 4462 tur
262 4401 337 4474 5,3l
363 4395 405 4462 de
429 4398 502 4465 sola
525 4401 644 4486 Moysis
664 4401 868 4489 prophetica
892 4404 1061 4490 dignitate
1086 4405 1242 4495 explicite
1267 4427 1379 4473 sermo
1404 4413 1498 4487 erat;

178 4500 234 4568 hic
263 4503 518 4592 pronuntiatur,
543 4505 591 4571 ib.
619 4505 721 4573 simul
747 4531 953 4597 permanens
976 4512 1225 4601 prophetarum
1252 4514 1450 4581 institutum
1478 4538 1499 4582 a

175 4613 242 4675 Deo
257 4608 447 4677 stabilitum
464 4632 545 4680 essa.

219 4717 347 4806 Duplex
368 4717 529 4788 adiicitur
551 4720 711 4789 sanctio:
739 4721 846 4789 altera
870 4745 901 4789 v.
930 4731 970 4793 19
992 4723 1030 4791 in
1061 4726 1261 4811 lsraelitam,
1282 4728 1342 4817 qui
1369 4749 1495 4800 verum
