3366 5346
177 307 234 364 102
723 325 938 371 Jurnonucrro.

177 455 353 544 quomodo
377 478 398 520 a
422 455 503 522 viris
531 456 678 523 aliarum
706 459 862 544 gentium
891 457 1151 549 sapientissimis
1182 463 1215 524 et
1242 458 1493 546 potentissimis

177 561 345 648 sapientia
360 584 427 628 non
449 562 492 628 sit
511 570 662 652 reperta;
680 587 758 631 eum
779 572 896 632 autem
912 565 1107 652 intelligere
1122 564 1338 654 potissimum
1355 567 1494 658 sapien-

177 674 229 732 tes
259 667 510 756 antiquissimos
536 670 657 737 exinde
683 671 839 750 efficitur,
867 672 960 761 quod
981 695 1013 738 v.
1041 678 1083 738 37
1108 670 1256 737 affirmet
1282 671 1492 760 sapientiam

181 772 304 839 exitiale
321 775 504 842 revelatam
525 798 594 843 esse
613 777 651 844 in
672 778 773 844 thora
793 801 855 867 per
875 784 1018 865 lloysen,
1041 799 1125 863 ergo
1144 777 1389 862 intelliguntur
1404 799 1490 866 prae

78 898 80 903 ·
179 880 488 970 cctorissapientes
508 887 618 970 llovsc
638 883 858 973 antiquiores,
879 885 1036 951 affirmat
1056 885 1149 964 item,
1170 883 1373 972 sapientiam
1393 885 1496 951 exsti-

177 985 255 1052 tisse
290 988 476 1077 antiquitus
503 989 723 1079 imperviam,
755 992 816 1058 soli
844 997 909 1058 [teo
939 997 1077 1073 notam,
1108 1012 1212 1080 quam
1241 989 1358 1057 nullus
1390 991 1496 1057 homo

177 1093 323 1159 valuerit
339 1117 452 1184 neque
465 1095 508 1162 de
526 1097 621 1163 coelo
638 1099 776 1177 allerre,
793 1120 904 1188 neque
920 1099 1060 1165 traiecto
1074 1099 1161 1164 mari
1177 1119 1374 1187 procurare.
1390 1101 1496 1174 Quam

180 1203 270 1266 Deus
285 1201 449 1268 revelavit
468 1202 584 1269 Israeli
599 1222 607 1270 :

180 1381 206 1440 3,
228 1381 485 1435 35111000111000
510 1390 616 1444 noster,
636 1386 681 1434 cul
702 1384 774 1434 alius
793 1387 948 1448 comparari
969 1385 1079 1448 neqult;
1096 1410 1131 1419 -
1150 1397 1177 1432 v.
1207 1383 1239 1432 36
1264 1385 1324 1446 Ipso
1351 1383 1497 1433 adinvenit

278 1485 390 1521 omnem
409 1474 484 1522 viam
499 1474 664 1537 sapientiae,
681 1476 708 1523 et
722 1475 879 1536 impertitus
902 1479 944 1524 est
958 1486 1020 1523 eam
1037 1473 1120 1522 Iacob
1139 1485 1222 1523 servo
1237 1485 1288 1522 suo
1302 1499 1337 1509 —-
1355 1480 1382 1522 ct
1398 1465 1496 1521 Israeli

280 1560 454 1609 dilcctosuo.

231 1646 264 1696 37
280 1646 388 1697 Exinde
401 1651 537 1711 reperitur
549 1651 578 1698 in
597 1656 680 1710 terra,
692 1677 728 1687 -
740 1657 768 1700 ci
783 1652 855 1701 Inter
870 1652 998 1701 homines
1010 1653 1146 1700 versatur.

184 1735 209 1795 1,
250 1737 259 1786 1
279 1737 327 1784 Hic
342 1743 379 1785 est
397 1736 774 1799 liberoaandotorumlaboe,
789 1748 863 1787 —et
883 1741 961 1788 thoro
978 1741 1113 1788 duraturo
1129 1740 1160 1787 in
1181 1753 1285 1788 aeuum.
1298 1738 1352 1796 Qui
1372 1751 1432 1788 eam
1448 1737 1498 1787 ob·

282 1828 404 1886 servant,
420 1827 529 1886 vivent;
540 1853 577 1863 -
591 1829 638 1890 qui
653 1840 715 1878 eam
730 1828 939 1893 derelinquent,
956 1829 1121 1878 moriantur.

248 1913 263 1962 ‘t
281 1915 350 1976 Age,
366 1913 458 1974 Iacob,
474 1915 644 1978 amplectere
656 1930 728 1971 eant,
740 1944 775 1952 —
789 1924 817 1967 et
832 1917 944 1967 ambula
963 1918 991 1966 tn
1004 1916 1109 1966 lumtne
1124 1919 1194 1966 eius.

249 2002 263 2051 3
280 2003 322 2052 Ne
336 2001 430 2052 tradas
443 2003 523 2053 alteri
543 2005 666 2067 gloriam·
681 2010 767 2067 tuam,
782 2018 873 2069 neque
888 2007 1111 2069 praerogativam
1127 2010 1202 2054 luam
1215 2006 1291 2066 genti
1305 2005 1425 2053 alienae.

251 2091 265 2139 l
282 2092 363 2141 Beati
377 2105 438 2153 nos,
456 2092 553 2155 lsrael,
569 2096 636 2158 quia
650 2094 829 2168 manilestata
843 2095 1007 2155 suntnobIs,
1024 2107 1146 2158 —quae
1161 2093 1221 2143 Deo
1233 2095 1298 2142 sunt
1313 2093 1425 2156 placila.

229 2241 405 2344 anigitur
421 2260 571 2340 Baruch,
591 2260 796 2347 sapientiam
808 2260 904 2325 illam
918 2259 1070 2326 diviuam
1084 2257 1282 2324 hominibus
1294 2257 1337 2324 de
1355 2280 1390 2323 se
1405 2258 1501 2323 inac-

187 2386 314 2431 cessam
334 2365 449 2431 lsraeli
467 2364 733 2432 communicasse
753 2371 858 2432 Beum
881 2387 942 2454 per
965 2366 1112 2431 theram.
1133 2370 1203 2441 Qua
1222 2367 1260 2431 in
1280 2386 1316 2430 re
1337 2370 1497 2430 consonat

187 2470 288 2557 lloysi
304 2476 400 2538 Beut.
419 2478 517 2552 30,ss
534 2494 610 2561 sqq.
629 2472 829 2553 affirmanti,
847 2477 923 2560 post
937 2471 1052 2539 datam
1064 2472 1202 2538 thoram
1218 2470 1382 2537 mandata
1400 2469 1499 2536 lahve

188 2599 408 2666 nequaquam
437 2600 507 2645 esse
532 2578 716 2658 inaccessa,
736 2601 807 2645 non
834 2602 853 2645 0
879 2580 974 2645 00010
1002 2578 1194 2660 afferenda,
1222 2599 1335 2665 neque
1359 2576 1502 2642 traiecto

189 2684 275 2751 mari
299 2685 526 2773 procuranda.
552 2691 720 2753 Consonat
739 2686 878 2752 tandem
899 2691 969 2752 tam
993 2685 1074 2752 loho
1098 2706 1202 2774 quum
1224 2682 1357 2749 Baruch
1379 2681 1501 2764 Eruli,

189 2792 246 2880 qui
271 2790 313 2858 de
335 2793 483 2881 antiquis
503 2792 642 2882 quidem
668 2791 880 2880 sapientibus
906 2792 1000 2872 silet,
1027 2791 1086 2858 sed
1109 2796 1287 2858 aeternum
1315 2788 1504 2878 sapientiae

123 2907 131 2922 '
191 2919 409 2985 progressum
434 2898 475 2963 de
500 2899 668 2964 thesauris
690 2898 748 2963 Dei
781 2896 978 2963 describens
1010 2897 1149 2963 tandem
1174 2895 1221 2962 ait
1253 2896 1384 2984 (31,32;
1415 2895 1507 2960 LXX

195 3004 310 3088 aisis)
331 3022 339 3066 :
362 3033 376 3060 «
397 3004 463 3067 Hic
479 3016 526 3067 est
544 3004 628 3069 liber
638 3003 791 3092 foederis
810 3003 983 3087 altissiod,
1008 3001 1107 3069 itura
1128 3024 1232 3091 quam
1253 3000 1502 3089 0010010000,

194 3106 387 3173 liacreditus
402 3131 657 3196 synuqoqarum
674 3111 772 3174 Iacob
788 3137 817 3176 u.

238 3219 357 3281 Utrum
376 3236 478 3303 porro
497 3214 636 3281 laudata
662 3215 768 3281 verba
791 3215 925 3282 Baruch
943 3215 1092 3282 studium
1112 3215 1231 3281 thorae
1253 3213 1347 3304 apud
1365 3213 1507 3281 ludaeos

192 3320 364 3409 Babylone
382 3321 541 3408 degentes
556 3321 785 3395 excitaverint.
803 3344 846 3388 an
860 3329 938 3388 ante
956 3323 1136 3389 exciIatum
1151 3321 1309 3397 foverint,
1327 3342 1395 3385 non
1411 3319 1507 3385 lubet

195 3428 382 3520 inquirere.
402 3429 589 3496 Ostendunt
603 3429 769 3518 profecto,
792 3452 860 3518 quo
876 3428 992 3495 animo
1013 3429 1084 3494 eius
1106 3427 1183 3493 aevi
1200 3426 1319 3494 Iudaei
1334 3448 1418 3511 erga
1433 3426 1508 3491 tho-

195 3559 268 3604 ram
283 3537 409 3603 luerint
425 3536 546 3603 affecti.
566 3541 778 3624 Quantopere
794 3541 866 3602 tum
883 3534 1032 3601 studium
1054 3535 1172 3599 thorae
1188 3533 1361 3619 Babylone
1382 3533 1507 3598 Ilorue-

197 3646 253 3722 rit,
272 3643 506 3708 demonstrant
519 3643 637 3709 laudes
652 3641 777 3708 Esdrae
789 3640 936 3708 tributae
951 3641 994 3706 ob
1010 3639 1166 3730 peritiam
1179 3640 1277 3725 legiS,
1296 3640 1353 3726 qui
1368 3644 1510 3704 vocatur

198 3759 213 3817 1
229 3750 323 3815 Esdr.
343 3755 400 3828 7,6
420 3738 521 3811 ’000ιο
539 3739 615 3813 *aba
633 3766 702 3813 nau
721 3763 773 3842 pu
790 3764 859 3813 rua
880 3762 957 3811 nub
974 3762 1074 3812 00οι
1090 3761 1171 3810 nan
1185 3761 1270 3818 inin,
1288 3744 1400 3811 scriba
1420 3745 1509 3834 pari-

195 3864 248 3925 tus
264 3858 298 3922 iu
316 3857 414 3922 thora
428 3854 556 3941 Moysis,
574 3878 676 3943 quam
693 3856 789 3922 dedit
800 3856 902 3922 lahve
917 3860 1002 3921 Deus
1017 3854 1130 3933 lsrael,
1148 3855 1238 3919 LXX
1252 3861 1291 3932 ὡς
1312 3858 1507 3939 γρκμμκτεὺς

879 3962 968 4051 (bnt.
992 3966 1045 4027 Xl.
1068 3959 1139 4047 5.I)
1155 3971 1212 4027 τῶν
1234 3963 1387 4036 Μωυσέως
1412 3964 1509 4038 *ripula

199 4083 305 4150 ἱκανῶς
324 4079 476 4155 ἑμπείρος.
496 4072 567 4132 lmo
590 4075 603 4132 1
625 4068 717 4133 Esdr.
737 4076 812 4145 Ι1,;11
837 4070 957 4135 eadem
975 4069 1046 4133 fere
1066 4064 1173 4132 vcrlia
1188 4087 1208 4130 a
1226 4086 1307 4150 rege
1327 4071 1507 4129 Artaxerxe

199 4177 321 4243 Esdrae
339 4174 468 4241 nornini
492 4173 701 4240 adiiciuntur
715 4173 821 4240 veluti
841 4175 960 4240 titulus
975 4172 1116 4261 quidam
1137 4171 1241 4237 oflicii
1262 4192 1269 4238 :
1289 4204 1303 4231 0
1331 4177 1378 4250 ut,
1401 4168 1507 4257 quod-

199 4303 335 4371 cunque
360 4280 497 4369 petierit
523 4303 543 4346 a
567 4279 664 4346 vobis
684 4280 805 4346 Esdras
830 4280 1004 4360 sacerdos,
1031 4278 1145 4345 scriba
1168 4278 1289 4360 thorae
1319 4277 1377 4342 Boi
1407 4274 1508 4353 coeli,

199 4389 326 4476 absque
348 4409 443 4451 mora
468 4386 553 4451 detis
581 4415 609 4453 o.
634 4387 770 4453 Videtur
790 4387 909 4452 Esdras
932 4385 1073 4474 speciali
1093 4385 1227 4450 ratione
1258 4383 1299 4448 de
1325 4384 1423 4449 thora
1440 4402 1510 4444 esse

198 4497 285 4562 bene
301 4493 441 4560 meritus
458 4513 465 4559 :
481 4499 581 4558 norat
593 4494 698 4578 igitur
712 4515 793 4558 sanc
807 4495 1007 4568 accuratius
1026 4513 1193 4579 quaenam
1213 4490 1257 4556 ad
1270 4491 1365 4555 illam
1384 4484 1508 4572 scripta

199 4602 418 4693 pertinerent,
446 4621 576 4686 quaeve
600 4621 680 4665 000.
703 4604 741 4664 nt
756 4621 833 4664 cum
852 4622 883 4665 v.
906 4605 947 4662 ’26
970 4620 1029 4663 rex
1049 4596 1166 4663 iubeat
1188 4599 1278 4663 hanc
1301 4596 1436 4660 theram
1455 4591 1511 4657 Ilei

198 4731 305 4799 aeque
322 4730 360 4775 ac
381 4707 517 4773 tlroram
535 4706 626 4792 regis
644 4705 841 4782 observare,
863 4703 1052 4771 censendus
1070 4709 1119 4770 cst
1140 4726 1209 4770 non
1225 4701 1419 4792 approbare
1440 4706 1509 4764 tam
