3366 5346
176 333 234 390 ein
518 343 628 388 onxrxo
650 340 755 386 noxsrs
778 339 914 384 secusne
938 339 945 380 ε
968 338 1162 385 exananiens.

176 479 364 548 conderent
384 490 501 569 pones
527 477 579 543 tui
605 477 639 542 in
670 478 878 564 ilcppptnm,
906 483 938 537 et
962 494 1036 539 ecce
1065 494 1157 538 eiectio
1187 471 1450 561 iiiielt'plicur·it
1481 477 1516 539 le

176 587 341 654 Dominus
360 591 448 651 liniis
468 597 544 650 triers
566 585 654 649 sicut
668 593 761 648 ostro
775 579 861 647 coeli
878 608 908 648 n.
926 580 979 645 ef:
993 583 1074 646 Gen.
1087 584 1205 659 noem
1223 584 1277 647 Ex.
1298 585 1376 662 1‚5;
1406 583 1512 646 Deut.

180 702 269 775 1‚1o.

547 891 554 914 .

268 938 299 998 l.
325 928 495 1018 Speciolis
520 928 684 1017 obliqutio
709 948 837 1009 eorum,
865 925 926 1014 qui
951 925 1102 991 cilinium
1128 924 1273 992 indeed
1298 925 1415 991 exodo

304 1048 546 1126 portentorum
572 1047 670 1101 testes
695 1034 851 1099 eustiterr
876 1031 1078 1116 immediati,
1105 1036 1204 1098 Dent.
1234 1038 1363 1114 11,1-9.

224 1237 308 1321 Arq.
327 1271 369 1281 -
388 1231 505 1298 Priora
520 1234 724 1316 argumenta
744 1233 861 1294 orator
875 1250 913 1293 ex
931 1249 1041 1316 aequo
1057 1227 1217 1294 Hebraeis
1233 1226 1399 1298 omnibus
1421 1250 1513 1317 pro-

180 1347 356 1431 posuerat;
383 1344 535 1404 extrema
559 1336 717 1426 pericope
744 1335 934 1400 orationem
964 1335 1133 1401 convertit
1157 1332 1201 1398 ad
1220 1333 1315 1414 illos,
1339 1333 1403 1422 qui
1427 1356 1512 1401 om-

179 1449 277 1514 nium
292 1445 373 1512 inde
393 1445 437 1511 ab
458 1443 566 1510 exodo
590 1447 828 1530 portentorum
849 1446 951 1507 testes
976 1441 1112 1508 inerant
1132 1439 1274 1521 oculati,
1291 1441 1336 1507 ad
1357 1463 1419 1507 eos
1433 1442 1511 1528 igi-

180 1561 249 1633 tur,
275 1552 336 1641 qui
364 1557 519 1640 tempore
545 1548 743 1615 rebellionis
764 1553 862 1614 Num.
891 1553 930 1613 13
951 1546 1157 1633 vigesimum
1184 1569 1314 1613 annum
1340 1547 1508 1615 nondum

181 1662 378 1745 attigerant,
398 1663 563 1744 erantque
577 1653 719 1743 reliquis
729 1653 801 1720 eius
812 1652 1028 1719 auditoribus
1043 1659 1151 1719 aetate
1165 1652 1414 1743 provectiores;
1430 1676 1508 1721 non

181 1789 263 1833 vero
281 1765 327 1832 ad
346 1786 415 1842 cos,
434 1763 494 1851 qui
512 1761 550 1827 in
568 1763 702 1828 deserto
718 1759 790 1825 nati
807 1766 896 1840 suut,
919 1760 1047 1849 quique
1063 1781 1095 1826 ν.
1113 1766 1133 1824 2
1149 1759 1389 1846 intelliguntur
1404 1760 1510 1827 voci-

181 1874 245 1939 bus
263 1871 332 1960 silii
352 1869 465 1936 uestri.
486 1868 651 1957 Explicat,
670 1866 843 1956 quomodo
859 1865 900 1947 ii,
922 1867 980 1954 qui
1001 1871 1235 1954 portentorum
1253 1872 1352 1934 testes
1369 1868 1509 1934 oculati

181 1977 387 2060 exstiterint,
416 1974 601 2065 specialem
624 1973 774 2040 habeant
804 1971 1052 2058 obligationem
1079 1972 1377 2040 custodiendorum
1404 1995 1509 2040 nian-

181 2085 342 2153 datorum
366 2090 469 2171 atque
489 2080 744 2148 edocendorum
761 2080 803 2146 de
818 2079 885 2145 illis
898 2086 1113 2168 posterorum
1130 2101 1282 2146 suorum.

230 2195 312 2278 Cup.
333 2192 380 2254 XI
396 2212 426 2253 v.
448 2196 462 2253 t
483 2217 498 2246 «
514 2189 602 2252 ilem
621 2185 729 2275 ipinn
746 2185 929 2252 [lominum
950 2189 1057 2251 Deion
1073 2199 1188 2267 lunio,
1201 2198 1233 2251 ct
1248 2189 1387 2252 observa
1396 2208 1508 2276 proe-

184 2309 280 2386 ceptu.
304 2295 374 2359 eins
398 2307 430 2358 et
451 2293 675 2376 ceremonias,
706 2290 839 2358 iudicio
862 2304 966 2380 atqcue
991 2291 1157 2358 nzondota
1177 2292 1272 2358 omni
1296 2306 1448 2382 ternpore
1471 2322 1504 2361 a.

184 2401 296 2469 Hiead
309 2412 451 2479 etoleno,
473 2397 616 2482 indicio,
636 2397 802 2463 oriundum
819 2397 988 2464 accedunt
1002 2412 1138 2471 namon,
1157 2398 1418 2484 observationes,
1435 2423 1507 2467 vox

184 2508 233 2575 uti
259 2512 352 2597 patet
368 2527 578 2594 synonyma,
600 2527 687 2594 quac
701 2527 797 2572 secus
818 2505 854 2570 in
874 2509 968 2572 deut.
989 2527 1057 2571 non
1074 2505 1221 2591 legitur:
1240 2506 1282 2572 cl.
1304 2512 1386 2572 Gen.
1404 2512 1504 2587 2653

89 2653 92 2657 ⁴
184 2621 246 2682 los.
266 2621 363 2695 2233
393 2620 411 2679 3
432 2619 514 2699 Reg.
540 2618 613 2692 233
641 2612 684 2678 de
700 2612 837 2701 speciali
859 2611 1020 2679 mandato
1049 2618 1125 2678 hev.
1148 2618 1240 2696 8,35;
1268 2619 1379 2693 18,30;
1403 2620 1504 2696 2293

182 2728 280 2790 Num.
302 2727 390 2804 1,53;
410 2726 501 2800 3,28;
525 2725 615 2799 9,19.
647 2724 700 2784 23.
728 2719 775 2786 cf.
803 2722 861 2785 Dr.
880 2724 983 2786 Porro
1003 2718 1115 2785 adeas
1129 2719 1218 2784 inter
1232 2740 1309 2786 suos
1324 2717 1507 2786 auditores

181 2834 305 2917 Moyses
320 2848 512 2907 conversus,
531 2824 591 2914 qui
614 2831 770 2915 portenta
796 2825 942 2915 Aegypti
961 2826 1031 2890 suis
1050 2825 1116 2913 ipsi
1132 2824 1238 2892 oculis
1257 2824 1504 2915 adspexerant,

181 2936 330 3001 affirmat
349 2956 406 2999 eos
427 2932 586 2998 debuisse
615 2930 757 3018 quidem
774 2929 905 2996 dudum
926 2953 1140 3019 cognoscere,
1164 2931 1225 2997 illa
1240 2932 1355 2998 omnia
1371 2932 1509 2998 lahven

180 3045 344 3130 patrasse,
376 3045 413 3103 nt
436 3060 491 3103 eos
515 3037 560 3102 ad
579 3057 718 3103 suorum
737 3036 978 3103 mandatorum
1001 3036 1276 3105 observationem
1298 3036 1505 3121 induceret;

182 3146 218 3211 id
240 3166 321 3210 vero
345 3143 469 3232 potiori
495 3143 570 3207 iure
594 3141 721 3207 debere
742 3164 945 3227 cognoscere
969 3142 1081 3228 bodie,
1114 3145 1253 3232 quando
1275 3149 1412 3234 praeter
1426 3145 1509 3232 ipsa

184 3252 286 3317 lahve
311 3249 472 3315 mandata
499 3254 625 3335 Moyses
645 3247 715 3313 illis
741 3253 810 3314 tam
836 3248 1026 3314 luculenter
1052 3250 1234 3339 explicavit
1260 3250 1508 3317 custodiendo-

186 3379 262 3424 rum
280 3356 522 3423 mandatorum
551 3355 689 3421 motiva.
713 3378 743 3420 v.
770 3361 790 3419 2
815 3381 830 3414 «
860 3355 1060 3444 Coqnoscm
1082 3355 1194 3443 hodie,
1225 3379 1313 3446 pirae
1333 3356 1508 3446 ipnoront

181 3464 252 3554 fliz·
264 3462 376 3545 uestri,
393 3463 454 3552 qui
470 3484 539 3528 nou
551 3460 711 3527 uiderunt
724 3459 944 3551 disciplinam
957 3462 1096 3528 Domini
1109 3463 1173 3529 nei
1191 3463 1303 3547 uestri,
1321 3463 1507 3551 mopnoliu

185 3571 257 3637 eins
271 3584 302 3636 et
324 3573 495 3636 rodentem
511 3591 653 3635 niarium
666 3581 909 3657 colerenturque
921 3568 1094 3635 drocdinm
1117 3597 1146 3635 ».
1172 3559 1212 3632 nb
1233 3586 1261 3634 η
1290 3584 1362 3634 :ltin
1386 3584 1506 3638 nervi

186 3692 273 3739 nsua
288 3692 393 3742 eruo
405 3693 445 3739 ·;.
536 3665 655 3739 nens
672 3690 742 3737 mm
757 3690 836 3739 ieie
849 3691 894 3737 nn
905 3690 959 3739 tna
973 3664 1012 3738 nb
1024 3690 1106 3739 arnt
1117 3691 1182 3744 turi
1200 3665 1238 3738 ab
1251 3691 1320 3741 aen
1334 3691 1428 3741 ezir:
1442 3694 1505 3741 ns.

185 3796 218 3840 v.
245 3779 305 3840 2-9
323 3795 391 3838 una
418 3779 467 3837 est
486 3772 653 3838 sententia
680 3772 817 3860 longior
836 3778 870 3838 et
894 3773 1054 3838 nonnihil
1070 3773 1239 3842 intricata.
1257 3773 1320 3841 Ubi
1344 3773 1424 3840 h'cil
1439 3775 1507 3841 ad-

184 3880 284 3947 struit
305 3878 525 3969 parenthesin
543 3885 576 3944 et
600 3879 738 3968 supplet
752 3901 867 3946 vocem
890 3901 995 3947 unam
1016 3901 1023 3948 :
1053 3908 1068 3941 n
1086 3881 1210 3946 Scitote
1230 3881 1338 3968 igiter
1357 3883 1443 3967 (uon
1458 3883 1507 3948 ad

185 3989 272 4054 filies
287 3993 417 4053 vestros
443 3986 577 4073 loquor,
603 3989 663 4073 qui
686 4008 754 4051 non
769 3987 941 4052 sciverunt
954 4008 1064 4075 neque
1080 3987 1254 4076 viderunt)
1272 3986 1507 4054 eruditionem

186 4095 285 4159 lahve
307 4123 336 4158 a.
354 4091 527 4178 lloyscsin
546 4096 617 4155 tota
637 4091 701 4156 hac
716 4093 869 4158 oratione
885 4092 926 4159 ad
944 4116 1058 4159 omnes
1069 4094 1236 4160 Israelitas
1249 4092 1411 4183 loquitur,
1432 4093 1508 4162 imo

184 4197 229 4265 ad
243 4198 329 4263 tilios
348 4221 410 4286 per
423 4205 554 4286 patreS,
577 4218 665 4284 quos
686 4204 801 4263 monet
819 4205 856 4265 ut
879 4200 967 4264 filios
982 4199 1103 4267 eadem
1120 4202 1286 4267 edoceant
1301 4201 1357 4289 (ci.
1378 4222 1409 4266 v.
1431 4203 1504 4288 19).

184 4307 227 4371 ll.
268 4303 394 4369 monto
418 4303 689 4391 (hnsldhrliehes
722 4304 900 4371 Lellrbuch
930 4306 993 4372 der
1017 4307 1243 4373 hebraischen
1268 4306 1438 4397 Sprache,
1467 4315 1505 4375 7.

183 4415 285 4496 Ausg.
305 4409 486 4495 tettingen
507 4416 604 4490 1863,
623 4413 640 4491 ,ξ’
656 4412 748 4499 277⁶)
776 4434 783 4476 :
814 4439 829 4471 n
852 4411 975 4478 Scitote
990 4413 1097 4499 igitur
1114 4414 1197 4501 (non
1212 4415 1299 4480 filios
1320 4418 1450 4479 vestros
1467 4413 1507 4481 in

184 4529 295 4584 niente
318 4515 423 4581 nono
446 4516 526 4603 etc.)
548 4516 775 4583 eruditionem
792 4519 892 4584 lahve
907 4547 938 4584 a.
960 4519 1054 4596 Quod
1069 4521 1139 4586 fere
1152 4520 1243 4585 idem
1260 4525 1357 4588 sonat
1369 4526 1474 4608 atque
1495 4543 1503 4589 :

184 4648 254 4691 non
276 4622 316 4690 de
338 4622 417 4688 filiis
438 4621 556 4688 vestris
577 4621 710 4710 loquor.
733 4624 851 4713 Aptius
871 4641 916 4687 na·
940 4625 1167 4714 interpretare
1186 4627 1380 4716 :praemiet
1399 4627 1506 4694 missa

184 4729 396 4822 parenthesi,
413 4736 507 4797 verte
530 4750 537 4796 :
559 4729 684 4795 Scitote
700 4729 817 4812 hodie,
835 4752 904 4797 non
929 4732 1044 4820 quoad
1066 4732 1154 4800 filios
1178 4739 1323 4815 vestros
1346 4733 1408 4822 qui
1432 4756 1505 4802 non
