<?xml version="1.0" encoding="UTF-8"?>
<!DOCTYPE html PUBLIC "-//W3C//DTD XHTML 1.0 Transitional//EN"
    "http://www.w3.org/TR/xhtml1/DTD/xhtml1-transitional.dtd">
<html xmlns="http://www.w3.org/1999/xhtml" xml:lang="en" lang="en">
 <head>
  <title>
</title>
<meta http-equiv="Content-Type" content="text/html;charset=utf-8" />
  <meta name='ocr-system' content='tesseract 3.04.00' />
  <meta name='ocr-capabilities' content='ocr_page ocr_carea ocr_par ocr_line ocrx_word'/>
</head>
<body>
  <div class='ocr_page' id='page_1' title='image "./commentariusind00hummgoog/commentariusind00hummgoog_0204.png"; bbox 0 0 3366 5346; ppageno 0'>
   <div class='ocr_carea' id='block_1_1' title="bbox 702 291 1497 363">
    <p class='ocr_par' dir='ltr' id='par_1_1' title="bbox 702 291 1497 363">
     <span class='ocr_line' id='line_1_1' title="bbox 702 291 1497 363; baseline 0.003 -14"><span class='ocrx_word' id='word_1_1' title='bbox 702 305 792 350; x_wconf 81' lang='lat' dir='ltr'>neor.</span> <span class='ocrx_word' id='word_1_2' title='bbox 819 291 974 363; x_wconf 84' lang='lat' dir='ltr'>l,19soo.</span> <span class='ocrx_word' id='word_1_3' title='bbox 1440 294 1497 351; x_wconf 70' lang='grc' dir='ltr'>181Ι</span> 
     </span>
    </p>
   </div>
   <div class='ocr_carea' id='block_1_2' title="bbox 181 439 1496 615">
    <p class='ocr_par' dir='ltr' id='par_1_2' title="bbox 181 439 1496 615">
     <span class='ocr_line' id='line_1_2' title="bbox 185 439 1496 530; baseline -0.001 -23"><span class='ocrx_word' id='word_1_4' title='bbox 185 441 256 528; x_wconf 80' lang='lat' dir='ltr'>(Ex.</span> <span class='ocrx_word' id='word_1_5' title='bbox 279 440 406 528; x_wconf 56' lang='lat'>2228),</span> <span class='ocrx_word' id='word_1_6' title='bbox 433 461 552 507; x_wconf 90' lang='lat' dir='ltr'>eorum</span> <span class='ocrx_word' id='word_1_7' title='bbox 574 439 758 507; x_wconf 89' lang='lat' dir='ltr'>sententias</span> <span class='ocrx_word' id='word_1_8' title='bbox 780 446 973 508; x_wconf 78' lang='lat' dir='ltr'>reverenter</span> <span class='ocrx_word' id='word_1_9' title='bbox 988 439 1182 530; x_wconf 79' lang='lat' dir='ltr'>exciperent</span> <span class='ocrx_word' id='word_1_10' title='bbox 1199 445 1231 507; x_wconf 92' lang='lat' dir='ltr'>et</span> <span class='ocrx_word' id='word_1_11' title='bbox 1250 463 1313 529; x_wconf 93' lang='lat' dir='ltr'>pro</span> <span class='ocrx_word' id='word_1_12' title='bbox 1339 441 1420 506; x_wconf 86' lang='lat' dir='ltr'>ratis</span> <span class='ocrx_word' id='word_1_13' title='bbox 1434 443 1496 508; x_wconf 87' lang='lat' dir='ltr'>ha-</span> 
     </span>
     <span class='ocr_line' id='line_1_3' title="bbox 181 542 313 615; baseline 0.008 -2"><span class='ocrx_word' id='word_1_14' title='bbox 181 542 313 615; x_wconf 90' lang='lat' dir='ltr'>berent.</span> 
     </span>
    </p>
   </div>
   <div class='ocr_carea' id='block_1_3' title="bbox 365 775 1313 866">
    <p class='ocr_par' dir='ltr' id='par_1_3' title="bbox 365 775 1313 866">
     <span class='ocr_line' id='line_1_4' title="bbox 365 775 1313 866; baseline 0.002 -23"><span class='ocrx_word' id='word_1_15' title='bbox 365 785 396 845; x_wconf 69' lang='grc'>8.</span> <span class='ocrx_word' id='word_1_16' title='bbox 414 777 588 844; x_wconf 81' lang='lat' dir='ltr'>Adventus</span> <span class='ocrx_word' id='word_1_17' title='bbox 603 777 640 843; x_wconf 90' lang='lat' dir='ltr'>in</span> <span class='ocrx_word' id='word_1_18' title='bbox 656 799 780 866; x_wconf 80' lang='lat' dir='ltr'>aprum</span> <span class='ocrx_word' id='word_1_19' title='bbox 801 775 1022 844; x_wconf 83' lang='lat' dir='ltr'>cadesiannnz</span> <span class='ocrx_word' id='word_1_20' title='bbox 1042 782 1139 844; x_wconf 85' lang='lat' dir='ltr'>Dent.</span> <span class='ocrx_word' id='word_1_21' title='bbox 1161 784 1313 860; x_wconf 80' lang='grc'>1,19-15.</span> 
     </span>
    </p>
   </div>
   <div class='ocr_carea' id='block_1_4' title="bbox 181 972 1500 3617">
    <p class='ocr_par' dir='ltr' id='par_1_4' title="bbox 181 972 1499 2021">
     <span class='ocr_line' id='line_1_5' title="bbox 225 972 1496 1064; baseline 0.001 -23"><span class='ocrx_word' id='word_1_22' title='bbox 225 977 309 1064; x_wconf 80' lang='lat' dir='ltr'>Arp.</span> <span class='ocrx_word' id='word_1_23' title='bbox 336 1013 381 1024; x_wconf 93' lang='lat'>—-·</span> <span class='ocrx_word' id='word_1_24' title='bbox 406 974 544 1041; x_wconf 80' lang='lat' dir='ltr'>Advecti</span> <span class='ocrx_word' id='word_1_25' title='bbox 569 972 612 1040; x_wconf 92' lang='lat' dir='ltr'>ad</span> <span class='ocrx_word' id='word_1_26' title='bbox 639 972 785 1039; x_wconf 89' lang='lat' dir='ltr'>limitem</span> <span class='ocrx_word' id='word_1_27' title='bbox 809 972 994 1040; x_wconf 88' lang='lat' dir='ltr'>australem</span> <span class='ocrx_word' id='word_1_28' title='bbox 1020 979 1131 1039; x_wconf 91' lang='lat' dir='ltr'>terrae</span> <span class='ocrx_word' id='word_1_29' title='bbox 1151 973 1339 1062; x_wconf 79' lang='lat' dir='ltr'>promissae</span> <span class='ocrx_word' id='word_1_30' title='bbox 1366 975 1496 1063; x_wconf 91' lang='lat' dir='ltr'>petiere</span> 
     </span>
     <span class='ocr_line' id='line_1_6' title="bbox 183 1079 1497 1169; baseline -0.002 -20"><span class='ocrx_word' id='word_1_31' title='bbox 183 1081 327 1149; x_wconf 84' lang='lat' dir='ltr'>Hebraei</span> <span class='ocrx_word' id='word_1_32' title='bbox 341 1081 503 1162; x_wconf 89' lang='lat' dir='ltr'>universi,</span> <span class='ocrx_word' id='word_1_33' title='bbox 521 1086 558 1148; x_wconf 91' lang='lat' dir='ltr'>ut</span> <span class='ocrx_word' id='word_1_34' title='bbox 574 1079 875 1169; x_wconf 77' lang='lat' dir='ltr'>praemitterentur</span> <span class='ocrx_word' id='word_1_35' title='bbox 887 1080 1138 1169; x_wconf 60' lang='lat' dir='ltr'>exploratorem</span> <span class='ocrx_word' id='word_1_36' title='bbox 1156 1079 1220 1160; x_wconf 91' lang='lat' dir='ltr'>his,</span> <span class='ocrx_word' id='word_1_37' title='bbox 1238 1102 1316 1147; x_wconf 90' lang='lat' dir='ltr'>eum</span> <span class='ocrx_word' id='word_1_38' title='bbox 1332 1081 1497 1161; x_wconf 85' lang='lat' dir='ltr'>redirent,</span> 
     </span>
     <span class='ocr_line' id='line_1_7' title="bbox 184 1184 1498 1276; baseline 0 -22"><span class='ocrx_word' id='word_1_39' title='bbox 184 1194 309 1256; x_wconf 90' lang='lat' dir='ltr'>terram</span> <span class='ocrx_word' id='word_1_40' title='bbox 324 1186 565 1268; x_wconf 84' lang='lat' dir='ltr'>laudantibus,</span> <span class='ocrx_word' id='word_1_41' title='bbox 586 1186 742 1253; x_wconf 83' lang='lat' dir='ltr'>deiecere</span> <span class='ocrx_word' id='word_1_42' title='bbox 761 1193 878 1252; x_wconf 86' lang='lat' dir='ltr'>tamen</span> <span class='ocrx_word' id='word_1_43' title='bbox 894 1207 977 1276; x_wconf 92' lang='lat' dir='ltr'>prae</span> <span class='ocrx_word' id='word_1_44' title='bbox 992 1184 1116 1253; x_wconf 90' lang='lat' dir='ltr'>timore</span> <span class='ocrx_word' id='word_1_45' title='bbox 1137 1185 1420 1253; x_wconf 82' lang='lat' dir='ltr'>Chananaeorum</span> <span class='ocrx_word' id='word_1_46' title='bbox 1435 1192 1498 1254; x_wconf 87' lang='lat' dir='ltr'>lle-</span> 
     </span>
     <span class='ocr_line' id='line_1_8' title="bbox 184 1292 1498 1382; baseline -0.002 -20"><span class='ocrx_word' id='word_1_47' title='bbox 184 1296 282 1362; x_wconf 85' lang='lat' dir='ltr'>braei</span> <span class='ocrx_word' id='word_1_48' title='bbox 301 1317 322 1360; x_wconf 92' lang='lat' dir='ltr'>a</span> <span class='ocrx_word' id='word_1_49' title='bbox 344 1293 411 1360; x_wconf 82' lang='lat' dir='ltr'>tide</span> <span class='ocrx_word' id='word_1_50' title='bbox 435 1293 470 1359; x_wconf 93' lang='lat' dir='ltr'>iu</span> <span class='ocrx_word' id='word_1_51' title='bbox 492 1292 659 1382; x_wconf 86' lang='lat' dir='ltr'>promissa</span> <span class='ocrx_word' id='word_1_52' title='bbox 681 1292 796 1374; x_wconf 89' lang='lat' dir='ltr'>labve,</span> <span class='ocrx_word' id='word_1_53' title='bbox 819 1314 932 1381; x_wconf 93' lang='lat' dir='ltr'>neque</span> <span class='ocrx_word' id='word_1_54' title='bbox 958 1294 1061 1380; x_wconf 79' lang='lat' dir='ltr'>ttoysi</span> <span class='ocrx_word' id='word_1_55' title='bbox 1085 1293 1209 1359; x_wconf 89' lang='lat' dir='ltr'>iterum</span> <span class='ocrx_word' id='word_1_56' title='bbox 1236 1315 1292 1359; x_wconf 88' lang='lat' dir='ltr'>eos</span> <span class='ocrx_word' id='word_1_57' title='bbox 1307 1292 1498 1360; x_wconf 86' lang='lat' dir='ltr'>cohortanti</span> 
     </span>
     <span class='ocr_line' id='line_1_9' title="bbox 183 1398 1497 1489; baseline 0.001 -23"><span class='ocrx_word' id='word_1_58' title='bbox 183 1399 336 1468; x_wconf 83' lang='lat' dir='ltr'>obsecuti</span> <span class='ocrx_word' id='word_1_59' title='bbox 353 1405 443 1467; x_wconf 88' lang='lat' dir='ltr'>sunt.</span> <span class='ocrx_word' id='word_1_60' title='bbox 465 1404 573 1476; x_wconf 83' lang='lat' dir='ltr'>Quare</span> <span class='ocrx_word' id='word_1_61' title='bbox 591 1398 741 1466; x_wconf 87' lang='lat' dir='ltr'>decrevit</span> <span class='ocrx_word' id='word_1_62' title='bbox 760 1400 875 1479; x_wconf 88' lang='lat' dir='ltr'>lahve,</span> <span class='ocrx_word' id='word_1_63' title='bbox 892 1422 936 1466; x_wconf 86' lang='lat' dir='ltr'>ne</span> <span class='ocrx_word' id='word_1_64' title='bbox 956 1398 1156 1467; x_wconf 92' lang='lat' dir='ltr'>adultorum</span> <span class='ocrx_word' id='word_1_65' title='bbox 1174 1399 1357 1489; x_wconf 91' lang='lat' dir='ltr'>quisquam</span> <span class='ocrx_word' id='word_1_66' title='bbox 1372 1407 1497 1467; x_wconf 89' lang='lat' dir='ltr'>terram</span> 
     </span>
     <span class='ocr_line' id='line_1_10' title="bbox 183 1505 1496 1595; baseline 0.001 -24"><span class='ocrx_word' id='word_1_67' title='bbox 183 1506 384 1595; x_wconf 89' lang='lat' dir='ltr'>promissam</span> <span class='ocrx_word' id='word_1_68' title='bbox 398 1511 626 1586; x_wconf 89' lang='lat' dir='ltr'>contueretur,</span> <span class='ocrx_word' id='word_1_69' title='bbox 644 1505 705 1572; x_wconf 89' lang='lat' dir='ltr'>sed</span> <span class='ocrx_word' id='word_1_70' title='bbox 717 1527 835 1572; x_wconf 90' lang='lat' dir='ltr'>omnes</span> <span class='ocrx_word' id='word_1_71' title='bbox 854 1507 890 1571; x_wconf 90' lang='lat' dir='ltr'>in</span> <span class='ocrx_word' id='word_1_72' title='bbox 903 1505 1039 1573; x_wconf 89' lang='lat' dir='ltr'>deserto</span> <span class='ocrx_word' id='word_1_73' title='bbox 1054 1510 1282 1587; x_wconf 89' lang='lat' dir='ltr'>morerentur,</span> <span class='ocrx_word' id='word_1_74' title='bbox 1302 1505 1365 1573; x_wconf 85' lang='lat' dir='ltr'>filii</span> <span class='ocrx_word' id='word_1_75' title='bbox 1379 1529 1496 1573; x_wconf 90' lang='lat' dir='ltr'>eorum</span> 
     </span>
     <span class='ocr_line' id='line_1_11' title="bbox 184 1611 1498 1703; baseline 0.002 -27"><span class='ocrx_word' id='word_1_76' title='bbox 184 1611 322 1678; x_wconf 88' lang='lat' dir='ltr'>tandem</span> <span class='ocrx_word' id='word_1_77' title='bbox 335 1612 612 1698; x_wconf 83' lang='lat' dir='ltr'>ingrederentur.</span> <span class='ocrx_word' id='word_1_78' title='bbox 628 1616 710 1679; x_wconf 87' lang='lat' dir='ltr'>Cum</span> <span class='ocrx_word' id='word_1_79' title='bbox 725 1634 829 1703; x_wconf 93' lang='lat' dir='ltr'>porro</span> <span class='ocrx_word' id='word_1_80' title='bbox 846 1612 955 1702; x_wconf 82' lang='lat' dir='ltr'>aliqui</span> <span class='ocrx_word' id='word_1_81' title='bbox 968 1633 1044 1680; x_wconf 89' lang='lat' dir='ltr'>sera</span> <span class='ocrx_word' id='word_1_82' title='bbox 1059 1612 1267 1680; x_wconf 91' lang='lat' dir='ltr'>contritione</span> <span class='ocrx_word' id='word_1_83' title='bbox 1282 1613 1350 1678; x_wconf 89' lang='lat' dir='ltr'>acti</span> <span class='ocrx_word' id='word_1_84' title='bbox 1365 1613 1498 1679; x_wconf 86' lang='lat' dir='ltr'>Chana-</span> 
     </span>
     <span class='ocr_line' id='line_1_12' title="bbox 183 1718 1499 1808; baseline 0.001 -24"><span class='ocrx_word' id='word_1_85' title='bbox 183 1740 286 1785; x_wconf 86' lang='lat' dir='ltr'>naeos</span> <span class='ocrx_word' id='word_1_86' title='bbox 300 1718 428 1786; x_wconf 90' lang='lat' dir='ltr'>adoriri</span> <span class='ocrx_word' id='word_1_87' title='bbox 443 1724 677 1808; x_wconf 90' lang='lat' dir='ltr'>proponerent</span> <span class='ocrx_word' id='word_1_88' title='bbox 700 1718 737 1785; x_wconf 92' lang='lat' dir='ltr'>in</span> <span class='ocrx_word' id='word_1_89' title='bbox 755 1741 862 1808; x_wconf 92' lang='lat' dir='ltr'>eoque</span> <span class='ocrx_word' id='word_1_90' title='bbox 883 1718 1040 1802; x_wconf 89' lang='lat' dir='ltr'>consilio,</span> <span class='ocrx_word' id='word_1_91' title='bbox 1069 1719 1171 1786; x_wconf 91' lang='lat' dir='ltr'>lahve</span> <span class='ocrx_word' id='word_1_92' title='bbox 1191 1741 1254 1808; x_wconf 89' lang='lat' dir='ltr'>per</span> <span class='ocrx_word' id='word_1_93' title='bbox 1271 1725 1405 1806; x_wconf 75' lang='lat' dir='ltr'>Moysen</span> <span class='ocrx_word' id='word_1_94' title='bbox 1421 1718 1499 1786; x_wconf 88' lang='lat' dir='ltr'>illos</span> 
     </span>
     <span class='ocr_line' id='line_1_13' title="bbox 181 1825 1497 1916; baseline 0.001 -24"><span class='ocrx_word' id='word_1_95' title='bbox 181 1825 385 1892; x_wconf 83' lang='lat' dir='ltr'>dehortante</span> <span class='ocrx_word' id='word_1_96' title='bbox 405 1825 635 1915; x_wconf 88' lang='lat' dir='ltr'>persisterent,</span> <span class='ocrx_word' id='word_1_97' title='bbox 657 1825 778 1894; x_wconf 88' lang='lat' dir='ltr'>merito</span> <span class='ocrx_word' id='word_1_98' title='bbox 794 1825 875 1893; x_wconf 89' lang='lat' dir='ltr'>victi</span> <span class='ocrx_word' id='word_1_99' title='bbox 892 1831 982 1907; x_wconf 89' lang='lat' dir='ltr'>sunt,</span> <span class='ocrx_word' id='word_1_100' title='bbox 1003 1848 1115 1916; x_wconf 92' lang='lat' dir='ltr'>neque</span> <span class='ocrx_word' id='word_1_101' title='bbox 1133 1825 1235 1893; x_wconf 88' lang='lat' dir='ltr'>lahve</span> <span class='ocrx_word' id='word_1_102' title='bbox 1250 1847 1362 1892; x_wconf 87' lang='lat' dir='ltr'>seram</span> <span class='ocrx_word' id='word_1_103' title='bbox 1377 1847 1497 1894; x_wconf 87' lang='lat' dir='ltr'>eorum</span> 
     </span>
     <span class='ocr_line' id='line_1_14' title="bbox 182 1918 1152 2021; baseline 0.002 -25"><span class='ocrx_word' id='word_1_104' title='bbox 182 1931 431 2020; x_wconf 86' lang='lat' dir='ltr'>poenitentiam</span> <span class='ocrx_word' id='word_1_105' title='bbox 446 1937 556 1999; x_wconf 88' lang='lat' dir='ltr'>ratam</span> <span class='ocrx_word' id='word_1_106' title='bbox 571 1931 703 1998; x_wconf 91' lang='lat' dir='ltr'>babuit.</span> <span class='ocrx_word' id='word_1_107' title='bbox 724 1932 771 2000; x_wconf 80' lang='lat' dir='ltr'>cf.</span> <span class='ocrx_word' id='word_1_108' title='bbox 790 1935 889 1999; x_wconf 90' lang='lat' dir='ltr'>Num.</span> <span class='ocrx_word' id='word_1_109' title='bbox 906 1939 948 2000; x_wconf 85' lang='lat'>13</span> <span class='ocrx_word' id='word_1_110' title='bbox 964 1954 1015 2021; x_wconf 89' lang='lat' dir='ltr'>sq.</span> <span class='ocrx_word' id='word_1_111' title='bbox 1147 1918 1152 1923; x_wconf 40' lang='lat'>¹</span> 
     </span>
    </p>

    <p class='ocr_par' dir='ltr' id='par_1_5' title="bbox 182 2024 1500 3617">
     <span class='ocr_line' id='line_1_15' title="bbox 227 2024 1498 2128; baseline -0.001 -25"><span class='ocrx_word' id='word_1_112' title='bbox 227 2060 261 2103; x_wconf 93' lang='lat' dir='ltr'>v.</span> <span class='ocrx_word' id='word_1_113' title='bbox 285 2043 325 2104; x_wconf 90' lang='grc'>19</span> <span class='ocrx_word' id='word_1_114' title='bbox 350 2036 542 2124; x_wconf 75' lang='lat' dir='ltr'>«Profecti</span> <span class='ocrx_word' id='word_1_115' title='bbox 566 2051 681 2104; x_wconf 69' lang='lat' dir='ltr'>aretem</span> <span class='ocrx_word' id='word_1_116' title='bbox 708 2036 748 2105; x_wconf 88' lang='lat' dir='ltr'>de</span> <span class='ocrx_word' id='word_1_117' title='bbox 768 2040 892 2121; x_wconf 84' lang='lat' dir='ltr'>Horeb,</span> <span class='ocrx_word' id='word_1_118' title='bbox 917 2037 1138 2105; x_wconf 80' lang='lat' dir='ltr'>transivimus</span> <span class='ocrx_word' id='word_1_119' title='bbox 1151 2061 1217 2128; x_wconf 87' lang='lat' dir='ltr'>per</span> <span class='ocrx_word' id='word_1_120' title='bbox 1240 2066 1255 2096; x_wconf 84' lang='lat'>›&gt;</span> <span class='ocrx_word' id='word_1_121' title='bbox 1274 2051 1381 2104; x_wconf 86' lang='lat' dir='ltr'>totam</span> <span class='ocrx_word' id='word_1_122' title='bbox 1400 2024 1498 2106; x_wconf 77' lang='lat' dir='ltr'>illane</span> 
     </span>
     <span class='ocr_line' id='line_1_16' title="bbox 184 2142 1499 2236; baseline 0.002 -29"><span class='ocrx_word' id='word_1_123' title='bbox 184 2170 199 2204; x_wconf 89' lang='lat'>«</span> <span class='ocrx_word' id='word_1_124' title='bbox 222 2164 371 2209; x_wconf 81' lang='lat' dir='ltr'>eremum</span> <span class='ocrx_word' id='word_1_125' title='bbox 386 2142 570 2210; x_wconf 82' lang='lat' dir='ltr'>terribilem</span> <span class='ocrx_word' id='word_1_126' title='bbox 592 2157 624 2210; x_wconf 90' lang='lat' dir='ltr'>et</span> <span class='ocrx_word' id='word_1_127' title='bbox 646 2142 846 2228; x_wconf 78' lang='lat' dir='ltr'>maairnam,</span> <span class='ocrx_word' id='word_1_128' title='bbox 868 2167 975 2236; x_wconf 82' lang='lat' dir='ltr'>quarn</span> <span class='ocrx_word' id='word_1_129' title='bbox 999 2144 1132 2211; x_wconf 86' lang='lat' dir='ltr'>uidistis</span> <span class='ocrx_word' id='word_1_130' title='bbox 1155 2168 1189 2227; x_wconf 78' lang='lat'>»3</span> <span class='ocrx_word' id='word_1_131' title='bbox 1206 2184 1251 2195; x_wconf 94' lang='lat'>—</span> <span class='ocrx_word' id='word_1_132' title='bbox 1266 2145 1375 2211; x_wconf 77' lang='lat' dir='ltr'>veluti</span> <span class='ocrx_word' id='word_1_133' title='bbox 1390 2144 1499 2230; x_wconf 83' lang='lat' dir='ltr'>digito</span> 
     </span>
     <span class='ocr_line' id='line_1_17' title="bbox 182 2248 1498 2340; baseline 0.002 -26"><span class='ocrx_word' id='word_1_134' title='bbox 182 2248 393 2316; x_wconf 88' lang='lat' dir='ltr'>domonstrat</span> <span class='ocrx_word' id='word_1_135' title='bbox 414 2271 568 2316; x_wconf 91' lang='lat' dir='ltr'>eremum</span> <span class='ocrx_word' id='word_1_136' title='bbox 589 2250 702 2331; x_wconf 86' lang='lat' dir='ltr'>illam,</span> <span class='ocrx_word' id='word_1_137' title='bbox 719 2251 763 2318; x_wconf 88' lang='lat' dir='ltr'>ct.</span> <span class='ocrx_word' id='word_1_138' title='bbox 781 2256 862 2332; x_wconf 62' lang='lat'>&amp;15</span> <span class='ocrx_word' id='word_1_139' title='bbox 883 2289 924 2301; x_wconf 93' lang='lat'>-</span> <span class='ocrx_word' id='word_1_140' title='bbox 947 2281 962 2312; x_wconf 89' lang='lat'>«</span> <span class='ocrx_word' id='word_1_141' title='bbox 982 2251 1068 2340; x_wconf 84' lang='lat' dir='ltr'>[per]</span> <span class='ocrx_word' id='word_1_142' title='bbox 1096 2251 1188 2319; x_wconf 88' lang='lat' dir='ltr'>uiam</span> <span class='ocrx_word' id='word_1_143' title='bbox 1210 2252 1337 2318; x_wconf 86' lang='lat' dir='ltr'>montis</span> <span class='ocrx_word' id='word_1_144' title='bbox 1356 2254 1498 2318; x_wconf 83' lang='lat' dir='ltr'>Amorr-</span> 
     </span>
     <span class='ocr_line' id='line_1_18' title="bbox 184 2355 1500 2448; baseline 0 -26"><span class='ocrx_word' id='word_1_145' title='bbox 184 2355 263 2422; x_wconf 80' lang='lat' dir='ltr'>daei</span> <span class='ocrx_word' id='word_1_146' title='bbox 279 2384 314 2437; x_wconf 73' lang='lat' dir='ltr'>a,</span> <span class='ocrx_word' id='word_1_147' title='bbox 338 2356 555 2424; x_wconf 89' lang='lat' dir='ltr'>venientibus</span> <span class='ocrx_word' id='word_1_148' title='bbox 574 2380 593 2423; x_wconf 92' lang='lat' dir='ltr'>e</span> <span class='ocrx_word' id='word_1_149' title='bbox 617 2355 798 2437; x_wconf 88' lang='lat' dir='ltr'>Sinaitide,</span> <span class='ocrx_word' id='word_1_150' title='bbox 820 2385 836 2418; x_wconf 79' lang='lat' dir='ltr'>n</span> <span class='ocrx_word' id='word_1_151' title='bbox 862 2357 952 2423; x_wconf 85' lang='lat' dir='ltr'>sicut</span> <span class='ocrx_word' id='word_1_152' title='bbox 969 2370 1190 2448; x_wconf 82' lang='lat' dir='ltr'>praeceperat</span> <span class='ocrx_word' id='word_1_153' title='bbox 1220 2359 1385 2425; x_wconf 83' lang='lat' dir='ltr'>Dominus</span> <span class='ocrx_word' id='word_1_154' title='bbox 1409 2358 1500 2424; x_wconf 86' lang='lat' dir='ltr'>Deus</span> 
     </span>
     <span class='ocr_line' id='line_1_19' title="bbox 183 2462 1500 2554; baseline 0.001 -26"><span class='ocrx_word' id='word_1_155' title='bbox 183 2476 293 2528; x_wconf 90' lang='lat' dir='ltr'>noster</span> <span class='ocrx_word' id='word_1_156' title='bbox 318 2463 426 2530; x_wconf 83' lang='lat' dir='ltr'>nobis.</span> <span class='ocrx_word' id='word_1_157' title='bbox 460 2466 612 2553; x_wconf 81' lang='lat' dir='ltr'>Cumque</span> <span class='ocrx_word' id='word_1_158' title='bbox 636 2462 841 2531; x_wconf 84' lang='lat' dir='ltr'>venissemus</span> <span class='ocrx_word' id='word_1_159' title='bbox 870 2463 907 2529; x_wconf 89' lang='lat' dir='ltr'>in</span> <span class='ocrx_word' id='word_1_160' title='bbox 930 2463 1038 2532; x_wconf 84' lang='lat' dir='ltr'>Gades</span> <span class='ocrx_word' id='word_1_161' title='bbox 1065 2468 1179 2532; x_wconf 87' lang='lat' dir='ltr'>Borne</span> <span class='ocrx_word' id='word_1_162' title='bbox 1204 2492 1237 2546; x_wconf 77' lang='lat' dir='ltr'>o,</span> <span class='ocrx_word' id='word_1_163' title='bbox 1259 2504 1304 2516; x_wconf 91' lang='lat'>—</span> <span class='ocrx_word' id='word_1_164' title='bbox 1327 2463 1500 2554; x_wconf 85' lang='lat' dir='ltr'>quomodo</span> 
     </span>
     <span class='ocr_line' id='line_1_20' title="bbox 184 2568 1500 2660; baseline 0.002 -26"><span class='ocrx_word' id='word_1_165' title='bbox 184 2570 250 2635; x_wconf 90' lang='lat' dir='ltr'>boc</span> <span class='ocrx_word' id='word_1_166' title='bbox 271 2568 513 2637; x_wconf 92' lang='lat' dir='ltr'>nomenmodo</span> <span class='ocrx_word' id='word_1_167' title='bbox 532 2570 681 2659; x_wconf 88' lang='lat' dir='ltr'>pressius</span> <span class='ocrx_word' id='word_1_168' title='bbox 699 2578 867 2653; x_wconf 88' lang='lat' dir='ltr'>sumatur,</span> <span class='ocrx_word' id='word_1_169' title='bbox 890 2571 993 2636; x_wconf 92' lang='lat' dir='ltr'>modo</span> <span class='ocrx_word' id='word_1_170' title='bbox 1014 2571 1117 2638; x_wconf 88' lang='lat' dir='ltr'>latius</span> <span class='ocrx_word' id='word_1_171' title='bbox 1141 2594 1204 2660; x_wconf 92' lang='lat' dir='ltr'>pro</span> <span class='ocrx_word' id='word_1_172' title='bbox 1226 2571 1368 2638; x_wconf 91' lang='lat' dir='ltr'>desertis</span> <span class='ocrx_word' id='word_1_173' title='bbox 1385 2571 1443 2638; x_wconf 90' lang='lat' dir='ltr'>Sin</span> <span class='ocrx_word' id='word_1_174' title='bbox 1467 2578 1500 2638; x_wconf 88' lang='lat' dir='ltr'>et</span> 
     </span>
     <span class='ocr_line' id='line_1_21' title="bbox 184 2674 1500 2766; baseline 0.002 -27"><span class='ocrx_word' id='word_1_175' title='bbox 184 2675 330 2755; x_wconf 88' lang='lat' dir='ltr'>Pharan,</span> <span class='ocrx_word' id='word_1_176' title='bbox 346 2674 545 2745; x_wconf 87' lang='lat' dir='ltr'>dicebamus</span> <span class='ocrx_word' id='word_1_177' title='bbox 565 2680 624 2742; x_wconf 87' lang='lat' dir='ltr'>CN</span> <span class='ocrx_word' id='word_1_178' title='bbox 648 2700 681 2766; x_wconf 88' lang='lat' dir='ltr'>p.</span> <span class='ocrx_word' id='word_1_179' title='bbox 706 2683 780 2745; x_wconf 80' lang='lat' dir='ltr'>lot.</span> <span class='ocrx_word' id='word_1_180' title='bbox 802 2681 864 2744; x_wconf 81' lang='lat' dir='ltr'>15t</span> <span class='ocrx_word' id='word_1_181' title='bbox 879 2698 946 2766; x_wconf 88' lang='lat' dir='ltr'>sq.;</span> <span class='ocrx_word' id='word_1_182' title='bbox 969 2676 1025 2742; x_wconf 90' lang='lat' dir='ltr'>bic</span> <span class='ocrx_word' id='word_1_183' title='bbox 1039 2677 1086 2766; x_wconf 85' lang='lat' dir='ltr'>(v.</span> <span class='ocrx_word' id='word_1_184' title='bbox 1103 2700 1129 2744; x_wconf 88' lang='lat' dir='ltr'>s.</span> <span class='ocrx_word' id='word_1_185' title='bbox 1147 2700 1182 2765; x_wconf 84' lang='lat' dir='ltr'>p.</span> <span class='ocrx_word' id='word_1_186' title='bbox 1198 2678 1274 2765; x_wconf 84' lang='lat'>178)</span> <span class='ocrx_word' id='word_1_187' title='bbox 1295 2677 1500 2763; x_wconf 82' lang='lat' dir='ltr'>intelligitur</span> 
     </span>
     <span class='ocr_line' id='line_1_22' title="bbox 185 2781 1498 2873; baseline 0.002 -27"><span class='ocrx_word' id='word_1_188' title='bbox 185 2803 227 2847; x_wconf 87' lang='lat' dir='ltr'>ea</span> <span class='ocrx_word' id='word_1_189' title='bbox 246 2802 326 2870; x_wconf 88' lang='lat' dir='ltr'>pars</span> <span class='ocrx_word' id='word_1_190' title='bbox 346 2781 487 2864; x_wconf 88' lang='lat' dir='ltr'>deserti,</span> <span class='ocrx_word' id='word_1_191' title='bbox 513 2805 601 2873; x_wconf 92' lang='lat' dir='ltr'>quae</span> <span class='ocrx_word' id='word_1_192' title='bbox 624 2787 725 2850; x_wconf 87' lang='lat' dir='ltr'>Num.</span> <span class='ocrx_word' id='word_1_193' title='bbox 750 2789 825 2863; x_wconf 86' lang='lat'>13,1</span> <span class='ocrx_word' id='word_1_194' title='bbox 854 2782 1027 2849; x_wconf 91' lang='lat' dir='ltr'>desertum</span> <span class='ocrx_word' id='word_1_195' title='bbox 1050 2783 1185 2850; x_wconf 88' lang='lat' dir='ltr'>Pharan</span> <span class='ocrx_word' id='word_1_196' title='bbox 1213 2784 1374 2850; x_wconf 90' lang='lat' dir='ltr'>audit-</span> <span class='ocrx_word' id='word_1_197' title='bbox 1397 2805 1429 2849; x_wconf 90' lang='lat' dir='ltr'>v.</span> <span class='ocrx_word' id='word_1_198' title='bbox 1456 2789 1498 2848; x_wconf 71' lang='lat'>20</span> 
     </span>
     <span class='ocr_line' id='line_1_23' title="bbox 185 2885 1500 2980; baseline 0.005 -32"><span class='ocrx_word' id='word_1_199' title='bbox 185 2915 201 2948; x_wconf 68' lang='grc' dir='ltr'>(ι</span> <span class='ocrx_word' id='word_1_200' title='bbox 227 2885 305 2953; x_wconf 76' lang='lat' dir='ltr'>dini</span> <span class='ocrx_word' id='word_1_201' title='bbox 326 2888 417 2954; x_wconf 84' lang='lat' dir='ltr'>uobis</span> <span class='ocrx_word' id='word_1_202' title='bbox 432 2911 446 2955; x_wconf 92' lang='lat'>.·</span> <span class='ocrx_word' id='word_1_203' title='bbox 466 2889 609 2976; x_wconf 84' lang='lat' dir='ltr'>Venistis</span> <span class='ocrx_word' id='word_1_204' title='bbox 628 2889 676 2956; x_wconf 90' lang='lat' dir='ltr'>od</span> <span class='ocrx_word' id='word_1_205' title='bbox 694 2901 842 2956; x_wconf 79' lang='lat' dir='ltr'>utentem</span> <span class='ocrx_word' id='word_1_206' title='bbox 860 2888 1078 2975; x_wconf 82' lang='lat' dir='ltr'>Arnorrdaei,</span> <span class='ocrx_word' id='word_1_207' title='bbox 1101 2912 1202 2980; x_wconf 85' lang='lat' dir='ltr'>quern</span> <span class='ocrx_word' id='word_1_208' title='bbox 1222 2889 1388 2955; x_wconf 84' lang='lat' dir='ltr'>Dorninus</span> <span class='ocrx_word' id='word_1_209' title='bbox 1410 2893 1500 2956; x_wconf 86' lang='lat' dir='ltr'>Deus</span> 
     </span>
     <span class='ocr_line' id='line_1_24' title="bbox 183 2992 1499 3085; baseline 0.002 -26"><span class='ocrx_word' id='word_1_210' title='bbox 183 3007 295 3061; x_wconf 86' lang='lat' dir='ltr'>noster</span> <span class='ocrx_word' id='word_1_211' title='bbox 310 2992 456 3061; x_wconf 87' lang='lat' dir='ltr'>daturus</span> <span class='ocrx_word' id='word_1_212' title='bbox 475 3007 523 3062; x_wconf 85' lang='lat' dir='ltr'>est</span> <span class='ocrx_word' id='word_1_213' title='bbox 537 2995 633 3062; x_wconf 83' lang='lat' dir='ltr'>nobis</span> <span class='ocrx_word' id='word_1_214' title='bbox 650 3025 678 3061; x_wconf 76' lang='lat' dir='ltr'>a.</span> <span class='ocrx_word' id='word_1_215' title='bbox 697 2997 732 3064; x_wconf 88' lang='lat' dir='ltr'>si</span> <span class='ocrx_word' id='word_1_216' title='bbox 747 2997 858 3062; x_wconf 90' lang='lat' dir='ltr'>versui</span> <span class='ocrx_word' id='word_1_217' title='bbox 874 3002 912 3062; x_wconf 73' lang='lat'>21</span> <span class='ocrx_word' id='word_1_218' title='bbox 931 2995 1157 3085; x_wconf 87' lang='lat' dir='ltr'>applicaveris</span> <span class='ocrx_word' id='word_1_219' title='bbox 1176 2997 1380 3063; x_wconf 91' lang='lat' dir='ltr'>sententiam</span> <span class='ocrx_word' id='word_1_220' title='bbox 1397 2998 1437 3061; x_wconf 90' lang='lat' dir='ltr'>P.</span> <span class='ocrx_word' id='word_1_221' title='bbox 1457 2997 1499 3062; x_wconf 86' lang='lat' dir='ltr'>de</span> 
     </span>
     <span class='ocr_line' id='line_1_25' title="bbox 184 3099 1498 3195; baseline -0.001 -26"><span class='ocrx_word' id='word_1_222' title='bbox 184 3099 350 3190; x_wconf 78' lang='lat' dir='ltr'>Lapurde,</span> <span class='ocrx_word' id='word_1_223' title='bbox 364 3100 407 3167; x_wconf 89' lang='lat' dir='ltr'>de</span> <span class='ocrx_word' id='word_1_224' title='bbox 418 3124 486 3192; x_wconf 86' lang='lat' dir='ltr'>qua</span> <span class='ocrx_word' id='word_1_225' title='bbox 497 3125 534 3191; x_wconf 82' lang='lat' dir='ltr'>p.</span> <span class='ocrx_word' id='word_1_226' title='bbox 548 3109 611 3168; x_wconf 88' lang='lat'>110</span> <span class='ocrx_word' id='word_1_227' title='bbox 622 3101 833 3185; x_wconf 88' lang='lat' dir='ltr'>dicebamus,</span> <span class='ocrx_word' id='word_1_228' title='bbox 846 3100 1101 3192; x_wconf 92' lang='lat' dir='ltr'>verborumque</span> <span class='ocrx_word' id='word_1_229' title='bbox 1113 3102 1371 3192; x_wconf 86' lang='lat' dir='ltr'>punctationem</span> <span class='ocrx_word' id='word_1_230' title='bbox 1388 3101 1498 3195; x_wconf 82' lang='lat' dir='ltr'>eidem</span> 
     </span>
     <span class='ocr_line' id='line_1_26' title="bbox 183 3207 1498 3298; baseline 0.001 -24"><span class='ocrx_word' id='word_1_231' title='bbox 183 3207 463 3290; x_wconf 63' lang='lat' dir='ltr'>conformaveris</span> <span class='ocrx_word' id='word_1_232' title='bbox 479 3208 667 3298; x_wconf 89' lang='lat' dir='ltr'>disparebit</span> <span class='ocrx_word' id='word_1_233' title='bbox 679 3208 878 3275; x_wconf 81' lang='lat' dir='ltr'>suffixorum</span> <span class='ocrx_word' id='word_1_234' title='bbox 896 3208 978 3297; x_wconf 62' lang='lat' dir='ltr'>(q—</span> <span class='ocrx_word' id='word_1_235' title='bbox 994 3209 1048 3298; x_wconf 67' lang='lat' dir='ltr'>nn)</span> <span class='ocrx_word' id='word_1_236' title='bbox 1064 3214 1096 3276; x_wconf 94' lang='lat' dir='ltr'>et</span> <span class='ocrx_word' id='word_1_237' title='bbox 1110 3230 1332 3278; x_wconf 91' lang='lat' dir='ltr'>numerorum</span> <span class='ocrx_word' id='word_1_238' title='bbox 1349 3231 1380 3276; x_wconf 95' lang='lat' dir='ltr'>v.</span> <span class='ocrx_word' id='word_1_239' title='bbox 1396 3214 1498 3276; x_wconf 72' lang='lat' dir='ltr'>etr-22</span> 
     </span>
     <span class='ocr_line' id='line_1_27' title="bbox 184 3312 1498 3406; baseline 0.002 -26"><span class='ocrx_word' id='word_1_240' title='bbox 184 3312 410 3397; x_wconf 88' lang='lat' dir='ltr'>dissonantia;</span> <span class='ocrx_word' id='word_1_241' title='bbox 430 3315 474 3382; x_wconf 82' lang='lat' dir='ltr'>cl.</span> <span class='ocrx_word' id='word_1_242' title='bbox 492 3316 582 3381; x_wconf 87' lang='lat' dir='ltr'>LXX</span> <span class='ocrx_word' id='word_1_243' title='bbox 594 3316 673 3405; x_wconf 77' lang='lat' dir='ltr'>Syr.</span> <span class='ocrx_word' id='word_1_244' title='bbox 691 3338 723 3382; x_wconf 91' lang='lat' dir='ltr'>v.</span> <span class='ocrx_word' id='word_1_245' title='bbox 745 3323 787 3382; x_wconf 76' lang='lat'>21</span> <span class='ocrx_word' id='word_1_246' title='bbox 806 3343 822 3376; x_wconf 91' lang='lat'>«</span> <span class='ocrx_word' id='word_1_247' title='bbox 849 3313 931 3382; x_wconf 85' lang='lat' dir='ltr'>Vide</span> <span class='ocrx_word' id='word_1_248' title='bbox 947 3329 1087 3402; x_wconf 84' lang='lat' dir='ltr'>terram,</span> <span class='ocrx_word' id='word_1_249' title='bbox 1106 3339 1210 3406; x_wconf 82' lang='lat' dir='ltr'>quarn</span> <span class='ocrx_word' id='word_1_250' title='bbox 1227 3317 1393 3382; x_wconf 78' lang='lat' dir='ltr'>Dominus</span> <span class='ocrx_word' id='word_1_251' title='bbox 1409 3320 1498 3382; x_wconf 85' lang='lat' dir='ltr'>Deus</span> 
     </span>
     <span class='ocr_line' id='line_1_28' title="bbox 183 3420 1500 3511; baseline 0.002 -25"><span class='ocrx_word' id='word_1_252' title='bbox 183 3434 262 3487; x_wconf 87' lang='lat' dir='ltr'>tuus</span> <span class='ocrx_word' id='word_1_253' title='bbox 277 3420 337 3487; x_wconf 87' lang='lat' dir='ltr'>dat</span> <span class='ocrx_word' id='word_1_254' title='bbox 352 3421 428 3506; x_wconf 85' lang='lat' dir='ltr'>tibi,</span> <span class='ocrx_word' id='word_1_255' title='bbox 446 3421 589 3489; x_wconf 81' lang='lat' dir='ltr'>ascende</span> <span class='ocrx_word' id='word_1_256' title='bbox 604 3433 637 3488; x_wconf 83' lang='lat' dir='ltr'>et</span> <span class='ocrx_word' id='word_1_257' title='bbox 651 3421 786 3511; x_wconf 86' lang='lat' dir='ltr'>posside</span> <span class='ocrx_word' id='word_1_258' title='bbox 801 3444 888 3499; x_wconf 86' lang='lat' dir='ltr'>eaor,</span> <span class='ocrx_word' id='word_1_259' title='bbox 906 3421 995 3488; x_wconf 89' lang='lat' dir='ltr'>sicut</span> <span class='ocrx_word' id='word_1_260' title='bbox 1014 3422 1147 3488; x_wconf 82' lang='lat' dir='ltr'>locutus</span> <span class='ocrx_word' id='word_1_261' title='bbox 1163 3434 1209 3488; x_wconf 87' lang='lat' dir='ltr'>est</span> <span class='ocrx_word' id='word_1_262' title='bbox 1224 3422 1390 3487; x_wconf 81' lang='lat' dir='ltr'>Darnirnts</span> <span class='ocrx_word' id='word_1_263' title='bbox 1411 3426 1500 3488; x_wconf 75' lang='lat' dir='ltr'>Deris</span> 
     </span>
     <span class='ocr_line' id='line_1_29' title="bbox 184 3526 1499 3617; baseline 0.005 -28"><span class='ocrx_word' id='word_1_264' title='bbox 184 3540 296 3593; x_wconf 84' lang='lat' dir='ltr'>noster</span> <span class='ocrx_word' id='word_1_265' title='bbox 314 3557 329 3588; x_wconf 85' lang='lat'>»</span> <span class='ocrx_word' id='word_1_266' title='bbox 347 3566 391 3577; x_wconf 89' lang='lat'><em>-</em></span> <span class='ocrx_word' id='word_1_267' title='bbox 405 3530 507 3596; x_wconf 84' lang='lat' dir='ltr'>Hebr.</span> <span class='ocrx_word' id='word_1_268' title='bbox 524 3540 661 3595; x_wconf 76' lang='grc'>11111·-</span> <span class='ocrx_word' id='word_1_269' title='bbox 681 3557 696 3588; x_wconf 76' lang='lat' dir='ltr'>a</span> <span class='ocrx_word' id='word_1_270' title='bbox 714 3528 868 3617; x_wconf 88' lang='lat' dir='ltr'>patribus</span> <span class='ocrx_word' id='word_1_271' title='bbox 891 3530 958 3594; x_wconf 86' lang='lat' dir='ltr'>tuis</span> <span class='ocrx_word' id='word_1_272' title='bbox 978 3550 991 3594; x_wconf 89' lang='lat'><em>:</em></span> <span class='ocrx_word' id='word_1_273' title='bbox 1014 3529 1088 3594; x_wconf 86' lang='lat' dir='ltr'>noli</span> <span class='ocrx_word' id='word_1_274' title='bbox 1100 3528 1219 3595; x_wconf 85' lang='lat' dir='ltr'>timere</span> <span class='ocrx_word' id='word_1_275' title='bbox 1233 3551 1292 3593; x_wconf 87' lang='lat' dir='ltr'>nee</span> <span class='ocrx_word' id='word_1_276' title='bbox 1311 3526 1499 3617; x_wconf 80' lang='lat' dir='ltr'>quidquam</span> 
     </span>
    </p>
   </div>
   <div class='ocr_carea' id='block_1_5' title="bbox 182 3634 1609 3729">
    <p class='ocr_par' dir='ltr' id='par_1_6' title="bbox 182 3634 1609 3729">
     <span class='ocr_line' id='line_1_30' title="bbox 182 3634 1609 3729; baseline 0.004 -32"><span class='ocrx_word' id='word_1_277' title='bbox 182 3654 307 3720; x_wconf 84' lang='lat' dir='ltr'>pareas</span> <span class='ocrx_word' id='word_1_278' title='bbox 321 3661 349 3699; x_wconf 80' lang='lat' dir='ltr'>o.</span> <span class='ocrx_word' id='word_1_279' title='bbox 365 3634 487 3701; x_wconf 82' lang='lat' dir='ltr'>Facilis</span> <span class='ocrx_word' id='word_1_280' title='bbox 501 3635 639 3702; x_wconf 89' lang='lat' dir='ltr'>iuvante</span> <span class='ocrx_word' id='word_1_281' title='bbox 655 3637 756 3702; x_wconf 89' lang='lat' dir='ltr'>labve</span> <span class='ocrx_word' id='word_1_282' title='bbox 772 3657 824 3701; x_wconf 92' lang='lat' dir='ltr'>res</span> <span class='ocrx_word' id='word_1_283' title='bbox 842 3657 849 3700; x_wconf 94' lang='lat'><strong>:</strong></span> <span class='ocrx_word' id='word_1_284' title='bbox 866 3634 933 3700; x_wconf 90' lang='lat' dir='ltr'>alio</span> <span class='ocrx_word' id='word_1_285' title='bbox 948 3641 1081 3701; x_wconf 88' lang='lat' dir='ltr'>nonest</span> <span class='ocrx_word' id='word_1_286' title='bbox 1096 3657 1193 3723; x_wconf 78' lang='lat' dir='ltr'>opuS,</span> <span class='ocrx_word' id='word_1_287' title='bbox 1211 3634 1277 3702; x_wconf 90' lang='lat' dir='ltr'>nisi</span> <span class='ocrx_word' id='word_1_288' title='bbox 1292 3643 1329 3701; x_wconf 91' lang='lat' dir='ltr'>ut</span> <span class='ocrx_word' id='word_1_289' title='bbox 1347 3634 1498 3719; x_wconf 89' lang='lat' dir='ltr'>videant,</span> <span class='ocrx_word' id='word_1_290' title='bbox 1603 3718 1609 3729; x_wconf 31' lang='grc' dir='ltr'><em>Ι</em></span> 
     </span>
    </p>
   </div>
   <div class='ocr_carea' id='block_1_6' title="bbox 181 3738 1500 4792">
    <p class='ocr_par' dir='ltr' id='par_1_7' title="bbox 181 3738 1500 4256">
     <span class='ocr_line' id='line_1_31' title="bbox 184 3738 1498 3830; baseline 0.004 -26"><span class='ocrx_word' id='word_1_291' title='bbox 184 3738 384 3820; x_wconf 86' lang='lat' dir='ltr'>ascendant,</span> <span class='ocrx_word' id='word_1_292' title='bbox 409 3741 623 3830; x_wconf 87' lang='lat' dir='ltr'>possideant;</span> <span class='ocrx_word' id='word_1_293' title='bbox 654 3747 746 3808; x_wconf 87' lang='lat' dir='ltr'>certa</span> <span class='ocrx_word' id='word_1_294' title='bbox 773 3764 829 3808; x_wconf 93' lang='lat' dir='ltr'>eos</span> <span class='ocrx_word' id='word_1_295' title='bbox 858 3749 975 3808; x_wconf 90' lang='lat' dir='ltr'>manet</span> <span class='ocrx_word' id='word_1_296' title='bbox 997 3741 1150 3810; x_wconf 86' lang='lat' dir='ltr'>victoria.</span> <span class='ocrx_word' id='word_1_297' title='bbox 1181 3741 1291 3808; x_wconf 87' lang='lat' dir='ltr'>Verba</span> <span class='ocrx_word' id='word_1_298' title='bbox 1315 3765 1347 3808; x_wconf 93' lang='lat' dir='ltr'>v.</span> <span class='ocrx_word' id='word_1_299' title='bbox 1377 3748 1419 3808; x_wconf 75' lang='lat'>20</span> <span class='ocrx_word' id='word_1_300' title='bbox 1448 3764 1498 3830; x_wconf 90' lang='lat' dir='ltr'>sq.</span> 
     </span>
     <span class='ocr_line' id='line_1_32' title="bbox 185 3845 1500 3937; baseline 0.002 -26"><span class='ocrx_word' id='word_1_301' title='bbox 185 3845 300 3933; x_wconf 91' lang='lat' dir='ltr'>quoad</span> <span class='ocrx_word' id='word_1_302' title='bbox 321 3845 545 3915; x_wconf 87' lang='lat' dir='ltr'>substantiam</span> <span class='ocrx_word' id='word_1_303' title='bbox 565 3854 751 3916; x_wconf 87' lang='lat' dir='ltr'>consonant</span> <span class='ocrx_word' id='word_1_304' title='bbox 771 3848 884 3914; x_wconf 88' lang='lat' dir='ltr'>verbis</span> <span class='ocrx_word' id='word_1_305' title='bbox 907 3872 940 3915; x_wconf 89' lang='lat' dir='ltr'>v.</span> <span class='ocrx_word' id='word_1_306' title='bbox 960 3854 980 3912; x_wconf 79' lang='grc'>’1</span> <span class='ocrx_word' id='word_1_307' title='bbox 1005 3870 1056 3937; x_wconf 86' lang='lat' dir='ltr'>sq.</span> <span class='ocrx_word' id='word_1_308' title='bbox 1080 3868 1088 3915; x_wconf 74' lang='grc' dir='ltr'><strong><em>ε</em></strong></span> <span class='ocrx_word' id='word_1_309' title='bbox 1111 3849 1212 3915; x_wconf 90' lang='lat' dir='ltr'>lahve</span> <span class='ocrx_word' id='word_1_310' title='bbox 1228 3856 1262 3915; x_wconf 90' lang='lat' dir='ltr'>et</span> <span class='ocrx_word' id='word_1_311' title='bbox 1282 3853 1406 3936; x_wconf 81' lang='lat' dir='ltr'>Moyses</span> <span class='ocrx_word' id='word_1_312' title='bbox 1429 3871 1500 3914; x_wconf 92' lang='lat' dir='ltr'>nou</span> 
     </span>
     <span class='ocr_line' id='line_1_33' title="bbox 183 3952 1499 4044; baseline 0.003 -27"><span class='ocrx_word' id='word_1_313' title='bbox 183 3952 289 4018; x_wconf 90' lang='lat' dir='ltr'>semel</span> <span class='ocrx_word' id='word_1_314' title='bbox 304 3957 437 4020; x_wconf 86' lang='lat' dir='ltr'>tanturn</span> <span class='ocrx_word' id='word_1_315' title='bbox 451 3975 612 4022; x_wconf 90' lang='lat' dir='ltr'>monuere</span> <span class='ocrx_word' id='word_1_316' title='bbox 624 3956 794 4022; x_wconf 86' lang='lat' dir='ltr'>Hebraeos</span> <span class='ocrx_word' id='word_1_317' title='bbox 804 3977 929 4043; x_wconf 88' lang='lat' dir='ltr'>eosque</span> <span class='ocrx_word' id='word_1_318' title='bbox 945 3953 990 4021; x_wconf 86' lang='lat' dir='ltr'>ad</span> <span class='ocrx_word' id='word_1_319' title='bbox 1005 3954 1166 4023; x_wconf 89' lang='lat' dir='ltr'>fiduciam</span> <span class='ocrx_word' id='word_1_320' title='bbox 1181 3977 1422 4044; x_wconf 86' lang='lat' dir='ltr'>provocavere,</span> <span class='ocrx_word' id='word_1_321' title='bbox 1438 3959 1499 4021; x_wconf 87' lang='lat' dir='ltr'>lle-</span> 
     </span>
     <span class='ocr_line' id='line_1_34' title="bbox 184 4058 1497 4152; baseline 0.005 -28"><span class='ocrx_word' id='word_1_322' title='bbox 184 4058 278 4125; x_wconf 88' lang='lat' dir='ltr'>braei</span> <span class='ocrx_word' id='word_1_323' title='bbox 301 4082 372 4126; x_wconf 92' lang='lat' dir='ltr'>non</span> <span class='ocrx_word' id='word_1_324' title='bbox 391 4066 532 4151; x_wconf 89' lang='lat' dir='ltr'>potuere</span> <span class='ocrx_word' id='word_1_325' title='bbox 551 4062 767 4151; x_wconf 90' lang='lat' dir='ltr'>postmodum</span> <span class='ocrx_word' id='word_1_326' title='bbox 792 4062 1016 4150; x_wconf 85' lang='lat' dir='ltr'>praetendere</span> <span class='ocrx_word' id='word_1_327' title='bbox 1037 4063 1279 4152; x_wconf 91' lang='lat' dir='ltr'>promissiones</span> <span class='ocrx_word' id='word_1_328' title='bbox 1304 4083 1372 4128; x_wconf 89' lang='lat' dir='ltr'>non</span> <span class='ocrx_word' id='word_1_329' title='bbox 1395 4062 1497 4130; x_wconf 89' lang='lat' dir='ltr'>fuisse</span> 
     </span>
     <span class='ocr_line' id='line_1_35' title="bbox 181 4166 465 4256; baseline 0.011 -24"><span class='ocrx_word' id='word_1_330' title='bbox 181 4166 262 4233; x_wconf 87' lang='lat' dir='ltr'>satis</span> <span class='ocrx_word' id='word_1_331' title='bbox 277 4166 465 4256; x_wconf 76' lang='lat' dir='ltr'>explicitas,</span> 
     </span>
    </p>

    <p class='ocr_par' dir='ltr' id='par_1_8' title="bbox 183 4276 1496 4792">
     <span class='ocr_line' id='line_1_36' title="bbox 227 4276 1496 4367; baseline 0.002 -29"><span class='ocrx_word' id='word_1_332' title='bbox 227 4296 259 4340; x_wconf 89' lang='lat' dir='ltr'>v.</span> <span class='ocrx_word' id='word_1_333' title='bbox 285 4280 328 4340; x_wconf 74' lang='lat'>22</span> <span class='ocrx_word' id='word_1_334' title='bbox 346 4302 362 4334; x_wconf 93' lang='lat'>«</span> <span class='ocrx_word' id='word_1_335' title='bbox 380 4277 424 4340; x_wconf 83' lang='lat' dir='ltr'>Et</span> <span class='ocrx_word' id='word_1_336' title='bbox 446 4277 629 4343; x_wconf 75' lang='lat' dir='ltr'>accessistis</span> <span class='ocrx_word' id='word_1_337' title='bbox 648 4277 695 4342; x_wconf 90' lang='lat' dir='ltr'>ad</span> <span class='ocrx_word' id='word_1_338' title='bbox 713 4299 765 4343; x_wconf 81' lang='lat' dir='ltr'>otc</span> <span class='ocrx_word' id='word_1_339' title='bbox 785 4299 899 4343; x_wconf 88' lang='lat' dir='ltr'>omnes</span> <span class='ocrx_word' id='word_1_340' title='bbox 913 4290 1016 4367; x_wconf 84' lang='lat' dir='ltr'>atque</span> <span class='ocrx_word' id='word_1_341' title='bbox 1031 4277 1169 4343; x_wconf 75' lang='lat' dir='ltr'>dicistis</span> <span class='ocrx_word' id='word_1_342' title='bbox 1185 4297 1196 4342; x_wconf 91' lang='grc'>.·</span> <span class='ocrx_word' id='word_1_343' title='bbox 1212 4276 1393 4344; x_wconf 77' lang='lat' dir='ltr'>Mittantur</span> <span class='ocrx_word' id='word_1_344' title='bbox 1408 4276 1496 4342; x_wconf 83' lang='lat' dir='ltr'>uiros</span> 
     </span>
     <span class='ocr_line' id='line_1_37' title="bbox 183 4379 1496 4473; baseline 0.002 -28"><span class='ocrx_word' id='word_1_345' title='bbox 183 4379 245 4468; x_wconf 82' lang='lat' dir='ltr'>qni</span> <span class='ocrx_word' id='word_1_346' title='bbox 259 4380 472 4447; x_wconf 84' lang='lat' dir='ltr'>considerent</span> <span class='ocrx_word' id='word_1_347' title='bbox 483 4395 606 4449; x_wconf 82' lang='lat' dir='ltr'>terrant</span> <span class='ocrx_word' id='word_1_348' title='bbox 621 4396 653 4450; x_wconf 89' lang='lat' dir='ltr'>et</span> <span class='ocrx_word' id='word_1_349' title='bbox 666 4383 872 4462; x_wconf 85' lang='lat' dir='ltr'>renuntient,</span> <span class='ocrx_word' id='word_1_350' title='bbox 884 4406 946 4472; x_wconf 87' lang='lat' dir='ltr'>per</span> <span class='ocrx_word' id='word_1_351' title='bbox 962 4384 1056 4473; x_wconf 84' lang='lat' dir='ltr'>quod</span> <span class='ocrx_word' id='word_1_352' title='bbox 1070 4385 1134 4449; x_wconf 87' lang='lat' dir='ltr'>iter</span> <span class='ocrx_word' id='word_1_353' title='bbox 1151 4382 1358 4471; x_wconf 73' lang='lat' dir='ltr'>[debeamus]</span> <span class='ocrx_word' id='word_1_354' title='bbox 1378 4406 1496 4450; x_wconf 88' lang='lat' dir='ltr'>ascen-</span> 
     </span>
     <span class='ocr_line' id='line_1_38' title="bbox 183 4484 1494 4579; baseline 0.002 -30"><span class='ocrx_word' id='word_1_355' title='bbox 183 4484 262 4552; x_wconf 88' lang='lat' dir='ltr'>dere</span> <span class='ocrx_word' id='word_1_356' title='bbox 281 4499 312 4552; x_wconf 93' lang='lat' dir='ltr'>et</span> <span class='ocrx_word' id='word_1_357' title='bbox 333 4489 381 4554; x_wconf 87' lang='lat' dir='ltr'>ad</span> <span class='ocrx_word' id='word_1_358' title='bbox 397 4511 483 4577; x_wconf 78' lang='lat' dir='ltr'>quas</span> <span class='ocrx_word' id='word_1_359' title='bbox 500 4512 645 4579; x_wconf 81' lang='lat' dir='ltr'>perpere</span> <span class='ocrx_word' id='word_1_360' title='bbox 670 4490 825 4555; x_wconf 84' lang='lat' dir='ltr'>ciuitates</span> <span class='ocrx_word' id='word_1_361' title='bbox 848 4518 876 4554; x_wconf 76' lang='lat' dir='ltr'>o.</span> <span class='ocrx_word' id='word_1_362' title='bbox 899 4494 989 4556; x_wconf 85' lang='lat' dir='ltr'>Intra</span> <span class='ocrx_word' id='word_1_363' title='bbox 1008 4489 1136 4557; x_wconf 88' lang='lat' dir='ltr'>limites</span> <span class='ocrx_word' id='word_1_364' title='bbox 1154 4496 1266 4557; x_wconf 89' lang='lat' dir='ltr'>terrae</span> <span class='ocrx_word' id='word_1_365' title='bbox 1285 4496 1422 4556; x_wconf 88' lang='lat' dir='ltr'>sanctae</span> <span class='ocrx_word' id='word_1_366' title='bbox 1437 4490 1494 4552; x_wconf 90' lang='lat' dir='ltr'>dc-</span> 
     </span>
     <span class='ocr_line' id='line_1_39' title="bbox 184 4592 1492 4686; baseline 0 -30"><span class='ocrx_word' id='word_1_367' title='bbox 184 4592 315 4659; x_wconf 85' lang='lat' dir='ltr'>teetura</span> <span class='ocrx_word' id='word_1_368' title='bbox 336 4601 407 4661; x_wconf 87' lang='lat' dir='ltr'>erat</span> <span class='ocrx_word' id='word_1_369' title='bbox 430 4595 590 4663; x_wconf 88' lang='lat' dir='ltr'>columna</span> <span class='ocrx_word' id='word_1_370' title='bbox 613 4596 717 4663; x_wconf 91' lang='lat' dir='ltr'>nubis</span> <span class='ocrx_word' id='word_1_371' title='bbox 738 4600 772 4661; x_wconf 93' lang='lat' dir='ltr'>et</span> <span class='ocrx_word' id='word_1_372' title='bbox 792 4596 881 4682; x_wconf 89' lang='lat' dir='ltr'>ignis</span> <span class='ocrx_word' id='word_1_373' title='bbox 902 4597 1069 4663; x_wconf 86' lang='lat' dir='ltr'>lsraelitas</span> <span class='ocrx_word' id='word_1_374' title='bbox 1093 4598 1313 4686; x_wconf 89' lang='lat' dir='ltr'>praecedens.</span> <span class='ocrx_word' id='word_1_375' title='bbox 1337 4599 1492 4659; x_wconf 79' lang='lat' dir='ltr'>Ceterum</span> 
     </span>
     <span class='ocr_line' id='line_1_40' title="bbox 184 4697 1494 4792; baseline 0.001 -29"><span class='ocrx_word' id='word_1_376' title='bbox 184 4698 305 4765; x_wconf 89' lang='lat' dir='ltr'>eadem</span> <span class='ocrx_word' id='word_1_377' title='bbox 335 4703 550 4791; x_wconf 83' lang='lat' dir='ltr'>exprimebat</span> <span class='ocrx_word' id='word_1_378' title='bbox 578 4709 704 4791; x_wconf 72' lang='lat' dir='ltr'>Moyses</span> <span class='ocrx_word' id='word_1_379' title='bbox 729 4708 827 4770; x_wconf 83' lang='lat' dir='ltr'>Num.</span> <span class='ocrx_word' id='word_1_380' title='bbox 854 4709 954 4783; x_wconf 81' lang='lat'><strong>13‚18</strong></span> <span class='ocrx_word' id='word_1_381' title='bbox 986 4725 1060 4792; x_wconf 89' lang='lat' dir='ltr'>sqq.</span> <span class='ocrx_word' id='word_1_382' title='bbox 1090 4701 1244 4781; x_wconf 91' lang='lat' dir='ltr'>monitis,</span> <span class='ocrx_word' id='word_1_383' title='bbox 1273 4722 1361 4789; x_wconf 69' lang='lat' dir='ltr'>spirae</span> <span class='ocrx_word' id='word_1_384' title='bbox 1390 4697 1494 4764; x_wconf 85' lang='lat' dir='ltr'>dabat</span> 
     </span>
    </p>
   </div>
   <div class='ocr_carea' id='block_1_7' title="bbox 0 0 1690 5346">
    <p class='ocr_par' dir='ltr' id='par_1_9' title="bbox 0 0 1690 5346">
     <span class='ocr_line' id='line_1_41' title="bbox 0 0 1690 5346; baseline 0 0"><span class='ocrx_word' id='word_1_385' title='bbox 0 0 1690 5346; x_wconf 95' lang='lat' dir='ltr'> </span> 
     </span>
    </p>
   </div>
  </div>
 </body>
</html>
