3366 5346
258 279 316 336 iot
568 291 679 337 enarro
701 292 806 338 norsrs
829 295 965 341 suenum
982 296 989 339 :
1006 295 1256 342 narcnrcrrouns.
1312 354 1314 359 Ι

302 452 335 496 v.
356 434 398 496 28
419 458 434 490 o
456 426 631 496 Pereutiut
653 439 684 492 te
706 427 873 496 Dominus
893 431 1046 497 umentia
1065 443 1098 497 et
1113 431 1274 498 caecitate
1290 452 1330 497 ae
1347 431 1467 520 [errore
1485 454 1585 498 uren·

259 536 303 603 tis
325 564 355 603 ».
384 549 477 628 patto
498 557 568 602 non
588 539 638 600 est
652 535 817 622 ornentur,
841 559 919 604 cum
941 538 1022 604 lehu
1042 543 1061 606 t
1081 541 1164 625 Reg.
1189 543 1268 620 930
1283 537 1339 603 vix
1356 537 1452 605 credi
1470 538 1584 628 possit

257 643 430 710 incessisse
446 643 554 709 instar
572 639 729 724 amentis,
747 642 806 708 sed
821 649 873 710 est
885 648 1080 733 παραπλήξια
1100 643 1232 732 (LXX),
1249 644 1274 711 i.
1293 666 1323 711 e.
1340 644 1501 735 partialis
1517 668 1583 736 pa·

260 750 390 837 ralysis‚
407 751 486 839 Syr.
504 763 644 828 nutans,
661 754 686 819 i.
703 774 734 818 e.
752 747 945 816 debilitatio
961 749 1064 817 unius
1078 750 1185 841 partis
1200 751 1365 840 corporis.
1386 764 1489 843 trano
1504 774 1581 819 non

259 865 308 924 est
327 859 441 946 furor,
465 857 524 924 sed
547 871 665 951 stupor
687 881 695 927 :
715 856 822 925 habet
841 880 873 924 v.
898 863 941 925 28
968 877 1026 924 eas
1046 861 1183 923 tautum
1203 855 1433 940 infirmitates,
1448 858 1581 948 quibus

259 962 460 1030 debilitatur
479 964 582 1031 homo
609 971 643 1033 et
667 970 863 1044 enervatur,
885 984 956 1029 non
979 961 1105 1053 quibus
1124 962 1281 1030 irritatur
1302 967 1336 1030 et
1358 964 1401 1030 ad
1422 966 1581 1032 furorem

259 1075 476 1162 provocatur.
498 1075 584 1138 Sunt
606 1078 721 1139 autem
740 1070 894 1152 omnino,
914 1068 1108 1136 sicut'illae
1126 1092 1160 1136 v.
1186 1076 1242 1153 27,
1266 1069 1483 1139 infirmitates
1501 1095 1582 1139 cor-

258 1177 361 1268 poris,
379 1198 450 1244 non
465 1178 601 1245 animae
618 1177 782 1269 (Berua).
806 1180 956 1252 Quarum
977 1175 1134 1243 effectum
1156 1174 1321 1254 describit
1338 1199 1372 1246 v.
1395 1184 1438 1246 29
1468 1198 1476 1246 :
1504 1206 1520 1239 «
1545 1191 1581 1244 et

256 1282 377 1374 palpes
396 1283 434 1350 in
462 1283 616 1369 meridie,
638 1284 726 1351 sicut
743 1281 890 1374 palpare
909 1281 995 1348 solet
1014 1304 1133 1349 coecus
1154 1282 1193 1349 in
1215 1283 1359 1349 tenebris
1375 1271 1410 1352 x».
1431 1288 1506 1351 Non
1528 1291 1582 1351 est

259 1412 436 1458 caecorum
456 1391 635 1481 proprium
658 1390 803 1481 palpare
826 1389 863 1455 ira
887 1388 1046 1473 tenebris,
1068 1389 1162 1478 qnod
1183 1388 1266 1456 item
1282 1390 1413 1457 faciunt
1431 1391 1491 1480 qui
1503 1413 1581 1458 non

258 1503 337 1562 sunt
356 1496 448 1564 caeci
470 1518 478 1563 :
496 1519 579 1584 ergo
595 1485 680 1565 uina
704 1501 832 1564 statuas
845 1494 936 1562 idem
953 1517 1026 1563 esse
1050 1501 1153 1585 atque
1166 1483 1254 1569 tius,
1272 1495 1310 1563 iu
1329 1497 1475 1564 tenebris
1489 1497 1579 1581 suis,

260 1604 369 1670 caecis
386 1604 503 1670 omnia
524 1610 602 1672 sunt
628 1603 806 1670 tenebrae.
828 1600 1070 1669 additortasse
1092 1606 1204 1691 potest
1228 1602 1332 1670 etiam
1355 1603 1432 1672 hoc.
1455 1607 1583 1671 Caeco·

259 1731 337 1775 rum
361 1709 476 1799 plures
497 1732 569 1776 non
590 1719 668 1777 sunt
686 1710 843 1776 absolute
866 1707 971 1790 caeci,
990 1707 1051 1775 sed
1071 1707 1108 1774 in
1131 1707 1275 1776 meridie
1294 1709 1428 1800 aliquid
1440 1709 1579 1793 vident,

258 1815 417 1883 homines
437 1816 654 1884 ambulantes
675 1818 762 1883 siout
786 1812 926 1890 arbores
947 1815 1060 1904 (Marc.
1078 1818 1186 1902 Μὴ),
1203 1821 1307 1905 atque
1324 1815 1403 1884 ideo
1418 1822 1582 1906 tempore

259 1921 451 1989 meridiano
470 1922 657 1991 securiores
677 1921 843 1990 incedunt
862 1943 870 1990 :
888 1921 984 2010 atqui
999 1908 1145 1989 Hebraei
1159 1927 1262 1990 erunt
1279 1923 1380 2012 plane
1399 1922 1505 2004 caeci,
1526 1922 1584 1988 ni-

259 2028 310 2095 hil
327 2030 468 2096 omnino
483 2029 637 2097 videntes
656 2029 712 2096 vel
732 2026 925 2096 meridiano
943 2033 1107 2119 tempore.
1140 2045 1156 2089 u
1182 2032 1228 2096 Et
1253 2051 1323 2096 non
1346 2027 1479 2119 diriqus
1503 2029 1584 2095 cias

260 2148 336 2202 tuas
359 2165 389 2217 »‚
416 2137 452 2202 in
475 2135 576 2204 devia
599 2136 732 2204 feraris.
762 2163 790 2197 «-
804 2134 976 2223 Omnique
997 2122 1145 2224 tempore
1163 2135 1373 2202 calumniam
1393 2136 1580 2222 sustineas,

260 2254 291 2308 et
307 2241 514 2331 opprimaris
531 2242 730 2332 [or'olentr'ul,
749 2263 811 2307 nec
825 2240 949 2307 habeus
966 2241 1028 2326 qui
1043 2240 1161 2308 liberet
1174 2254 1206 2307 te
1228 2269 1258 2308 a.
1280 2242 1419 2310 Planius
1439 2244 1545 2308 Hebe.
1570 2265 1580 2311 ε

260 2360 293 2414 et
319 2347 385 2414 eris
406 2347 633 2430 solummodo,
651 2370 735 2436 ergo
758 2348 913 2424 omnino,
935 2368 1081 2436 semper,
1105 2352 1197 2415 totus
1215 2354 1375 2437 quantus,
1398 2371 1585 2440 oppressus

260 2467 293 2520 et
316 2453 471 2544 direptus
495 2453 653 2520 omuibus
675 2453 806 2520 diebus.
831 2457 982 2520 Fortasse
1002 2454 1129 2521 horum
1148 2453 1274 2520 similia
1289 2454 1500 2545 quandoque
1521 2479 1586 2546 pa-

259 2560 436 2628 tiebantur
455 2561 558 2642 caeci,
588 2582 695 2651 quare
717 2583 774 2628 eos
804 2558 957 2647 benigne
982 2560 1178 2628 tractandos
1191 2583 1270 2650 esse
1292 2568 1433 2628 monent
1456 2569 1581 2646 27‚18;

261 2672 468 2748 Lev.19,1t.

304 2774 512 2842 Describitur
524 2773 593 2841 iam
609 2773 757 2864 direptio
772 2772 833 2840 illa
848 2778 881 2840 et
895 2772 1084 2862 oppressio.
1100 2795 1133 2840 v.
1150 2778 1192 2840 30
1210 2801 1225 2834 ι(
1246 2775 1389 2840 Uxorem
1409 2775 1582 2865 nectimus,

260 2893 294 2950 et
316 2881 407 2947 nlius
421 2879 570 2946 domtiut
585 2903 663 2947 eum
684 2903 725 2946 ea
750 2908 779 2947 a.
800 2879 879 2945 Vooi
898 2868 961 2944 'tiu
978 2877 1051 2944 lteri
1074 2899 1211 2968 semper
1231 2879 1476 2969 euphemistice
1494 2882 1584 2949 sub·

260 2987 368 3052 stituit
386 3001 463 3050 aaut.
484 3014 499 3046 a
517 2991 663 3052 Dornum
679 2984 851 3073 aedifices,
869 2998 985 3054 etrum
1003 2983 1132 3051 habites
1148 2985 1185 3052 in
1200 3008 1252 3052 ea.
1269 2986 1410 3053 Plautes
1423 2988 1582 3071 vineam,

206 3136 208 3139 v
260 3103 293 3158 et
307 3114 376 3158 uon
389 3091 577 3157 vindemies
591 3114 667 3158 eum
688 3120 716 3158 a.
742 3091 851 3158 t'erba
871 3091 1030 3158 alludunt
1049 3091 1093 3157 ad
1112 3091 1411 3175 consuetudinem,
1426 3093 1484 3161 cui
1503 3096 1583 3162 col-

261 3199 451 3266 lectaneum
477 3199 628 3286 (θοῷ-ἠ
653 3197 747 3286 tlat)
780 3197 850 3264 vim
872 3199 961 3285 legis
990 3196 1158 3280 attribuit,
1187 3205 1226 3265 ut
1252 3221 1371 3266 recens
1394 3201 1584 3269 matrimo-

260 3304 357 3372 nium
372 3310 437 3371 etc.
452 3303 609 3392 ingressi,
626 3302 784 3371 amilitia
799 3303 1013 3394 aliquamdiu
1032 3302 1224 3372 eximantur
1243 3323 1251 3372 :
1267 3327 1308 3373 cx
1322 3306 1490 3374 allusione
1505 3331 1584 3377 non

141 3400 147 3411 ⁴
260 3413 426 3501 sequitur,
444 3434 528 3478 aevo
543 3412 663 3500 Moysis
682 3433 739 3478 eas
754 3410 849 3498 leges
867 3410 937 3478 iam
951 3408 1094 3500 scriptas
1115 3410 1293 3481 exstitisse.
1308 3412 1438 3480 allusio
1463 3421 1516 3482 est
1533 3416 1584 3484 ad

261 3541 346 3602 rem,
376 3541 449 3585 non
471 3518 516 3585 ad
539 3518 717 3607 scriptum.
747 3541 781 3584 v.
808 3525 849 3585 31
878 3546 894 3580 u
921 3520 986 3584 Ros
1009 3529 1087 3583 tuus
1113 3515 1309 3585 immoletur
1331 3542 1447 3586 corum
1470 3534 1517 3604 te,
1546 3536 1583 3589 et

261 3648 330 3691 raon
354 3624 509 3691 comedas
531 3647 573 3691 eor
592 3647 641 3691 eo.
660 3624 787 3690 Asinus
812 3636 891 3691 tuus
912 3624 1074 3714 rapiatur
1095 3623 1133 3690 ia
1151 3637 1331 3715 conspeetu
1353 3639 1424 3711 tuo,
1451 3640 1484 3694 et
1507 3652 1582 3696 nort

261 3729 425 3797 reddatur
443 3730 515 3798 tibi.
548 3733 631 3798 Ooes
646 3742 725 3798 tuae
740 3730 864 3798 derum
882 3729 1033 3798 inimicis
1057 3730 1138 3816 tuis,
1157 3744 1190 3798 et
1207 3754 1276 3798 nou
1295 3733 1338 3799 sit
1350 3733 1413 3822 qui
1430 3745 1462 3801 te
1476 3733 1582 3802 odiu-

261 3851 315 3905 oet
332 3866 362 3906 a,
379 3861 411 3905 v.
427 3843 468 3903 32
490 3836 603 3903 «Filii
624 3836 677 3903 tui
691 3850 724 3904 et
738 3837 835 3927 filine
848 3850 926 3904 tuae
941 3835 1127 3903 trudantur
1146 3836 1247 3904 alteri
1266 3839 1396 3928 populo
1417 3868 1448 3922 a,
1466 3841 1582 3931 capti-

262 3968 324 4012 vae
348 3943 574 4026 abducantur,
605 3948 638 4010 te
668 3949 868 4010 remanente
894 3949 928 4011 et
954 3965 1173 4033 nequaquam
1198 3944 1244 4011 ad
1272 3946 1378 4014 alium
1405 3946 1581 4036 populum

261 4056 503 4140 transportato,
522 4079 536 4111 «
554 4049 748 4117 uidentibus
770 4039 876 4117 oculis
900 4049 968 4117 tuis
988 4061 1020 4116 et
1039 4049 1274 4139 deficientibus
1292 4052 1340 4118 ad
1358 4066 1582 4143 conspectum

263 4179 380 4222 eorum
397 4171 466 4223 totu
491 4157 546 4224 die
571 4183 601 4242 a,
627 4194 671 4205 -
690 4159 790 4225 Hebr.
817 4156 1018 4247 simpliciter
1040 4156 1088 4223 ud
1106 4179 1173 4242 eos,
1195 4180 1240 4226 sc.
1267 4157 1425 4226 absentes
1449 4159 1578 4250 (Vnt.);

262 4262 432 4328 incassum
447 4264 613 4352 prospicit
628 4271 724 4354 pater
738 4263 832 4330 domi
847 4263 987 4331 relictus
1010 4263 1200 4330 liberorum
1223 4288 1241 4332 e
1266 4265 1463 4356 captivitate
1485 4267 1582 4334 redi-

264 4375 337 4436 tum
360 4408 404 4418 —
426 4397 440 4426 o
469 4380 501 4433 et
523 4370 657 4436 nonsit
677 4369 847 4457 fortitudo
872 4371 908 4437 iu
930 4393 1035 4437 retortu
1060 4383 1122 4437 tun
1144 4398 1161 4432 a
1181 4370 1224 4436 ad
1247 4370 1326 4438 illos
1345 4371 1578 4441 reducendos

264 4499 296 4543 v.
326 4482 367 4542 33
391 4504 406 4535 u
430 4477 575 4541 Fructus
591 4489 700 4542 terrae
722 4490 799 4544 tuae
816 4490 848 4544 et
866 4501 981 4543 omrus
1003 4477 1134 4544 labores
1148 4489 1221 4543 tuos
1236 4477 1392 4544 coaretor
1407 4479 1577 4569 populus,

264 4606 365 4675 quem
385 4582 543 4673 iquorem
565 4595 597 4648 et
611 4581 657 4648 sis
671 4604 802 4672 semper
821 4584 1033 4651 eulrrmnium
1048 4584 1220 4651 sustineus
1235 4597 1268 4650 et
1285 4607 1459 4676 oppressus
1474 4609 1581 4655 cunc-

266 4692 308 4756 tis
324 4690 440 4758 diebus
458 4719 492 4771 a,
511 4688 692 4757 -eadem
713 4689 783 4756 lere
804 4695 907 4779 atque
923 4713 953 4756 v.
975 4691 1032 4756 29¹³
1053 4691 1217 4758 verba-
1235 4714 1268 4757 v.
1293 4697 1334 4758 3⁷4
1353 4720 1368 4754 a
1388 4705 1420 4759 et
1437 4705 1582 4784 stupens
