3366 5346
650 313 877 364 restauramus
897 315 1054 360 sturmis.

498 553 549 613 11.
576 549 646 612 Lcr
670 545 711 612 de
730 546 907 637 prophetis
930 550 1027 612 Deut.
1057 552 1209 625 tas-22.

239 773 323 859 Arp.
350 769 568 836 -Primum
598 792 630 835 6.
657 775 736 835 9-11
769 768 1019 858 superstitionis
1048 767 1195 834 ministri
1225 768 1511 858 proscribuntur;

148 958 156 972 .
195 878 276 943 dein
290 900 322 943 6.
347 883 386 943 13
408 899 484 965 sqq.
510 878 660 962 genuina
683 883 716 942 et
738 877 889 965 perlecta
916 874 1366 964 prophetiademonstratur
1382 876 1512 966 populo

192 984 304 1049 iamin
319 988 434 1049 monte
451 982 560 1048 Horeb
575 988 818 1071 permanenter
832 983 1010 1070 promissa.
1031 985 1144 1048 Poena
1162 980 1327 1048 indicitur
1341 1005 1374 1048 v.
1403 990 1443 1048 19
1457 1005 1509 1071 sq.

191 1090 227 1156 in
243 1112 334 1170 cum,
357 1091 416 1179 qui
432 1090 637 1178 prophetam
661 1111 731 1154 non
751 1088 911 1168 audierit,
929 1094 962 1154 et
983 1086 1020 1154 in
1036 1087 1254 1177 prophetam,
1272 1088 1332 1177 qui
1348 1111 1411 1154 suo
1427 1089 1511 1155 cha-

191 1196 330 1262 rismate
354 1197 480 1261 abusus
503 1194 617 1262 fuerit.
640 1218 673 1260 6.
696 1201 735 1260 al
752 1217 803 1283 sq.
824 1193 973 1260 traditur
987 1193 1163 1260 criterium
1179 1192 1224 1260 ad
1240 1193 1510 1260 discernendum

192 1325 311 1368 verum
325 1307 359 1368 et
380 1301 505 1367 falsum
526 1300 746 1390 prophetam.

235 1414 326 1475 llanc
340 1410 449 1495 legem
465 1407 580 1496 Moysi
599 1407 782 1473 tribuimus
796 1407 941 1474 auctori.
958 1412 988 1472 ls
1001 1413 1091 1473 certe
1110 1405 1295 1473 verborum
1312 1428 1344 1472 v.
1363 1414 1403 1475 15
1420 1407 1508 1474 sicat

189 1538 242 1581 ure
263 1515 319 1603 (cf.
346 1538 377 1582 v.
406 1515 459 1601 18)
485 1513 607 1580 obvius
629 1519 679 1579 est
700 1535 833 1594 sensus,
851 1536 870 1579 6
891 1535 960 1603 quo
976 1512 1161 1580 recedendi
1172 1512 1270 1579 nulla
1288 1535 1428 1602 prorsus
1443 1537 1508 1603 ap·

190 1628 289 1710 paret
308 1623 408 1687 ratio.
429 1625 506 1686 Erat
525 1619 730 1706 gravissima
750 1621 851 1701 ratio,
869 1642 936 1686 cur
961 1625 1086 1707 Moyses
1106 1626 1295 1686 extremum
1323 1621 1387 1687 bac
1404 1622 1450 1688 de
1470 1643 1520 1704 re¹

189 1728 233 1793 ad
259 1728 426 1816 populum
452 1726 567 1792 ederet
587 1724 773 1814 eloquium.
796 1731 916 1793 Fuerat
938 1726 1009 1815 ipse
1030 1747 1175 1811 magnus
1199 1727 1368 1815 propheta
1389 1749 1397 1793 ε
1420 1726 1507 1792 edo-

188 1833 289 1900 cendi
311 1838 426 1912 erant,
444 1855 605 1923 seneque
625 1832 661 1898 in
684 1839 859 1921 posterum
880 1833 1047 1899 carituros
1064 1833 1139 1898 lore
1154 1833 1340 1922 prophetis.
1355 1836 1506 1920 Septua-

188 1940 285 2025 ginta
312 1940 570 2029 prophetarum,
603 1961 688 2027 quos
719 1945 843 2026 Moyses
869 1945 968 2005 Num.
997 1946 1034 2004 11
1066 1939 1275 2027 importunis
1297 1938 1460 2027 precibus
1485 1962 1504 2004 a

187 2048 287 2113 lalrre
306 2046 411 2113 veluti
426 2051 622 2125 exterserat,
642 2045 713 2111 sine
729 2045 835 2111 dubio
851 2046 958 2134 aliqui
972 2045 1009 2111 in
1025 2067 1151 2131 magna
1167 2045 1314 2112 Cadesae
1330 2046 1500 2134 apostasia

187 2154 232 2219 ab
247 2152 409 2240 obsequio
433 2152 551 2239 Moysis
574 2156 608 2217 et
627 2154 738 2218 latare*
752 2152 949 2219 deiecerant
967 2175 974 2221 :
993 2151 1157 2218 monendi
1171 2157 1268 2218 eraut
1288 2151 1446 2231 Hebraei,
1464 2158 1503 2219 ut

186 2257 252 2323 sibi
271 2258 485 2346 apropbetis
504 2259 638 2323 discolis
657 2264 827 2325 caverent.
853 2257 1063 2324 Retrabendi
1086 2264 1185 2325 erant
1198 2258 1242 2324 ab
1263 2258 1358 2324 omni
1373 2280 1501 2344 genere

186 2363 446 2451 superstitionis,
477 2364 584 2429 Habet
608 2370 785 2452 praeterea
806 2386 836 2430 v.
860 2370 962 2431 15-18
978 2365 1213 2430 authenticam
1232 2364 1501 2430 declarationem

187 2470 295 2535 divini
312 2471 357 2536 ad
380 2476 512 2557 Moysen
534 2469 664 2560 eloquii
683 2475 778 2537 [1661.
797 2477 876 2553 5,Ξὸ
892 2492 944 2559 sq.
963 2470 1020 2560 (cl.
1039 2476 1095 2537 Mx.
1113 2472 1243 2559 2020),
1262 2470 1358 2537 cuius
1372 2470 1402 2537 is
1411 2471 1502 2537 altir-

187 2582 299 2642 matur
313 2577 413 2643 luisse
429 2599 562 2656 semm,
579 2584 617 2645 ut
641 2582 846 2667 perpetuum
869 2577 1109 2666 propheticum
1127 2578 1321 2643 institutum
1340 2576 1500 2644 Hebraeis

181 2683 455 2772 promitteretur.
475 2688 578 2760 Quem
598 2682 727 2772 eloquii
742 2683 787 2749 ad
799 2707 834 2749 se
851 2683 933 2750 facti
947 2706 1082 2750 sensum
1102 2683 1292 2750 credendus
1307 2688 1356 2750 cst
1372 2689 1500 2771 Moyses

183 2789 285 2879 plene
301 2791 510 2879 perspexisse
525 2813 533 2858 :
553 2789 843 2878 quomodoipsum
858 2789 996 2855 latuerit
1009 2789 1058 2871 id,
1074 2789 1168 2879 quod
1183 2788 1237 2855 vel
1248 2789 1385 2857 Balaam
1396 2795 1496 2856 Num.

185 2904 239 2975 13,
262 2903 303 2960 13
324 2896 588 2984 praenoscebat?
611 2901 665 2961 Est
686 2895 793 2981 igitur
813 2896 872 2961 illa
896 2895 1093 2962 authentica
1115 2896 1302 2962 declaratio
1324 2894 1417 2963 aliud
1443 2919 1499 2961 ar·

185 3008 387 3087 gementum
419 3002 506 3086 legis
534 3006 629 3066 lteut.
665 3006 817 3083 sse-rr,
851 3004 943 3068 certe
969 3001 1083 3091 quoad
1122 3002 1364 3082 substantiam,
1394 3002 1497 3089 Moysi

185 3107 316 3174 auctori
330 3106 580 3173 attribuendae.

230 3237 261 3280 v.
279 3220 298 3278 9
322 3241 336 3271 a
367 3211 511 3293 erenclo
531 3212 699 3300 inpressas
715 3213 826 3300 fueris
844 3225 981 3292 terrum,
996 3237 1101 3303 piram
1123 3216 1289 3281 Dorm‘nus
1307 3217 1396 3280 Deus
1418 3225 1498 3280 treus

184 3319 278 3387 deren
298 3319 372 3400 riti,
396 3342 474 3386 cuce
493 3343 536 3386 66
555 3319 686 3385 imitari
703 3319 806 3408 [velis]
826 3319 1098 3387 oboririnationes
1118 3321 1257 3387 illarum
1282 3321 1441 3410 gentium
1462 3350 1492 3384 ».

143 3450 153 3465 ¹
184 3427 286 3494 Hebr.
315 3449 322 3495 t
345 3451 413 3493 666
432 3426 540 3493 disces
562 3427 677 3515 secere
692 3425 878 3493 scoriadam
896 3440 957 3494 616.
976 3429 1106 3493 Etenim
1123 3433 1214 3494 artes
1235 3427 1316 3494 illae
1333 3429 1496 3517 supersti-

183 3535 286 3601 tiosae
302 3533 787 3623 666666611166666166666616
803 3534 966 3619 magistro
981 3533 1097 3622 aliquo
1113 3534 1385 3624 praestigialem.
1401 3542 1434 3599 v'.
1456 3542 1495 3600 10

186 3668 201 3700 «
222 3644 291 3706 Nec
308 3641 502 3705 invenietur
517 3641 553 3706 in
571 3654 614 3721 16,
634 3640 695 3730 qui
708 3640 849 3729 [lustret]
860 3641 974 3728 filium
985 3663 1086 3706 suarm
1100 3653 1160 3707 661
1169 3640 1283 3730 filiam
1299 3640 1424 3707 diceens
1433 3663 1496 3729 per

183 3746 384 3835 1966666661
402 3747 463 3836 qui
474 3747 602 3812 ariolos
617 3747 819 3827 sciscitetur,
832 3760 864 3812 ct
880 3749 1026 3813 observet
1050 3747 1185 3812 soarrciu
1205 3758 1308 3836 etque
1328 3746 1491 3836 6696616,

181 3876 240 3921 ace
257 3853 302 3919 sit
323 3853 496 3944 rrrrrleficus
513 3882 546 3936 6,
565 3877 597 3920 6.
616 3861 653 3920 11
674 3882 690 3915 «
712 3877 772 3920 666
787 3853 995 3934 1666616166,
1009 3877 1069 3920 666
1085 3854 1147 3942 qui
1153 3853 1322 3944 pythones
1338 3853 1495 3920 corrsulat

180 3984 241 4028 666
264 3961 487 4041 (1161666661
508 3973 651 4048 pererret
671 3984 693 4026 6
714 3960 860 4026 rrrortuis
875 3961 1051 4026 acritatem
1075 3988 1104 4027 ».
1125 3964 1250 4048 Moyses
1265 3961 1337 4026 vult
1354 3964 1492 4026 omnem

180 4067 430 4154 superstitionis
454 4069 612 4148 formam,
645 4089 848 4155 quocunque
879 4066 1017 4132 nominc
1048 4089 1089 4132 ca
1118 4065 1245 4148 veniat,
1278 4066 1494 4154 proscribere

178 4194 383 4260 euntemque
408 4173 659 4260 superstitionis
678 4174 928 4239 excusationem
953 4173 1193 4263 praescindere
1223 4192 1229 4238 :
1253 4172 1332 4238 idco
1352 4171 1421 4238 iam
1439 4194 1494 4238 co-

178 4277 305 4366 piosius
331 4279 496 4367 loquitur,
519 4302 708 4366 synonyma
728 4282 895 4366 congerit.
918 4286 962 4346 Ne
982 4280 1091 4365 igitur
1114 4278 1259 4360 mireriS,
1281 4279 1309 4344 si
1326 4301 1357 4344 v.
1378 4285 1417 4343 lo
1438 4300 1490 4366 sq.

177 4406 230 4450 res
250 4407 317 4451 666
339 4384 391 4450 661
407 4387 476 4452 1666
494 4386 614 4453 eadem
631 4386 763 4454 duabus
780 4386 832 4452 vel
847 4386 1006 4475 pluribus
1026 4385 1301 4474 expressionibus
1320 4383 1494 4472 exprima-

175 4497 242 4558 tur.
261 4497 398 4575 Eorum,
416 4515 504 4581 quae
520 4494 722 4574 6116666166,
736 4493 852 4582 aliqua
875 4498 954 4559 sunt
969 4516 987 4558 c
1001 4498 1124 4560 natura
1141 4515 1200 4558 sua
1216 4491 1319 4571 mala,
1334 4491 1383 4556 uti
1399 4513 1492 4556 com-

175 4600 300 4667 burere
320 4600 464 4682 liberos3
489 4601 557 4666 alia
576 4601 734 4689 primitus
755 4606 898 4689 potuere
920 4599 1162 4688 superstitione
1189 4619 1317 4677 carere,
1337 4596 1431 4686 quod
1450 4597 1492 4663 de

177 4722 242 4800 nep
261 4707 578 4775 demonstrabamus
599 4711 648 4774 CN
671 4730 705 4797 p.
731 4714 806 4788 2683
831 4708 951 4775 merito
967 4714 1081 4773 lamen
1096 4706 1144 4772 ita
1165 4727 1281 4772 severe
1301 4703 1491 4793 reproban-
