3366 5346
179 269 238 328 toa
631 280 861 349 comperturos
884 281 1044 328 ssuoams.

157 418 271 486 caluo
299 420 366 482 Deo
390 427 459 498 tuo,
483 438 553 482 riou
574 414 732 482 tardabis
759 415 912 500 reddere,
937 415 1020 505 quio
1045 414 1193 505 requiret
1214 408 1306 482 illud
1327 410 1502 479 Dominus

179 529 267 592 Deus
283 536 361 590 tuus
380 535 423 610 et,
442 523 483 605 [si
497 510 650 591 moratus
660 522 795 612 suerisl,
811 523 1027 613 reputabitur
1042 521 1105 588 tili
1114 522 1151 588 iu
1167 533 1349 612 peccatum
1364 548 1395 585 ».
1415 521 1500 586 Cum

182 637 278 714 1211
301 637 380 698 vata
395 630 527 697 maiora
545 630 732 717 iubeantur
746 631 874 698 deferri
888 629 932 697 ad
950 630 1180 698 sanctuarium
1195 627 1395 707 maximnm,
1414 648 1501 713 ergo

179 738 238 804 illc
257 738 327 804 fere
347 738 412 804 erit
431 759 509 803 reus
528 759 659 823 morae,
681 737 741 826 qui
767 758 835 802 non
856 735 1022 804 detulerit
1042 735 1196 826 proxima
1214 734 1500 824 peregrinatione

180 844 222 910 ad
238 843 484 911 sanctuarium.
502 866 534 909 v.
548 850 591 911 22
607 846 674 933 (23)
694 871 709 905 «
724 843 766 912 Si
780 843 936 911 uolueris
946 843 1108 934 polliceri
1119 871 1149 931 r,
1163 864 1224 910 seu
1238 841 1353 908 verius
1366 863 1497 923 vovere,

183 979 198 1012 «
219 953 346 1039 absque
364 963 504 1040 peccato
521 951 586 1017 eris
604 978 634 1018 r.
650 975 682 1018 v.
699 958 740 1018 23
758 951 828 1040 (tt)
846 978 862 1013 «
880 951 981 1032 Quod
993 962 1106 1017 aretem
1122 946 1245 1039 [semel]
1261 970 1438 1037 opressum
1452 960 1504 1014 est

179 1056 221 1123 de
236 1056 336 1123 lobiis
357 1057 437 1141 tuis,
459 1058 648 1124 observabis
675 1070 709 1124 et
726 1057 850 1148 socies,
871 1057 961 1124 sicut
977 1055 1173 1147 promisisti
1186 1054 1332 1122 Domino
1345 1057 1423 1124 Deo
1440 1065 1499 1120 tuo

180 1165 235 1252 let]
246 1164 390 1254 proprio
401 1164 575 1231 voluntate
589 1165 645 1252 [et]
661 1187 717 1230 ore
731 1178 790 1231 too
804 1162 937 1231 loeutus
948 1188 982 1230 es
1000 1193 1029 1230 a.
1041 1179 1118 1227 unt:
1133 1168 1183 1230 est
1197 1161 1325 1229 donum
1342 1160 1500 1228 volunta-

180 1271 270 1337 rium
292 1271 366 1337 sine
383 1271 521 1364 praevia
534 1270 762 1360 promissione
782 1293 841 1340 seu
857 1276 935 1338 voto
951 1275 1018 1339 Deo
1034 1269 1201 1350 oblatum,
1223 1270 1260 1335 in
1282 1267 1500 1359 oppositione

182 1380 252 1467 (Ex.
271 1384 389 1459 35,29;
407 1383 486 1445 Lev.
505 1379 620 1467 2223)
636 1377 681 1445 ad
699 1385 814 1445 votum
837 1401 844 1446 :
862 1376 904 1444 de
920 1400 961 1444 eo
978 1384 1092 1445 autem
1107 1399 1139 1443 v.
1163 1381 1263 1442 21-23
1279 1397 1348 1442 non
1366 1375 1498 1462 agitur,

179 1484 240 1551 scd
261 1484 392 1550 desolo
411 1492 507 1565 voto;
532 1487 608 1552 etsi
630 1486 705 1573 quis
728 1484 815 1552 dicit
830 1507 886 1551 ore
905 1507 965 1552 suo
988 1507 1023 1550 sc
1047 1482 1136 1550 velle
1157 1481 1226 1549 tale
1250 1481 1379 1548 donum
1400 1482 1498 1565 dare,

180 1592 274 1681 pium
289 1591 504 1680 propositum
522 1592 717 1673 enuntians,
736 1613 807 1657 non
821 1597 950 1673 votum,
968 1613 1039 1657 non
1058 1589 1135 1657 ideo
1150 1588 1233 1656 dure
1250 1594 1399 1657 tenetur.
1418 1592 1501 1655 Cre-

180 1696 326 1763 diderim
354 1697 458 1763 verba
484 1719 491 1765 :
516 1695 646 1763 dorium
673 1696 926 1780 voluntarium,
951 1696 1045 1787 quod
1067 1695 1189 1763 dieisti
1213 1719 1269 1763 ore
1290 1707 1366 1776 tito,
1388 1695 1502 1762 serius

181 1825 250 1870 esse
262 1802 404 1871 adiecta.
418 1803 513 1882 Quod
529 1828 560 1870 v.
583 1810 624 1870 23
641 1804 763 1886 edicat,
783 1803 877 1894 quod
892 1826 1062 1894 opressum
1076 1803 1123 1870 sit
1139 1803 1180 1870 de
1195 1801 1371 1870 labiisesse
1383 1824 1502 1892 praes-

179 1910 335 1990 tandum,
350 1911 483 2000 putavit
497 1910 622 2000 aliquis
637 1911 773 1978 extendi
790 1916 948 2000 oportere
964 1912 1008 1978 ad
1023 1911 1116 1977 dona
1127 1909 1334 1991 voluntaria,
1348 1930 1502 1998 quorum

181 2017 257 2106 quis
272 2017 524 2085 offerendorum
545 2018 774 2108 propositum,
794 2040 864 2085 non
878 2024 995 2085 votum
1013 2015 1242 2084 enuntiaverit
1263 2038 1270 2084 :
1290 2036 1376 2102 ergo
1393 2016 1504 2082 verba

180 2123 371 2213 adscripsit.
389 2128 511 2191 Verum
532 2124 701 2191 eiusmodi
727 2124 785 2213 pia
809 2124 996 2214 proposita,
1018 2122 1151 2191 etiamsi
1175 2122 1288 2189 verbis
1316 2121 1503 2190 enuntien-

180 2236 247 2312 tur,
269 2252 338 2296 non
353 2231 532 2319 imponere
551 2231 704 2298 strictam
725 2230 988 2317 obligationem,
1011 2231 1101 2297 clare
1113 2229 1236 2297 delinit
1250 2252 1283 2296 v.
1301 2233 1356 2296 22.

373 2467 426 2527 37.
453 2460 624 2528 Mouituru
649 2461 690 2528 de
715 2460 792 2527 ieris
816 2474 848 2528 et
870 2461 973 2551 spicis
998 2465 1096 2528 Dertt.
1125 2468 1226 2542 2322
1250 2483 1302 2550 sq.

226 2656 309 2744 Arp.
330 2656 476 2722 -Licet
490 2678 572 2723 uvas
588 2656 624 2722 in
636 2657 737 2722 vinea
752 2655 901 2746 proximi
915 2656 1152 2736 manducare,
1164 2678 1235 2722 non
1247 2677 1328 2722 vero
1343 2655 1501 2732 auferre;

182 2762 260 2829 licet
282 2761 393 2852 spicas
413 2762 449 2829 in
468 2763 541 2830 eius
559 2785 645 2850 agro
661 2763 848 2852 decerpere
868 2763 1108 2844 comedendas,
1126 2784 1196 2829 non
1214 2783 1295 2828 vero
1316 2761 1444 2828 falcem
1465 2762 1502 2828 in

182 2868 254 2936 cius
269 2874 422 2956 segetem
435 2869 571 2936 mittere
584 2870 628 2937 ad
645 2871 861 2959 manipulum
876 2870 1114 2937 auferendum.

227 2998 257 3040 v.
274 2980 316 3040 at
338 2976 403 3061 (25)
425 3004 440 3034 «
460 2979 637 3064 [repressus
659 2975 793 3042 cineam
810 2976 963 3066 prostitui
987 2976 1039 3042 tui
1061 2975 1196 3042 concede
1216 2998 1309 3061 troas,
1328 2987 1503 3066 quant-um

183 3079 245 3145 tilii
261 3080 435 3168 placuerit
454 3110 484 3162 r,
500 3081 548 3147 od
563 3082 752 3148 satietatem
771 3082 848 3163 tibi,
866 3110 882 3145 u
896 3085 990 3171 sorus
1003 3096 1116 3149 aretem
1137 3106 1179 3149 rte
1194 3083 1319 3174 efferos
1337 3095 1449 3149 tecum
1466 3110 1502 3148 ».

184 3189 285 3251 Hebr.
305 3208 311 3252 :
330 3187 365 3252 in
381 3209 438 3252 eus
460 3199 557 3252 tirum
573 3210 615 3254 rte
631 3211 754 3278 porros,
775 3189 893 3277 utique
912 3189 957 3255 ad
975 3189 1213 3257 auferendum.
1231 3211 1251 3253 v
1281 3195 1322 3257 25
1341 3189 1411 3279 (26)
1427 3215 1444 3250 u
1463 3191 1509 3257 Si

184 3293 366 3359 iutraecris
385 3293 422 3360 in
436 3307 583 3384 seqetem
603 3294 709 3360 orrici
725 3294 789 3376 tui,
804 3295 972 3384 [franpas]
996 3295 1107 3386 spicas
1125 3298 1181 3383 [et]
1206 3317 1311 3362 manu
1332 3309 1502 3377 conteres,

179 3398 274 3488 soloe
288 3412 402 3466 aretem
418 3423 488 3467 riou
503 3414 606 3468 arctes
628 3430 657 3469 s,
1407 3386 1410 3391 ’

425 3630 479 3690 38.
506 3619 575 3690 L'ee
599 3624 640 3691 de
666 3647 770 3690 errrore
795 3623 979 3714 repudiata
1006 3627 1101 3691 Dent.
1129 3631 1255 3707 tul-t.

228 3819 311 3906 Arq.
327 3856 371 3866 —
385 3823 449 3885 Lex
469 3818 554 3885 haec
573 3842 641 3885 non
662 3819 811 3886 instituit
830 3819 1017 3910 repudium
1037 3843 1150 3909 nequo
1169 3819 1327 3887 libellum
1346 3820 1501 3910 repudii,

184 3948 296 4015 neque
318 3947 359 3991 ea
385 3923 544 4014 explicite
568 3926 749 4016 approbat,
775 3925 834 3993 sed
857 3949 977 3994 eorum
999 3926 1198 4017 pudendum
1221 3926 1373 4016 aliquem
1398 3948 1504 4016 prae-

183 4032 305 4098 scindit
328 4053 498 4098 excessum
516 4051 524 4097 :
542 4034 601 4120 qui
617 4055 758 4101 uxorem
779 4033 930 4123 aliquam
951 4033 1031 4100 dato
1046 4034 1180 4123 repudii
1199 4032 1316 4100 libello
1338 4032 1505 4123 repudia·

187 4137 244 4216 vit,
263 4159 330 4202 non
354 4143 464 4227 potest
487 4160 561 4204 eam
586 4140 749 4228 recipere,
771 4139 968 4229 posterioris
989 4140 1165 4208 cuiusdam
1193 4139 1404 4206 matrimonii
1423 4139 1504 4207 vin-

185 4242 261 4308 culo
273 4242 431 4310 solutum.

230 4348 394 4414 Attendas
416 4351 702 4418 constructionem
728 4375 761 4420 v.
784 4360 799 4419 1
821 4376 899 4444 sqq.
917 4376 925 4422 :
943 4354 984 4421 Si
1002 4353 1210 4444 acceperit...
1229 4367 1261 4419 et
1281 4350 1500 4444 scripserit...

185 4466 217 4522 ct
237 4452 409 4522 dederit...
428 4468 460 4521 et
482 4455 694 4525 dimiserit...
716 4471 750 4525 ct
768 4459 843 4549 ipso
869 4482 1003 4548 epressa
1025 4460 1221 4550 irrepserit...
1243 4472 1275 4526 et
1297 4461 1373 4549 ipsa
1392 4473 1504 4525 morte

186 4561 306 4628 ruoriti
326 4573 386 4628 ortt
407 4560 514 4628 altero
542 4562 684 4653 repudio
706 4566 816 4652 fecerit
844 4568 957 4634 soluta
987 4588 1083 4633 :uon
1102 4565 1317 4657 poteritate.
1340 4570 1430 4653 Ergo
1450 4566 1501 4649 id,

186 4669 278 4760 quod
300 4668 353 4737 lex
373 4669 530 4760 explicite
553 4671 674 4751 sancit,
693 4670 759 4737 hoe
778 4677 828 4738 est
853 4671 1000 4740 :inillis
1019 4672 1280 4740 circumstantiis
1302 4695 1373 4740 non
1388 4677 1504 4764 potest
