3366 5346
178 257 238 316 376
634 265 867 312 coruscameun
887 267 1040 313 ssuuens.

176 408 331 494 spectent
346 424 425 470 cum
445 406 571 489 Moyses
592 406 666 467 tum
681 401 843 482 Christus,
857 406 995 490 'spectat
1013 400 1056 467 ad
1081 399 1228 467 eandem
1242 401 1502 490 prophetarum

176 510 281 578 series
295 515 427 596 Moysen
445 507 535 575 inter
553 512 587 574 et
605 507 787 574 Christum.
805 511 920 596 Neque
937 529 1015 574 cum
1036 505 1109 574 Cei.
1134 506 1228 574 dicas
1243 505 1401 596 promitti
1416 529 1503 596 pro·

177 617 318 708 phetam
334 615 425 682 sicae
445 637 510 696 me,
527 636 611 701 ergo
630 613 836 703 prophetam
848 613 1084 706 lepislatorem
1108 635 1115 678 :
1138 611 1191 693 id,
1209 612 1303 702 quod
1317 613 1503 680 evidenter

177 721 391 814 promittitur
405 725 462 788 Ex.
480 727 522 786 20
537 727 571 787 et
582 725 679 787 Dent.
697 727 729 797 5,
748 726 799 785 est
811 721 983 809 propheta
997 741 1064 786 nou
1080 718 1268 805 legislator,
1285 718 1346 786 sed
1361 719 1501 787 media-

179 843 243 910 tor,
262 827 324 918 qui
346 828 462 895 divina
486 825 641 909 oracula,
663 826 733 894 sive
759 848 800 894 ea
816 827 911 912 leges
930 830 1041 893 essent
1064 824 1135 892 sive
1152 824 1233 907 alia,
1260 825 1462 893 immediate
1480 849 1502 893 a

178 941 244 1002 Deo
267 934 438 1024 acciperet
457 939 490 1001 et
509 932 670 1000 Hebraeis
698 931 959 1000 transmitteret.
984 935 1099 1021 Neque
1122 931 1209 999 illud
1227 931 1316 1001 sicut
1336 955 1390 999 me
1413 932 1502 1000 dicit

178 1039 415 1110 omnimodam
444 1038 700 1129 aequalitatem,
731 1061 822 1128 quae
855 1060 968 1129 neque
1001 1038 1153 1106 hahetur
1181 1037 1272 1105 inter
1301 1043 1437 1125 Moysen
1466 1044 1503 1106 et

177 1147 361 1229 Christum,
384 1146 446 1213 sed
465 1145 709 1235 aequalitatem
732 1145 768 1211 in
789 1166 916 1232 genere
938 1143 1129 1236 prophetae
1150 1143 1360 1228 mediatoris,
1377 1143 1501 1214 divina

179 1253 319 1323 oracula
337 1253 523 1321 deferentis
538 1252 583 1318 ad
597 1251 777 1342 papulum.

228 1365 261 1428 t.
288 1359 382 1426 ldem
402 1359 506 1426 elficit
526 1370 705 1425 contestes
730 1357 834 1424 totius
846 1356 1034 1447 pericopae
1051 1353 1295 1442 {Md-1829.
1310 1360 1402 1433 Quae
1425 1357 1502 1444 agit

180 1466 224 1535 de
239 1464 386 1555 publicis
406 1463 666 1551 magistratibus
687 1485 695 1533 :
717 1465 868 1554 primum
883 1463 926 1529 de
949 1462 1123 1529 iudicibus
1141 1462 1385 1530 communibus
1400 1469 1433 1530 et
1455 1462 1501 1530 de

180 1571 412 1661 appellatione
428 1571 472 1637 ab
493 1570 548 1636 his
563 1570 607 1637 ad
628 1591 827 1660 supremum
848 1556 1002 1636 tribunal
1029 1575 1267 1652 16,18-17,13;
1285 1570 1440 1637 secundo
1455 1567 1502 1636 de

180 1698 258 1765 repe
273 1675 510 1743 constituendo
532 1681 711 1759 lut-203
732 1675 835 1743 tertio
851 1675 893 1742 de
915 1673 1148 1743 sacerdotibus
1163 1681 1299 1758 18,1-83
1318 1680 1442 1765 quarto
1456 1674 1501 1742 de

36 1798 67 1827 -“
176 1781 365 1876 prophetie.
380 1782 443 1849 Ubi
460 1781 612 1872 primum
631 1781 893 1872 proscribuntur
912 1781 1234 1872 pseudoprophetae
1250 1779 1499 1882 18‚e-1a,·dein
1519 1869 1521 1873 y

180 1889 465 1958 commendantur
484 1887 557 1956 veri
581 1888 772 1979 prophetae
796 1893 971 1970 18,13-22.
995 1892 1152 1974 Regnum
1173 1888 1380 1978 supponitur
1398 1886 1502 1954 hrevi

177 1993 442 2071 instituendum3
466 1993 612 2079 iudices,
637 1993 845 2076 sacerdotes,
867 1994 1060 2083 prophetae
1080 1993 1183 2082 (sicat
1201 1993 1269 2083 me)
1287 1993 1359 2060 iam
1383 1998 1498 2061 erant.

181 2105 255 2169 Non
274 2100 345 2187 agit
359 2100 510 2189 prolecto
524 2100 689 2191 pericope
705 2100 867 2175 derebus
882 2099 1020 2167 nonnisi
1038 2107 1116 2189 post
1130 2100 1232 2190 plura
1244 2099 1383 2168 saecula
1401 2100 1500 2167 lutu-

178 2206 236 2290 ris,
255 2208 316 2274 sed
331 2206 374 2273 de
389 2206 492 2273 rebus
513 2206 808 2296 contemporaneis
827 2212 860 2274 et
880 2205 1053 2296 practicis.
1075 2210 1326 2274 Documentum
1343 2207 1386 2274 de
1405 2205 1501 2273 iudi·

177 2311 276 2382 cibus
298 2313 404 2381 hahet
429 2319 530 2394 17,1e
557 2336 609 2402 sq.
636 2313 844 2402 adscriptam
865 2312 1077 2380 sanctionem
1102 2312 1139 2380 in
1163 2334 1256 2396 eum,
1283 2313 1343 2403 qui
1372 2317 1501 2380 contra

180 2441 380 2509 supremum
395 2418 549 2487 tribunal
566 2419 762 2508 superbiat3
780 2418 1025 2487 documentum
1041 2418 1084 2485 de
1104 2440 1187 2505 rege
1205 2425 1306 2500 1730
1325 2418 1452 2486 desinit
1463 2420 1501 2486 in

179 2525 393 2593 sanctionem
415 2527 522 2593 latam
540 2524 578 2592 in
603 2547 733 2612 regem,
759 2527 819 2615 qui
845 2530 966 2594 eontra
986 2525 1153 2615 populum
1178 2527 1282 2593 lahve
1301 2525 1498 2615 superbiat;

181 2631 426 2700 documentum
444 2631 486 2699 de
512 2632 746 2699 sacerdotibus
769 2638 847 2713 18,ss
875 2630 1024 2699 excludit
1042 2631 1235 2700 sacerdotes
1250 2630 1430 2718 indignos;
1459 2631 1502 2698 si·

180 2737 311 2806 militer
326 2738 570 2806 documentum
590 2738 633 2805 de
652 2739 824 2829 propheta
845 2737 1021 2807 clauditur
1044 2744 1146 2819 18,1e
1165 2759 1218 2828 sq.
1236 2738 1412 2805 sanctione
1428 2737 1502 2805 lata

180 2845 411 2912 inhominem
435 2850 555 2912 eontra
571 2845 790 2934 prophetam,
814 2851 848 2911 et
868 2845 903 2910 in
919 2845 1128 2934 prophetam
1147 2851 1267 2911 contra
1292 2844 1419 2911 lahven
1441 2864 1501 2910 su-

180 2949 410 3037 perbientem.
433 2955 516 3017 Sunt
541 2951 761 3017 haecomnia
782 2952 830 3017 ita
855 2950 972 3017 affinia
995 2949 1086 3017 inter
1103 2973 1149 3033 se,
1166 2957 1206 3018 ut
1228 2955 1378 3040 nequeat
1402 2971 1436 3014 r.
1456 2955 1500 3017 15

184 3076 261 3144 sqq.
295 3055 405 3143 accipi
432 3062 469 3121 ut
498 3077 595 3122 mera
620 3056 804 3146 prophetia
828 3077 966 3135 eorum,
991 3058 1139 3144 quaein
1164 3055 1359 3124 novissimis
1377 3054 1502 3124 diebus

182 3165 346 3227 eventura
359 3160 436 3226 sint.
455 3162 624 3251 Propheta
639 3161 879 3229 consideratur
894 3162 945 3228 uti
961 3161 1155 3231 institutum
1168 3170 1501 3253 contemporaneum

184 3271 219 3334 et
229 3288 446 3357 permanens,
461 3266 550 3335 sicut
560 3267 674 3350 iudex,
692 3268 863 3350 sacerdos,
881 3289 951 3336 rex.

229 3379 261 3441 5.
286 3379 331 3441 lte
355 3373 444 3441 facto
461 3374 558 3442 fuere
573 3375 666 3465 apud
689 3375 857 3442 lsraelitas
874 3380 953 3464 post
976 3378 1111 3463 lloysen
1129 3397 1201 3443 non
1222 3374 1334 3442 solum
1353 3363 1500 3458 iudices,

184 3481 394 3564 sacerdoteS,
416 3503 531 3568 reges,
554 3480 615 3549 sed
639 3481 742 3549 etiam
767 3483 969 3572 prophetae.
998 3481 1190 3549 lneulcatur
1214 3482 1251 3548 in
1270 3481 1504 3573 pentateucho

184 3587 378 3655 reverentia
397 3610 482 3675 erga
499 3588 646 3671 iudices,
673 3588 882 3671 sacerdotes,
908 3609 1007 3675 reges
1034 3609 1041 3655 :
1063 3609 1178 3655 nonne
1198 3587 1378 3677 oportebat
1396 3586 1504 3654 etiam

185 3692 353 3760 inculcari
375 3695 604 3761 reverentiam
618 3715 701 3781 erga
715 3696 924 3784 prophetas?
939 3693 1035 3771 Quod
1049 3695 1087 3760 tit
1101 3694 1136 3760 h.
1152 3694 1177 3761 l.

231 3805 263 3865 a.
295 3798 412 3865 ludaei
439 3799 600 3889 aequales
631 3801 755 3868 Christi
782 3800 996 3891 appellantes
1026 3804 1122 3868 Dent.
1151 3807 1251 3882 18,15
1280 3799 1425 3868 enicem
1445 3821 1502 3865 ex-

185 3905 385 3994 spectabant
408 3906 612 3996 prophetam
638 3907 808 3976 messiam.
840 3912 907 3990 Se,
942 3906 1036 3997 quod
1064 3912 1114 3973 tot
1140 3906 1211 3973 iam
1237 3906 1504 3997 praecessissent

186 4012 375 4100 prophetae
389 4018 423 4079 et
437 4018 622 4100 temperas
635 4014 770 4080 Daniele
786 4015 1008 4103 praesignata
1015 4014 1240 4102 exspirarent,
1256 4035 1363 4079 unum
1377 4000 1501 4102 super·

186 4122 260 4182 erat
274 4117 408 4184 ludaeis
423 4118 706 4207 exspectandum,
725 4121 872 4187 messias.
895 4123 964 4186 Hoc
985 4141 1094 4188 unum
1112 4117 1168 4185 illi
1185 4120 1348 4207 futurem
1364 4117 1522 4208 prospi-'

187 4221 337 4301 ciebant3
353 4245 424 4289 non
439 4223 626 4310 negabant,
643 4224 677 4290 ri
696 4225 848 4292 eiusdem
861 4225 1098 4316 promissionis
1112 4227 1270 4316 patribus
1286 4226 1354 4292 suis
1375 4235 1505 4314 tempe-

187 4327 282 4394 ribus
296 4340 376 4394 erate
393 4328 479 4395 actis
494 4329 580 4397 alios
595 4353 774 4399 concessos
790 4354 859 4399 esse
872 4333 1070 4423 prophetas.

232 4439 322 4521 Ergo
356 4439 467 4502 textus
492 4435 703 4505 demonstrat
734 4440 930 4506 universum
969 4440 1162 4506 institutum
1200 4438 1451 4528 prophetarum
1483 4460 1506 4504 a

140 4548 145 4560 “
187 4545 296 4631 Moyse
319 4540 365 4608 ad
388 4540 548 4610 ultimum
571 4545 789 4634 prophetam,
814 4546 899 4612 sicut
926 4551 1025 4627 16,18
1047 4567 1123 4635 sqq.
1148 4566 1267 4612 omnes
1292 4544 1505 4610 demonstrat

186 4647 330 4733 iudices,
352 4654 453 4732 17,15
469 4671 544 4741 sqq.
567 4672 666 4738 reges
688 4653 841 4741 aprime
867 4651 912 4740 (v.
941 4653 997 4741 15)
1025 4672 1143 4718 omnes
1171 4651 1181 4742 (
1186 4675 1214 4717 v.
1231 4651 1308 4740 20),
1330 4657 1406 4732 18,1
1424 4672 1502 4740 sqq.
