3366 5346
185 300 224 358 52
734 275 953 354 irenaeusne(

184 454 233 516 est
252 447 456 514 obscurata:
479 444 588 532 igitur
602 465 680 511 cum
699 443 766 510 hac
783 443 997 510 solemnitate
1018 441 1184 510 Samuelis
1202 446 1427 531 comparatur
1445 464 1507 512 so·

183 553 473 622 lemnitaslosiae.

227 668 259 727 2.
281 665 373 727 Hanc
387 658 495 745 igitur
513 657 749 724 narrationem
770 656 970 724 discussuris
988 655 1104 738 nobis,
1125 656 1275 745 primum
1298 656 1504 724 examinan-

182 765 264 833 dum
293 766 386 833 veuit
415 764 647 832 recentiorum
675 763 859 853 placitum,
885 785 955 852 quo
986 768 1140 852 tempore
1173 763 1340 851 repererit
1368 762 1505 832 llelcias

181 872 326 955 librum,
355 870 459 938 luisse
489 890 568 938 eum
598 870 728 937 librum
755 869 864 960 plane
895 869 1055 958 iqnotum
1080 889 1087 935 :
1113 866 1204 934 unde
1231 867 1387 936 inferunt
1415 868 1499 959 ipsi,

180 978 307 1046 librum
324 1000 393 1044 non
410 999 480 1045 esse
499 978 618 1064 lloysis
635 975 798 1055 auctoris,
816 976 877 1044 sed
894 975 999 1043 losiae
1018 980 1173 1065 tempore
1192 975 1248 1041 vel
1262 975 1368 1064 paulo
1383 983 1464 1043 ante
1477 999 1501 1043 a

179 1084 387 1173 quibusdam
410 1105 481 1151 esse
504 1084 758 1149 concinnatum.
785 1081 980 1149 Secundum
1002 1081 1098 1161 illos,
1121 1103 1192 1147 non
1214 1081 1343 1170 reperit
1366 1081 1500 1150 Helcias

78 1188 85 1201 ²
133 1256 138 1268 ,
180 1191 345 1258 famosam
360 1189 457 1256 illam
474 1190 592 1276 Moysis
603 1189 756 1267 thorum,
772 1211 860 1278 quae
873 1211 912 1255 ex
927 1187 1106 1256 hominum
1123 1186 1263 1276 quidem
1279 1187 1497 1277 aliquamdiu

179 1297 340 1364 manibus
354 1302 388 1362 et
405 1295 511 1362 oculis
530 1295 743 1395 evanuisset,
760 1317 801 1361 ex
822 1316 941 1361 eorum
961 1293 1128 1360 memoria
1147 1288 1258 1360 deleri
1274 1315 1497 1384 nequaquam

178 1403 356 1493 potuisset,
375 1401 435 1469 sed
450 1403 578 1491 reperit
599 1401 728 1468 librum
746 1400 899 1490 aliquem
917 1405 1020 1467 antea
1039 1421 1216 1489 nunquam
1232 1401 1360 1482 visum,
1374 1401 1497 1489 Moysis

178 1516 293 1575 tamen
317 1530 445 1574 nomen
464 1508 576 1574 fronte
598 1508 801 1597 inscriptum
826 1513 1022 1592 gerentem,
1042 1527 1145 1596 quem
1164 1505 1313 1572 nimium
1335 1505 1498 1574 credulus

179 1613 283 1681 losias
298 1636 361 1704 pro
376 1615 477 1680 thora
492 1637 512 1681 a
527 1618 635 1700 Moyse
651 1613 845 1703 conscripta
860 1612 1040 1702 receperit.
1054 1613 1211 1690 Quaestio
1226 1612 1321 1694 haec,
1334 1611 1371 1679 in
1384 1634 1495 1701 quan·

179 1726 253 1786 tum
272 1725 400 1786 textum
422 1725 440 1785 t
461 1724 544 1807 Reg.
566 1723 610 1785 Ὦ
630 1741 681 1808 sq.
705 1725 774 1784 et'2
792 1723 868 1786 Par.
892 1726 933 1787 3t
952 1718 1090 1801 attinet,
1108 1723 1179 1784 tota
1198 1723 1248 1784 est
1269 1718 1310 1783 de
1325 1718 1493 1801 articulis;

179 1824 305 1915 quibus
324 1847 401 1892 cum
416 1846 529 1892 sermo
547 1826 676 1892 latinus
688 1830 819 1907 eareat,
837 1827 1069 1915 expressiones
1083 1823 1217 1914 aliquas
1235 1823 1395 1891 claritatis
1408 1845 1495 1911 ergo

178 1932 342 1998 vertimus
361 1931 480 2018 lingua
499 1931 641 2018 gallica,
664 1952 753 2020 quae
773 1931 934 1998 articulos
953 1930 1069 1998 habet.

221 2045 242 2103 2
255 2043 329 2104 Par.
348 2043 448 2119 3¹4,st
464 2039 612 2104 refertur
628 2037 759 2105 Heleias
773 2037 943 2128 reperisse
959 2037 1086 2104 librum
1101 2036 1219 2103 thorae
1233 2036 1335 2104 [alce
1342 2059 1408 2127 per·
1420 2059 1497 2105 ma-

176 2166 260 2210 num
273 2144 414 2232 MoysiS,
430 2158 509 2207 ntum
524 2159 578 2207 m:
593 2160 662 2207 ntor
680 2152 757 2207 nun
774 2159 834 2211 nen
848 2160 894 2207 na
912 2162 1023 2234 :quae
1037 2143 1208 2233 expressio
1224 2145 1375 2233 praefixo
1386 2160 1432 2209 na
1446 2150 1498 2212 est

178 2249 280 2338 plane
301 2249 541 2320 determinata.
558 2254 629 2316 Non
646 2256 763 2316 tamen
785 2272 825 2316 ex
848 2272 888 2316 ea
910 2251 983 2316 sola
1005 2249 1224 2339 consequitur
1246 2255 1403 2339 repertus
1424 2273 1496 2318 esse

178 2354 266 2421 liber
281 2361 380 2430 antea
396 2355 643 2425 determinatus
659 2361 692 2421 et
706 2361 816 2423 notus.
835 2355 1030 2423 Secundum
1046 2355 1217 2422 hebraeae
1235 2355 1365 2446 quippo
1379 2379 1496 2425 narra·

177 2462 280 2528 tionis
295 2461 423 2527 idioma
436 2460 588 2549 intelligi
607 2461 787 2528 commode
806 2466 919 2551 potest
938 2461 1028 2528 liber
1046 2484 1116 2528 non
1137 2462 1277 2550 praevia
1296 2462 1496 2550 cognitione

178 2568 438 2652 determinatus,
456 2568 516 2634 sed
538 2569 695 2657 sequenti
717 2568 915 2636 narratione
936 2568 1218 2636 determinandus
1241 2589 1248 2635 :
1269 2569 1399 2658 reperit
1417 2568 1496 2636 llel-

177 2673 244 2741 cias
259 2696 337 2741 eum
352 2673 498 2756 librum,
514 2675 575 2765 qui
593 2675 816 2764 sequentibus
834 2675 918 2742 actis
934 2674 1192 2743 demonstretur
1213 2696 1283 2743 esse
1303 2675 1379 2765 ipsa
1395 2676 1497 2745 thora

177 2781 336 2849 mosaica.

126 2960 128 2965 λ
222 2887 329 2952 Aliter
343 2886 566 2953 iudicandum
585 2888 627 2954 de
641 2887 755 2953 verbis
772 2887 903 2952 Helciae
918 2884 962 2952 ad
979 2887 1117 2977 Saphan
1134 2893 1153 2955 t
1170 2891 1253 2973 lleg.
1272 2894 1367 2966 2283
1382 2893 1402 2952 2
1416 2892 1493 2956 Par.

180 2997 281 3071 3t‚t5
300 3010 307 3056 :
326 2991 465 3056 Librum
486 2990 602 3058 thorae
622 2993 734 3081 reperi
754 2992 792 3056 ia
814 2990 913 3059 dorne
937 2992 1056 3075 labae,
1073 3009 1155 3057 nm
1180 3009 1289 3058 ’usse
1313 3010 1411 3058 aaron
1432 3008 1495 3061 nno

181 3112 263 3160 aaut.
279 3096 472 3163 Secundum
493 3097 632 3183 regulas
646 3103 826 3185 syntaxeos
841 3099 1012 3167 hebraeae
1028 3115 1104 3165 num
1118 3115 1179 3168 rso
1195 3100 1394 3168 vertendum
1410 3107 1497 3169 esset

179 3202 282 3292 plane
302 3200 563 3270 indeterminate
590 3231 605 3265 ι(
628 3226 672 3270 un
696 3205 782 3270 livre
803 3205 846 3271 de
865 3205 914 3271 loi
936 3235 970 3288 »,
991 3207 1177 3274 haberetur
1198 3207 1289 3274 liber
1308 3206 1496 3297 reperienti

180 3309 332 3396 ignotus.
352 3324 451 3374 ntum
465 3324 527 3376 tan
542 3316 658 3377 autem
675 3333 739 3401 pro
754 3333 814 3377 usu
831 3311 998 3403 loquendi
1011 3312 1112 3400 longe
1128 3313 1404 3380 communissima
1416 3336 1494 3380 ver·

180 3416 321 3483 tendum
333 3422 385 3483 est
402 3442 419 3478 a
435 3416 469 3482 le
482 3416 568 3484 livre
580 3417 623 3484 de
638 3416 686 3483 loi
703 3445 718 3477 a
732 3440 803 3499 seu,
818 3440 897 3486 cum
910 3420 946 3485 in
962 3419 1188 3486 determinato
1203 3419 1288 3486 libro
1304 3419 1494 3487 necessario

179 3525 398 3590 contineatur
417 3524 645 3591 determinata
660 3523 730 3608 lea,
752 3552 768 3585 «
789 3523 820 3591 lc
835 3525 921 3592 livre
937 3525 979 3592 de
996 3525 1030 3592 la
1044 3526 1091 3593 loi
1109 3554 1138 3592 a.
1159 3527 1228 3593 Erit
1242 3549 1357 3594 sensus
1370 3525 1494 3595 verbo-

180 3650 257 3694 rum
273 3628 405 3695 Heleiae
422 3652 429 3696 :
445 3631 567 3719 heperi
581 3636 702 3700 notum
715 3631 826 3714 illum,
841 3631 903 3698 sed
913 3632 1127 3721 aliquamdiu
1137 3633 1318 3700 infeliciter
1328 3632 1492 3701 amissum

180 3734 301 3800 thorae
316 3734 456 3800 librum.

224 3828 412 3926 Obiiciunt,
428 3846 553 3909 statum
567 3850 798 3913 constructum
811 3850 974 3935 sequente
991 3847 1127 3913 nomine
1142 3846 1293 3913 habente
1308 3847 1492 3915 articulum
1533 3902 1537 3909 .

172 3971 274 4036 posse
286 3947 391 4014 etiam
405 3948 491 4014 verti
506 3949 565 4032 ita,
581 3956 618 4016 ut
630 3951 794 4019 articulus
808 3974 876 4018 non
887 3958 1010 4019 statum
1028 3959 1256 4020 constructum
1274 3954 1490 4035 determinet,

179 4053 240 4119 sed
257 4076 381 4120 nomen
398 4076 546 4144 sequens
563 4077 570 4121 :
586 4078 670 4142 ergo
687 4087 702 4118 a
721 4081 769 4124 un
788 4058 872 4125 livre
888 4058 931 4124 de
948 4059 980 4125 la
995 4059 1042 4125 loi
1059 4088 1088 4125 a.
1109 4060 1331 4150 Alleruntque
1346 4081 1493 4150 sequen·

180 4159 227 4224 tia
251 4161 405 4249 exempla
428 4181 435 4226 ε
458 4168 478 4227 2
499 4166 582 4247 Reg.
609 4168 708 4245 23,st
732 4177 824 4226 utun
847 4152 944 4255 upbit,
966 4193 982 4227 a
1008 4188 1074 4232 une
1099 4167 1209 4256 partie
1233 4167 1279 4233 du
1303 4167 1428 4256 ehamp
1455 4193 1490 4248 a,

179 4264 253 4331 eius
264 4287 310 4331 se.
324 4265 366 4333 de
378 4289 445 4356 quo
457 4268 532 4355 agit
541 4275 699 4335 narrator
709 4272 838 4359 eampi;
854 4262 1156 4355 lud.13,enaataa
1173 4287 1249 4347 uta,
1269 4302 1285 4335 α
1297 4273 1493 4340 unhomme

179 4371 227 4437 du
251 4372 417 4459 seigneur
438 4397 473 4455 »3
492 4380 553 4442 ler.
578 4380 655 4459 13,t
675 4366 757 4444 ‘ibon
772 4392 855 4470 Ρηπ,
875 4407 890 4439 a
914 4402 982 4446 une
1000 4381 1092 4447 fente
1113 4379 1160 4447 du
1180 4383 1303 4447 rocher
1320 4408 1355 4464 n,
1373 4384 1492 4469 petrae

178 4498 224 4543 sc.
248 4477 340 4546 illius
360 4479 466 4546 veluti
485 4481 594 4568 digito
616 4482 884 4567 demonstratae,
900 4509 989 4576 quae
1004 4486 1058 4553 vel
1080 4494 1158 4554 aute
1180 4493 1262 4553 nota
1283 4494 1356 4555 erat
1369 4486 1425 4552 vel
1439 4486 1489 4553 ib.
1515 4552 1518 4557 .

178 4584 325 4652 narratis
340 4591 421 4653 nota
436 4593 486 4654 est
499 4587 634 4673 effeeta;
649 4596 698 4657 Ps
718 4591 911 4681 1¹9(120),1
930 4599 993 4660 ete.
1010 4584 1134 4662 rubum
1149 4608 1220 4665 teu,
1238 4595 1408 4662 canticum
1428 4592 1492 4661 ali-

178 4692 269 4781 quod
286 4693 423 4762 illorum
441 4700 603 4763 notorum
618 4696 808 4784 graduum3
825 4702 920 4768 Cant.
938 4707 994 4784 3,9
1012 4690 1117 4793 Ῑπεὸῆ
1135 4715 1197 4774 Ψ),
1215 4729 1230 4761 «
1247 4701 1322 4768 bois
1341 4701 1386 4768 du
1402 4704 1493 4769 llont
