3366 5346
181 312 240 371 eu
509 325 621 370 oaarro
642 325 749 370 uersis
771 324 904 369 sacuam
927 323 934 366 :
959 322 1160 369 rsuramuus.

182 485 227 530 an
238 466 414 552 praeterea
432 459 535 526 etiam
551 459 709 527 unccitas.
727 459 788 538 Qui
798 459 885 526 alter
898 479 1015 524 sensus
1033 461 1127 524 extra
1141 477 1199 523 seu
1212 461 1348 545 praeter
1364 456 1501 522 lahven

181 591 253 636 non
272 587 342 634 esse
364 566 470 634 alium
489 566 609 648 deum,
627 568 732 633 etiam
755 566 841 633 alias
858 566 894 631 in
915 569 1011 631 Dent.
1031 565 1136 653 (t,35.
1164 569 1222 641 393
1248 562 1362 651 3239)
1380 564 1502 652 expri-

182 677 298 756 mitur,
316 674 411 763 prior
425 694 614 762 nunquam.

225 787 265 848 Et
285 780 337 846 illi
359 779 497 869 quidem
520 779 667 862 sanitati,
693 779 869 869 inquiunt,
896 777 1140 868 opponebatur
1158 775 1339 863 gentilium
1360 775 1498 864 opinio,

180 888 240 977 qui
253 909 361 954 unum
374 908 503 953 numen
519 886 627 955 voluti
654 889 689 952 in
709 887 810 976 plura
824 884 967 952 numina
990 883 1265 970 distinguebant,
1286 891 1389 971 prout
1404 882 1500 948 illud

180 993 321 1062 diversis
335 994 372 1059 in
387 992 470 1059 locis
483 992 669 1073 colebatur,
688 992 816 1060 Baalim
835 991 989 1078 Tyrium,
1005 989 1182 1057 Sidonium
1201 996 1265 1056 etc.
1286 994 1410 1054 Verum
1428 988 1501 1055 hoc

179 1101 252 1167 solo
265 1101 420 1168 nondum
432 1104 581 1186 negatur
591 1099 704 1166 unitas
718 1099 880 1164 numinis.
894 1102 1011 1164 Nonne
1022 1102 1102 1163 Gon.
1119 1103 1219 1171 31‚13
1233 1096 1364 1161 dixerat
1379 1101 1471 1163 [teus
1489 1119 1497 1164 :

182 1236 198 1268 «
216 1212 285 1293 Ego
300 1228 376 1274 sum
388 1209 475 1272 licus
485 1205 605 1272 Bethel
623 1208 663 1271 »t
679 1208 822 1271 Rursum
837 1205 944 1285 aiunt,
958 1204 1105 1291 gentiles
1117 1203 1212 1285 varia
1225 1202 1326 1269 unius
1340 1201 1500 1270 numinis

180 1313 346 1381 attributa
371 1312 603 1379 considerasse
625 1318 662 1379 ut
686 1313 801 1401 plures
830 1311 922 1379 deos.
944 1315 1085 1391 Verum,
1104 1309 1274 1400 quidquid
1296 1310 1341 1376 sit
1364 1310 1407 1376 de
1437 1332 1499 1376 ar-

179 1443 264 1488 cana
278 1420 539 1508 Aegyptiorum,
552 1418 820 1505 Babyloniorum
837 1425 899 1484 etc.
917 1418 1105 1503 theologia,
1118 1439 1207 1506 quae
1222 1417 1257 1483 in
1276 1416 1329 1482 his
1345 1416 1499 1503 vestigia

178 1529 318 1593 furasse
339 1525 510 1614 quaedam
532 1525 774 1614 praeservabat
796 1523 922 1614 prioris
939 1523 1192 1605 monotheismi,
1210 1530 1245 1589 at
1259 1525 1388 1590 nonita
1408 1545 1498 1590 sane

178 1632 345 1700 sentiebat
357 1631 455 1721 plebs
472 1631 620 1714 ethnica,
638 1631 718 1697 deos
730 1631 945 1720 concipiebat
960 1637 998 1696 ut
1014 1652 1176 1719 personas
1192 1633 1333 1696 omnino
1348 1630 1498 1697 distinc-

177 1722 244 1820 tas,
259 1738 435 1804 distinctas
450 1737 618 1805 habentes
629 1737 823 1804 voluntates
839 1743 872 1803 et
887 1738 1062 1804 contraria
1081 1736 1203 1804 studia.
1225 1741 1349 1822 Moyses
1375 1741 1497 1804 autem

178 1845 313 1912 volebat
328 1846 499 1913 Hebraeos
513 1866 590 1911 suos
606 1844 791 1912 detondere
811 1866 880 1910 non
897 1843 942 1909 ab
962 1843 1179 1910 ethnicorum
1190 1843 1323 1910 arcanis
1335 1842 1495 1923 theoriis,

177 1952 234 2019 sed
249 1952 293 2017 ab
313 1951 488 2018 erroribus
506 1950 747 2041 popularibus;
767 1950 903 2017 volebat
920 1971 977 2016 eos
996 1950 1159 2030 edocere,
1181 1951 1307 2017 lahven
1327 1972 1398 2016 non
1421 1972 1498 2017 esse

180 2088 195 2120 α
225 2058 312 2125 sicut
331 2057 414 2124 deos
437 2058 539 2124 falsos
558 2058 705 2124 aliarum
725 2057 893 2145 gentium,
909 2058 967 2145 qui
984 2056 1100 2146 plnres
1118 2064 1198 2123 sunt
1214 2085 1229 2116 »
1248 2057 1381 2144 (Tusa).
1401 2056 1499 2123 Sicut

180 2164 421 2231 monolatriam
441 2163 639 2231 inculcabat
652 2171 779 2230 ‘contra
800 2162 1021 2253 polylatriam
1048 2163 1273 2252 (simulacra),
1297 2165 1344 2229 ita
1371 2168 1494 2231 contra

178 2269 443 2358 polythcismum
458 2269 656 2336 inculcabat
668 2269 957 2336 monotheismum
974 2292 982 2334 :
999 2268 1041 2335 de
1062 2270 1126 2335 lroc
1143 2271 1258 2355 agitur
1277 2275 1346 2349 δώ.
1367 2269 1495 2348 Quodsi

179 2398 259 2441 vero
275 2376 330 2441 cui
349 2374 505 2442 videatur
526 2380 650 2463 Moyses
672 2376 766 2442 hisce
789 2374 902 2441 verbis
926 2374 1123 2464 repudiasse
1149 2375 1376 2464 quorumdam
1400 2376 1499 2444 inter

178 2482 324 2569 gentiles
335 2481 552 2549 subtiliorum
571 2482 791 2568 ingeniorum
811 2480 976 2568 cogitata,
998 2481 1058 2570 qui
1071 2480 1280 2549 intimiorem
1303 2483 1495 2572 quamdam

180 2596 214 2657 ct
229 2589 356 2656 realem
375 2588 592 2655 adstruerent
605 2589 779 2655 variorum
796 2589 940 2655 deorum
959 2588 1144 2669 unitatem,
1162 2589 1277 2655 videat
1300 2591 1328 2654 is
1342 2612 1385 2655 ne
1403 2595 1497 2680 lloy·

178 2719 237 2763 sen
251 2696 355 2763 faciat
369 2695 535 2785 implicite
549 2695 801 2762 confodientem
816 2694 944 2782 dogma
958 2695 1139 2762 Trinitatis.

222 2808 378 2869 Ceterum
406 2801 551 2891 exprimi
575 2803 788 2891 potissimum
818 2802 1041 2886 nannetem,
1063 2801 1145 2870 inde
1166 2803 1270 2870 etiam
1298 2803 1493 2886 intulerim,

179 2909 272 2996 quod
295 2931 366 2973 non
390 2908 525 2974 dicatur
546 2912 636 2973 Deus
663 2931 753 2974 rentes
773 2921 837 2992 est,
864 2907 923 2973 sed
942 2907 1045 2973 labne
1062 2930 1152 2975 unus
1171 2922 1231 2994 est,
1254 2910 1356 2975 lahve
1375 2915 1495 2978 autem

179 3035 305 3080 nomen
323 3019 373 3079 est
397 3036 467 3079 non
490 3021 649 3090 naturae,
673 3013 731 3079 sed
751 3013 960 3080 substantiae
987 3013 1175 3085 exsistentis
1197 3017 1387 3105 proprium,
1411 3016 1497 3084 licet

180 3123 344 3186 enatura
362 3124 498 3207 petatur
520 3118 631 3207 sitque
658 3118 747 3199 eius,
775 3119 834 3206 qui
856 3141 945 3185 unus
964 3118 1077 3186 dicere
1093 3128 1197 3210 queat
1217 3145 1224 3186 :
1250 3126 1363 3189 «Sum
1383 3150 1399 3183 »
1420 3123 1492 3210 (Ex.

180 3225 292 3314 att),
311 3225 422 3290 habeo
446 3224 696 3313 plenitudinem
709 3225 858 3306 essendi,
876 3225 977 3292 unica
991 3248 1066 3293 sum
1086 3248 1188 3295 causa
1203 3229 1347 3309 essendi,
1370 3229 1496 3295 unicus

178 3333 253 3398 iure
273 3331 396 3398 merito
416 3330 555 3398 nomine
581 3331 681 3397 lahve
705 3330 871 3422 appellor.
899 3331 1071 3399 Eiusmodi
1090 3333 1315 3402 substant-iam
1331 3334 1494 3402 exsisten-

178 3445 246 3506 tem
261 3461 364 3506 unam
380 3460 451 3505 esse
470 3437 600 3508 unitate
611 3437 781 3505 essentiali
795 3437 935 3505 evidens
954 3446 1039 3519 erat,
1056 3445 1092 3506 at
1105 3441 1226 3509 merito
1242 3441 1491 3531 quaerebatur,

174 3552 311 3613 essetne
337 3546 455 3612 eadem
479 3547 583 3612 etiam
608 3539 729 3626 unica,
753 3545 777 3610 i.
802 3568 832 3611 e.
860 3567 928 3612 una
947 3545 1078 3614 unitate
1093 3548 1270 3615 numerica
1286 3572 1346 3614 seu
1364 3547 1494 3615 indivi-

178 3651 273 3718 duali
287 3673 328 3716 an
343 3674 422 3717 veru
436 3675 454 3718 c
468 3652 623 3740 pluribus
637 3651 750 3742 specie
766 3651 884 3718 iisdem
900 3675 982 3720 una.
999 3653 1148 3721 Tandem
1173 3678 1204 3725 v.
1231 3663 1261 3735 t,
1281 3655 1345 3721 nisi
1363 3677 1493 3744 suppo-

180 3763 281 3824 natur
295 3764 432 3845 practcr
453 3780 590 3824 omnem
615 3763 808 3824 contextum
831 3780 900 3825 esse
927 3759 1135 3848 adscriptus,
1155 3761 1324 3828 rationem
1339 3761 1494 3848 assignat

180 3863 332 3930 mandati
352 3886 383 3929 v.
402 3871 421 3931 5
442 3863 610 3949 diligendi
626 3866 727 3932 lahve
750 3886 792 3930 ec
816 3876 884 3930 toto
901 3865 1000 3931 corde
1017 3888 1025 3934 :
1042 3869 1137 3957 atqui
1151 3891 1189 3934 ex
1204 3876 1273 3934 toto
1289 3867 1391 3934 corde
1409 3867 1493 3935 dili-

180 3970 313 4055 gendus
337 3971 439 4036 lahvc
458 3975 529 4036 tum
547 3971 676 4054 solum,
696 3972 725 4037 si
744 3972 786 4037 sit
801 3976 887 4038 [teus
908 3973 1041 4050 unicus3
1063 3973 1184 4062 quodsi
1204 3975 1295 4041 enim
1309 3975 1490 4042 adstruan-

180 4083 236 4142 tur
253 4076 302 4142 dii
316 4075 401 4153 duo,
420 4075 540 4142 suadet
560 4078 645 4142 ratio
666 4083 698 4143 et
715 4078 889 4166 aequitas,
909 4084 1015 4145 utcor
1030 4079 1210 4147 interillos
1225 4080 1411 4147 dividatur.

224 4187 326 4247 Porro
349 4205 367 4247 e
387 4181 635 4249 fundamentali
656 4182 816 4270 dogmate
838 4184 880 4251 de
902 4185 1064 4252 unicitatc
1086 4187 1142 4253 Dei
1159 4209 1217 4253 seu
1239 4188 1493 4256 monotheismo

179 4288 311 4353 derivat
332 4296 447 4354 orator
470 4289 621 4378 primum
651 4295 684 4355 ot
707 4311 878 4356 summum
909 4291 1108 4358 mandatum
1133 4295 1257 4378 (ttattlr.
1287 4301 1387 4373 2237
1415 4317 1489 4383 sq.;

174 4398 273 4462 Marc.
298 4400 397 4473 1239
420 4417 492 4484 sq.;
511 4402 588 4463 Luc.
622 4403 720 4476 1027
748 4398 816 4486 sq.)
843 4416 850 4463 :
875 4420 906 4463 r.
935 4406 954 4464 5
980 4426 995 4458 «
1023 4398 1151 4486 De'lr'ycs
1175 4402 1357 4467 coruinum
1379 4404 1490 4468 ,Deum

178 4513 328 4568 triremes
348 4514 416 4567 toto
437 4502 536 4568 corde
556 4516 629 4587 leco,
648 4516 680 4569 et
700 4526 741 4568 er
761 4516 832 4569 totu
851 4503 970 4570 aniene
987 4517 1060 4587 tua,
1079 4518 1110 4572 ee
1132 4530 1174 4572 ec
1192 4520 1263 4574 tutu
1279 4508 1491 4595 fortitudine

177 4621 238 4675 tua
255 4636 284 4675 u.
302 4614 380 4676 Tres
395 4609 624 4699 expressiones
644 4632 855 4697 synonymae
873 4611 1023 4698 (derisu.)
1040 4613 1229 4702 emphasim
1245 4617 1411 4683 sermonis
1426 4637 1489 4684 au·

176 4723 270 4802 gout.
289 4718 400 4784 Tertia
415 4717 549 4785 duabus
560 4716 845 4808 praecedentibus
857 4716 1063 4786 adscribitur
1077 4720 1187 4788 solum
1203 4721 1240 4789 in
1259 4722 1361 4789 laude
1382 4722 1491 4792 losiac
