3366 5346
644 284 735 329 anons
757 284 878 329 monia
900 284 1031 327 rnrnrvsr.
1458 272 1496 329 83

185 416 391 483 dictionibus
417 416 573 483 accrevit.
600 421 680 483 Erat
701 424 774 483 tum
797 417 896 483 thora
914 417 1003 484 liber
1022 439 1091 484 non
1115 424 1284 501 mortuus,
1308 418 1367 485 sed
1389 420 1497 501 vivus,

184 545 251 590 non
280 523 434 612 loquelae
463 545 598 612 experS‚
627 522 686 590 sed
708 523 854 612 loquens
878 523 984 590 verbo
1015 530 1049 590 et
1077 524 1208 591 calamo
1237 524 1497 614 prophetarum.

185 629 401 718 impetebant
422 632 558 697 thorarn
579 629 740 697 conviciis
759 629 957 711 adversarii,
980 629 1264 720 pseudo-tharam
1287 630 1501 712 dictitabant,

184 735 256 803 eius
279 734 536 803 maledictiones
555 736 674 803 inanes
695 757 765 803 esse
790 736 902 802 minas
922 736 1197 826 proclamabant3
1220 736 1294 827 ipsa
1314 736 1502 827 aliquando
1601 720 1609 732 ⁹

184 842 284 909 thora
304 840 407 908 insui
423 841 656 909 defensionem
677 842 744 909 alte
758 842 893 908 sustulit
907 863 1038 909 vocem.
1058 846 1122 909 Per
1132 842 1336 932 proplietam
1354 843 1503 933 aliquem

184 949 287 1038 capiti
307 954 349 1014 ’28
370 948 550 1037 adscripsit
569 971 602 1015 v.
626 954 741 1029 'er-68,
765 947 875 1015 minas
898 948 1031 1015 dudum
1054 950 1311 1038 praenuntiatas
1334 973 1367 1014 v.
1399 956 1504 1016 15-’46

184 1076 252 1120 non
278 1056 465 1144 suppressit
489 1076 602 1144 neque
624 1054 825 1135 attenuavit,
852 1054 910 1121 sed
937 1055 1173 1123 corroboravit
1198 1056 1239 1121 iis
1263 1055 1390 1136 verbis,
1416 1078 1504 1145 quae

184 1183 298 1228 osores
322 1163 444 1228 thorae
471 1161 769 1228 vehementissime
793 1166 1051 1228 commoverent
1077 1168 1111 1227 et
1137 1162 1281 1228 horrore
1303 1161 1500 1250 implerent.

184 1268 353 1357 Propheta
376 1290 458 1334 vero
482 1266 541 1332 illc
564 1267 725 1333 utebatur
747 1266 822 1333 iure
848 1290 922 1348 suo,
953 1273 1026 1334 erat
1051 1268 1143 1334 enim
1169 1267 1353 1357 propheta,
1378 1267 1501 1334 vindex

185 1375 318 1440 thorae.
335 1373 426 1440 Fecit
444 1373 532 1462 ipse,
552 1373 646 1461 quod
664 1373 883 1462 postmodum
903 1373 983 1440 lecit
1003 1374 1163 1440 Ieremias
1184 1375 1260 1463 (ler.
1278 1372 1405 1461 36,3‘·2),
1425 1375 1497 1463 qui,
1587 1384 1595 1399 '

184 1501 261 1545 cum
285 1479 416 1545 loahim
435 1502 494 1546 ren
514 1478 586 1546 eius
603 1479 734 1545 librum
754 1479 907 1568 aliquem
933 1479 1185 1561 combussisset,
1209 1480 1357 1547 eundem
1377 1480 1501 1546 verbo-

183 1593 280 1652 tenus
299 1585 428 1651 librum
444 1584 626 1675 rescripsit,
647 1583 773 1652 additis
790 1586 1007 1652 sermonibus
1022 1586 1132 1652 multo
1150 1586 1318 1675 pluribus.
1337 1590 1405 1652 Hoc
1419 1608 1501 1675 pro-

184 1691 306 1779 phetae
330 1690 605 1757 additamentum
631 1691 785 1758 habebat
812 1691 916 1773 illud,
945 1691 1040 1781 quod
1066 1698 1183 1782 postea
1206 1691 1337 1758 lleleias
1360 1692 1499 1782 reperit,

181 1797 301 1865 thorae
331 1797 518 1887 exemplar,
547 1797 687 1887 quando
712 1803 791 1865 ante
819 1799 941 1866 losiam
967 1821 1087 1887 regem
1116 1800 1154 1865 in
1180 1799 1354 1866 aerarium
1381 1798 1502 1887 templi

184 1904 219 1991 (Ξ
232 1907 307 1969 Par.
325 1903 440 1991 aula)
457 1903 660 1972 abdebatur.
678 1905 846 1994 Propheta
863 1911 979 1972 autem
994 1904 1052 1971 ille
1068 1906 1190 1973 thorae
1204 1927 1285 1972 suae
1301 1904 1502 1971 accersebat

181 2019 251 2074 tam
269 2009 495 2098 pentalogum
508 2031 614 2099 quam
629 2009 888 2076 maledictiones
905 2011 1012 2099 (licut.
1030 2017 1145 2091 2858.
1159 2014 1228 2098 61).
1318 2023 1322 2029 ’

226 2115 403 2193 Quomodo
432 2116 560 2182 iactum
590 2121 656 2196 est,
687 2121 724 2183 ut
751 2116 789 2182 in
820 2116 993 2184 aerarium
1030 2116 1149 2206 ternpli
1180 2116 1366 2183 abderetur
1392 2116 1501 2182 liber?

97 2221 101 2228 ’
182 2226 393 2310 Reposuerat
419 2225 553 2308 Moyses,
573 2222 624 2287 uti
644 2222 830 2302 canticum,
852 2223 902 2288 ita
923 2225 1027 2289 etiam
1049 2222 1186 2290 theram
1208 2223 1254 2290 ad
1272 2222 1363 2289 latus
1381 2243 1498 2301 areae3

181 2327 228 2394 ib.
249 2335 261 2393 1
287 2333 368 2413 Reg.
389 2334 489 2409 1035
506 2327 658 2417 reposuit
681 2328 819 2395 Samuel
841 2329 978 2405 thoram
998 2328 1209 2397 collectaneo
1229 2335 1378 2396 auctam.
1400 2328 1501 2395 lllata

181 2433 289 2521 igitur
307 2441 356 2501 est
377 2435 480 2500 thora
500 2434 604 2500 etiam
627 2434 664 2500 in
683 2434 853 2524 templum
880 2435 1082 2515 Salomonis,
1104 2435 1184 2503 licet
1203 2441 1222 2501 3
1242 2439 1325 2521 Reg.
1354 2439 1410 2515 &l
1430 2456 1500 2500 non

182 2540 402 2629 exprimatur,
428 2561 487 2607 seu
514 2539 630 2606 verius
652 2540 868 2629 expressione
897 2568 913 2602 «
939 2564 1020 2608 vasa
1037 2541 1222 2608 sanctuarii
1247 2570 1262 2601 »
1285 2540 1496 2606 includatur.

182 2651 269 2712 Arca
293 2669 374 2712 vero
399 2653 419 2711 2
445 2650 520 2711 Par.
548 2652 628 2728 35,3
653 2646 717 2712 suh
740 2646 880 2733 regibus
906 2648 1071 2736 apostatis
1096 2670 1115 2712 e
1145 2645 1342 2713 sanctuario
1368 2651 1500 2711 remota

183 2753 304 2834 luerat,
333 2774 413 2818 sane
438 2774 482 2818 ne
506 2754 766 2841 profanaretur3
791 2751 995 2819 servabatur
1021 2752 1150 2819 alicubi
1176 2752 1212 2817 in
1240 2751 1381 2839 templo,
1408 2750 1499 2816 idem

182 2860 310 2947 quippe
332 2864 440 2926 tentus
461 2859 621 2945 suggerit
646 2858 840 2925 sacerdotes
860 2858 958 2925 illam
981 2858 1025 2926 ad
1047 2880 1168 2925 manus
1188 2857 1366 2940 habuisse,
1388 2878 1501 2945 neque

181 2966 253 3030 sine
279 2986 414 3032 summa
436 2964 557 3055 populi
580 2963 808 3032 admiratione
829 2971 864 3032 et
887 2966 1116 3033 commotione
1144 2986 1224 3032 arca
1248 2986 1266 3030 e
1293 2962 1422 3052 templo
1450 2963 1501 3029 el-

180 3070 263 3136 ierri
280 3071 404 3161 potuit.
428 3076 499 3137 Non
518 3070 711 3138 affirmatur
731 3093 812 3138 area
834 3071 956 3139 eodem
975 3071 1051 3138 loco
1073 3071 1133 3138 ubi
1151 3071 1254 3138 thora
1276 3090 1347 3137 esse
1368 3068 1497 3146 abdita,

181 3176 261 3244 licet
281 3176 368 3243 illud
388 3176 569 3266 probabile
584 3177 639 3261 sit,
656 3199 735 3245 cum
756 3179 793 3245 in
814 3179 1010 3246 sanctuario
1031 3179 1117 3246 haec
1136 3200 1206 3245 una
1224 3175 1365 3258 fuerint,
1388 3175 1500 3264 sitque

83 3318 85 3322 ·
182 3282 253 3350 veri
274 3283 384 3364 simile
405 3306 445 3350 ea
466 3283 569 3350 simul
591 3283 674 3350 inde
694 3284 796 3352 luisse
814 3290 958 3352 remota.
982 3288 1141 3352 Ceterum
1163 3306 1274 3372 neque
1292 3304 1354 3348 nos
1378 3281 1415 3346 id
1435 3303 1499 3370 pro

181 3394 274 3456 certo
291 3390 513 3456 affirmamus.
534 3393 657 3456 Verum
678 3390 820 3478 quinam
839 3390 944 3456 tutior
960 3391 1052 3457 inter
1070 3389 1187 3456 omnia
1205 3387 1326 3476 templi
1341 3386 1498 3453 cubicula

182 3495 288 3575 locus,
312 3518 416 3585 quam
435 3495 557 3584 templi
575 3497 759 3578 aerarium,
784 3496 877 3586 quod
897 3501 988 3564 certe
1007 3497 1170 3563 continuo
1191 3500 1266 3561 erat
1286 3493 1495 3571 obseratum,

182 3601 317 3668 nonnisi
342 3602 513 3691 pontificis
535 3609 568 3669 et
590 3602 785 3692 aliquorum
813 3602 1058 3669 fidissimorum
1084 3602 1321 3668 ministrorum
1347 3600 1498 3666 accessui

128 3784 132 3793 ¹
184 3702 343 3797 patebat?
370 3713 451 3775 Erat
480 3708 509 3774 is
541 3731 620 3776 sane
653 3709 749 3777 locus
785 3709 908 3776 eximie
939 3714 1045 3776 tutus.
1076 3713 1191 3797 Neque
1221 3704 1501 3796 improbabiliter

182 3813 320 3881 coniicit
336 3816 478 3898 Morere,
498 3819 565 3897 Xll,
588 3820 630 3883 aa
657 3817 832 3905 exemplar
856 3815 957 3899 illud,
980 3815 1071 3904 quod
1098 3819 1275 3904 repertum
1298 3821 1363 3892 est,
1388 3813 1498 3899 ipsum

181 3920 285 3987 luisse
304 3943 441 3987 suerrum
456 3921 646 4010 emerammi,
665 3921 759 4011 quod
779 3922 823 3988 ad
843 3923 931 3988 latus
949 3944 1049 3988 arcae
1069 3922 1123 3988 vel
1144 3929 1235 3988 certe
1254 3940 1361 4007 prope
1382 3936 1500 3980 arcam

182 4032 284 4094 antea
311 4027 563 4108 asservabatur,
593 4034 677 4117 puta
702 4033 860 4117 temporo
888 4028 1068 4109 Ezechiae;
1094 4027 1191 4107 licet,
1218 4026 1244 4092 si
1273 4024 1339 4088 hoc
1366 4043 1502 4089 sacrum

182 4133 355 4222 exemplar
369 4140 585 4224 supponatur
603 4139 788 4201 alienasse
808 4135 958 4202 flammis
978 4158 1048 4202 esse
1070 4134 1304 4222 absumptum,
1321 4129 1501 4196 adstruen-

181 4237 265 4306 dum
284 4240 347 4306 erit
367 4239 561 4307 sacerdotes
585 4240 681 4308 aliud
700 4241 843 4330 aliquod
864 4242 1041 4330 exemplar
1059 4241 1096 4306 in
1118 4239 1289 4306 aerarium
1312 4234 1498 4302 abdidisse.
1590 4304 1593 4309 ,

181 4349 253 4411 Non
280 4352 330 4412 est
356 4347 528 4413 sufficiens
554 4347 642 4413 ratio
669 4346 883 4430 affirmandi,
910 4348 1086 4436 exemplar
1115 4345 1159 4411 ab
1186 4345 1300 4411 Heleia
1326 4347 1498 4431 repertum

181 4450 282 4519 tuisse
299 4452 412 4541 ipsum
434 4453 551 4540 Moysis
574 4454 847 4543 autographum
868 4455 911 4520 el.
933 4477 968 4543 p.
992 4460 1045 4520 76.

226 4559 366 4626 Latebat
383 4560 524 4626 interim
548 4560 584 4626 in
603 4562 736 4627 aerario
750 4560 851 4640 liber,
872 4560 1012 4649 ipnotrcs
1025 4582 1095 4626 non
1116 4563 1199 4624 erat.
1218 4557 1395 4624 Sciebatur
1410 4551 1498 4618 eins·

188 4663 281 4730 modi
296 4664 426 4733 librum
450 4665 639 4756 aliquando
659 4666 833 4747 exstitisse,
855 4674 888 4732 et
909 4667 945 4732 in
968 4696 982 4725 a
1009 4672 1180 4753 patrum»
1202 4661 1363 4728 manibus
1376 4656 1496 4728 luisse;
