3366 5346
175 281 216 338 at
730 285 937 331 inraeouerre.

224 430 403 495 Censemus
418 424 533 514 igitur,
551 425 639 489 sicut
650 433 728 489 acta
743 420 927 488 cartusiano
939 419 1036 506 fetere
1052 443 1069 485 c
1085 418 1170 484 libro
1186 418 1346 506 br‘partito
1362 417 1494 498 ancisa,

176 534 226 599 ita
241 533 345 599 etiam
361 530 514 596 indidem
529 552 598 597 esse
613 529 763 596 excisam
776 527 1010 594 narrationem
1023 526 1172 593 restituti
1179 524 1341 613 soerleris.
1360 525 1494 591 Utrius-

177 662 242 728 que
258 637 510 705 imminutionis
525 649 637 703 tentus
657 658 727 702 rena
744 647 793 701 est
812 633 913 700 ratio.

223 751 312 822 Quae
330 746 372 811 de
391 744 559 810 librorum
580 763 756 809 sacrarum
773 740 850 807 fatis
869 763 953 807 aevo
975 761 1097 825 regum
1118 740 1357 828 comperimus,
1382 739 1494 826 pluri-

179 874 270 917 mam
290 852 403 917 lucem
422 852 568 917 atterunt
585 848 616 915 ei
636 869 811 916 sacrorum
831 846 1000 913 librorum
1017 845 1134 931 stragi,
1155 867 1260 934 quam
1278 849 1327 910 Ps.
1349 845 1491 911 Esdram

178 957 393 1046 potissimum
423 956 529 1023 secuti
559 954 730 1022 admisere
761 958 876 1020 Patres
908 975 945 1042 p.
979 960 998 1019 9
1029 975 1080 1041 sq.
1111 951 1285 1034 recensiti,
1317 973 1493 1040 quamque

178 1065 308 1151 Chrys,
329 1062 532 1129 Theoderet.
552 1062 675 1128 merito
692 1060 809 1149 impiis
830 1059 1035 1127 ludaeorum
1060 1059 1200 1145 regibus
1219 1058 1374 1124 effectam
1394 1059 1492 1123 attri-

177 1171 294 1237 buere.
309 1168 437 1246 Quibus
447 1167 553 1234 addas
564 1171 651 1258 Bap.
667 1168 725 1256 (tte
737 1166 881 1232 victoria
893 1165 994 1231 Verbi
1008 1166 1140 1232 [teiVll.
1156 1170 1214 1242 32;
1225 1167 1272 1230 dl.
1288 1169 1491 1251 1aa‚1380):

180 1305 195 1338 α
211 1282 333 1362 Legem
349 1276 422 1364 ipse
437 1302 452 1335 a
469 1274 616 1363 (Esdras)
630 1301 645 1334 «
664 1271 851 1352 renovavit,
868 1273 1054 1361 scripturas
1067 1277 1211 1350 sanetas,
1228 1293 1315 1359 quac
1332 1270 1492 1360 propriae

178 1405 276 1449 vaces
301 1387 381 1448 sunt
402 1381 597 1467 Verbilltei
621 1380 794 1469 dispersas
818 1379 942 1467 vixque
964 1378 1172 1464 babylonico
1193 1378 1274 1463 igne
1296 1375 1494 1466 superstites

177 1489 249 1579 ipse
269 1489 495 1574 congregavit
517 1509 556 1554 ac
577 1486 777 1553 reformavit
799 1513 828 1552 υ.
852 1487 962 1572 Igitur
980 1485 1078 1551 sactis
1099 1508 1134 1574 p.
1155 1491 1269 1550 61:16.
1293 1491 1334 1550 79
1353 1506 1372 1549 a
1391 1483 1494 1549 nobis

179 1595 386 1662 enumeratis
405 1593 632 1661 adscribimus
654 1593 722 1658 iam
742 1592 832 1658 facta
851 1593 1028 1681 sequentia
1048 1612 1063 1657 :-

223 1701 292 1789 (13)
306 1699 552 1790 pentateuchus
566 1722 647 1780 non,
663 1697 775 1788 qualis
787 1721 879 1764 nanc
892 1711 957 1781 est,
975 1721 992 1764 e
1007 1698 1135 1787 Moysis
1148 1697 1280 1764 caliano
1298 1695 1417 1784 fluuit,
1431 1695 1494 1762 secl

178 1807 364 1897 optutibus
383 1805 520 1896 scriptis
534 1806 694 1871 mosaicis
714 1804 862 1889 coaluit,·

222 1914 291 2003 (rt)
308 1915 391 1980 lracc
412 1913 542 2003 scripto
564 1935 634 1978 non
656 1912 793 2000 inteqra
817 1913 854 1977 in
880 1933 1003 1978 monas
1025 1934 1141 1978 eoram
1159 1922 1406 2000 peruenerunt,
1431 1909 1493 1999 qui
1565 1948 1568 1953 ·

169 2020 439 2109 pentateuchum
460 2030 713 2108 conpescerunt,
728 2018 789 2086 sed
801 2017 882 2109 plus
896 2018 1010 2085 minus
1025 2018 1229 2108 desiperem,
1243 2017 1426 2106 discerpta,
1439 2038 1494 2082 re-

176 2141 281 2194 sarta.

225 2234 295 2321 (15)
319 2232 544 2299 Pentateuclti
565 2244 675 2297 tectas
690 2223 804 2297 noster
822 2243 871 2296 est
892 2243 1003 2297 tectus
1014 2231 1166 2320 plurimo
1179 2245 1212 2297 et
1231 2229 1339 2297 arelato
1356 2229 1493 2318 ncqotio

177 2341 363 2418 restitutus,
385 2350 500 2427 estque
522 2350 559 2403 ut
574 2349 686 2403 tentus
701 2336 878 2404 restitutas
893 2359 915 2403 a
927 2337 1023 2404 nobis
1037 2337 1273 2427 replicandus.

223 2452 294 2524 Qua
305 2445 343 2510 ia
356 2468 392 2511 re
405 2445 676 2511 consentientem
686 2443 783 2510 nobis
796 2444 965 2510 habemus
979 2444 1088 2525 Hier,
1101 2445 1161 2535 qui
1173 2451 1291 2513 contra
1301 2441 1492 2510 Helvidium

181 2554 227 2639 (n.
247 2560 283 2631 73
300 2554 347 2617 M.
364 2552 500 2640 23,190)
517 2550 565 2616 ait
582 2571 589 2619 :
613 2580 627 2610 «
650 2551 724 2617 Sive
743 2555 875 2639 Moysen
888 2551 1003 2618 dicere
1019 2551 1168 2618 volueris
1185 2559 1359 2619 auctorem
1375 2554 1494 2638 penta-

177 2658 305 2742 teuchi,
323 2659 392 2724 sire
404 2659 545 2725 Esdram
561 2657 712 2723 eiusdem
725 2656 990 2727 instauratorem
1000 2658 1125 2748 operis,
1143 2681 1214 2724 non
1225 2680 1342 2725 recuso
1353 2686 1381 2722 ».
1396 2660 1492 2736 Nota,

175 2766 308 2833 nullam
330 2788 400 2832 csse
422 2763 516 2855 apud
536 2763 625 2831 Hier.
651 2764 887 2831 auctoritatem
913 2769 932 2829 t
954 2764 1064 2847 Esdr.‚
1093 2788 1162 2832 non
1186 2772 1237 2833 Ps.
1267 2764 1389 2831 Esdrac
1412 2764 1448 2829 h.
1469 2762 1492 2829 l.

176 2873 297 2938 recitat
313 2872 483 2951 lalmlan13
500 2870 605 2936 habet
619 2876 734 2936 tamen
749 2871 801 2936 vir
819 2870 857 2936 in
871 2870 1104 2963 Hebraeorum
1119 2871 1362 2938 traditionibus
1380 2892 1496 2936 versa·

178 2978 325 3044 tissimus
338 2977 382 3042 ob
401 2977 486 3043 alias
500 2976 653 3041 rationes
667 2997 881 3065 persuasum,
903 2978 1172 3066 pentateuchum
1188 3000 1257 3046 non
1275 3001 1344 3045 esse
1361 3000 1493 3045 merum

178 3082 417 3170 apographum
433 3081 553 3171 scripti
572 3080 728 3163 mosaici,
746 3081 806 3148 sed
825 3104 882 3149 eas
901 3083 967 3150 hoc
983 3084 1147 3174 scriptum
1168 3108 1251 3152 aevo
1267 3084 1402 3152 esdrino
1417 3106 1496 3173 pas-

178 3210 254 3254 sum
279 3209 348 3254 csse
371 3187 589 3268 mutationes,
612 3193 649 3254 ut
673 3187 740 3254 sibi
761 3210 832 3255 non
852 3197 988 3257 censeat
1008 3213 1078 3257 esse
1100 3193 1348 3273 obsistendum,
1372 3191 1497 3280 siquis

179 3294 321 3361 Esdram
339 3293 451 3383 potius
472 3316 575 3384 quam
600 3298 733 3381 Moysen
754 3296 976 3384 pentateuchi
997 3298 1103 3364 nostri
1122 3299 1271 3366 affirmet
1286 3321 1358 3367 esse
1380 3303 1496 3365 aueto-

180 3424 264 3469 rem.
285 3404 446 3490 Superest
463 3423 586 3491 porro,
607 3401 696 3467 utin
716 3424 836 3469 earum
855 3403 1085 3471 mutationum
1101 3412 1261 3472 naturam
1281 3406 1497 3495 inquiramus

179 3515 211 3575 et
227 3509 407 3575 ambitum.
419 3513 563 3575 Externa
578 3508 757 3596 hucusque
772 3513 882 3576 textus
897 3510 1040 3577 vulnera
1052 3512 1275 3602 contemplati
1294 3534 1420 3594 sumuS,
1436 3533 1497 3600 pa·

179 3616 277 3698 ginas
288 3616 433 3695 avulsas,
445 3614 794 3682 lacunas.Videndum
805 3622 970 3704 superest,
984 3618 1111 3707 ipsene,
1123 3623 1288 3708 quatenus
1298 3620 1343 3686 ad
1352 3642 1412 3685 nos
1419 3642 1496 3707 per-

177 3721 266 3786 latus
281 3725 328 3786 est
342 3724 461 3797 textus,
479 3720 614 3806 integer
628 3721 671 3788 sit
689 3726 792 3810 atque
806 3742 926 3802 sanus3
944 3722 1143 3806 videndum,
1163 3749 1232 3815 qua
1246 3727 1379 3793 ratione
1400 3725 1497 3792 varia

179 3826 307 3915 scripta
327 3824 477 3892 mosaica
490 3824 529 3892 in
549 3849 656 3893 unum
677 3827 865 3895 coaluerint
881 3832 1166 3918 pentateuchum
1193 3833 1392 3914 videndum,
1411 3854 1497 3921 quas

178 3934 221 4000 ob
238 3935 324 4000 fines
338 3939 423 4000 Deus
438 3954 514 3999 eam
534 3955 707 4001 sacrorum
722 3935 893 4002 librarum
913 3942 1065 4024 stragem
1082 3938 1277 4023 admiserit;
1293 3939 1495 4021 videndum,

178 4046 293 4105 utrum
310 4061 394 4105 aevo
411 4039 548 4106 esdrino
568 4038 629 4106 soli
645 4040 859 4108 characteres
874 4043 1009 4133 antiqui
1028 4045 1151 4111 mutati
1164 4047 1281 4113 sintin
1296 4047 1495 4136 quadratos,

179 4166 225 4210 an
239 4144 340 4210 etiam
363 4145 432 4210 stili
446 4145 564 4234 aliqua
580 4144 722 4212 nuitalio
742 4147 981 4216 intercesserit.
1000 4150 1064 4217 Ubi
1078 4151 1167 4219 belle
1182 4156 1269 4244 Rup.
1287 4153 1346 4244 (Dc
1357 4154 1498 4219 victoria

181 4248 282 4316 Verbi
301 4252 358 4317 [tei
384 4255 436 4317 lll.
460 4256 518 4330 Et,
543 4254 589 4319 M.
618 4259 786 4334 mamas
806 4253 874 4344 sq.)
902 4277 910 4323 ε
936 4284 952 4317 «
979 4258 1039 4346 qui
1059 4260 1168 4327 voluit
1189 4262 1340 4349 primum
1360 4261 1499 4327 tabulas

180 4356 308 4442 frangi,
332 4356 437 4423 veluit
457 4359 559 4425 ctiam
576 4382 640 4449 per
657 4359 797 4426 Esdram
813 4360 931 4429 literas
950 4365 1089 4447 mutari,
1109 4371 1147 4432 ut
1167 4368 1298 4451 omnia,
1314 4391 1401 4458 quac
1417 4374 1498 4434 tunc

181 4462 328 4530 instituit
345 4467 430 4530 Deus
450 4465 604 4532 nondam
628 4467 729 4533 homo
752 4468 872 4550 factuS,
895 4472 1144 4559 pertransirent
1168 4502 1197 4540 ».
1225 4474 1376 4541 adstruit
1390 4473 1498 4561 igitur

183 4575 270 4661 Rup.
289 4570 441 4659 aliquam
464 4576 606 4659 ailoyse
626 4572 671 4639 ad
693 4573 863 4641 Christum
886 4581 997 4644 textus
1016 4582 1052 4646 V.
1070 4584 1104 4645 T.
1128 4579 1440 4663 deteriorationem,
1462 4583 1499 4644 ut

182 4677 297 4744 oneriia
313 4676 569 4768 (prodammodo
578 4680 844 4769 pertransierint
857 4688 891 4749 et
906 4689 1034 4752 mutata
1049 4685 1129 4772 siat,
1153 4693 1342 4778 apparente
1358 4687 1496 4755 tandem
