3366 5346
195 288 254 347 368
649 303 883 350 coemereuauu
906 301 1057 348 sinaeus.

195 462 273 526 que,
301 440 359 526 qui
382 439 473 528 apud
495 439 730 507 sanctuarium
751 435 979 505 sacerdotalia
998 435 1110 502 cilicia
1134 435 1272 525 implet,
1295 436 1519 503 sacerdotum

193 544 413 633 portionibus
434 546 618 635 participet
643 585 687 594 —
704 568 735 610 v.
764 551 783 609 'i
808 572 823 604 a
843 541 1051 608 titiuistrabit
1072 543 1109 607 in
1129 542 1270 608 noetiue
1289 542 1433 608 Danuui
1452 543 1521 610 Dei

192 651 263 733 sui,
282 651 369 717 sicut
384 644 499 718 oirirtcs
513 653 644 740 [ratres
659 652 732 717 eius
753 649 903 732 Levitae,
928 648 990 738 qui
1017 651 1157 714 stabunt
1172 671 1209 714 eo
1225 662 1374 739 ccupare
1397 672 1516 716 coram

192 757 338 823 licutino
366 786 395 825 ».
415 781 446 825 v.
472 764 491 824 8
513 785 528 818 a
552 761 692 824 Partem
712 757 864 823 ciboreuu
878 754 1021 821 eandem
1037 754 1183 845 accipiet
1200 756 1314 845 [qaam
1331 768 1363 822 ct
1379 758 1515 844 cetertl,

191 875 328 953 eccepto
344 888 394 947 eo,
418 864 513 952 quod
531 865 579 952 [in
606 867 687 930 cerba
711 864 783 952 scta]
806 885 849 928 ec
868 875 1017 952 paterna
1040 861 1073 927 ei
1097 862 1306 929 successione
1322 862 1465 929 debetur
1482 851 1527 930 »J

191 974 286 1036 Verte
305 992 311 1037 :
328 971 479 1060 acceptis
496 969 728 1037 sacerdotibus
745 967 943 1058 iniquitatis
958 981 990 1035 et
1003 967 1129 1056 atrapis.

233 1081 296 1142 Pro
320 1064 406 1140 ebrae
435 1080 550 1165 (Hebe.
575 1075 695 1145 atala.
725 1077 822 1164 Syr.)
845 1074 1032 1162 legendum
1059 1096 1136 1142 cum
1159 1076 1257 1142 Sam·
1286 1079 1375 1142 LXX
1410 1077 1512 1166 Vulq.

189 1170 259 1245 'brai
279 1201 285 1241 :
304 1184 352 1248 ci,
366 1205 399 1250 v.
425 1192 444 1248 o
466 1205 515 1272 sq.
539 1223 583 1233 -
602 1198 707 1247 nisan
724 1171 761 1250 bv
773 1197 890 1247 irinum
906 1169 964 1246 aab
981 1181 1089 1269 (Sam.
1107 1182 1242 1260 aarum),
1259 1182 1418 1271 ,exceptis
1433 1206 1515 1250 aeir-

191 1287 273 1354 clitis
298 1290 370 1356 eius
393 1312 494 1379 sepiar
517 1303 645 1379 patres.
673 1288 828 1356 Eundem
855 1295 984 1355 textum
1007 1287 1172 1375 legebant
1195 1290 1287 1354 LXX
1309 1309 1316 1354 :
1342 1291 1432 1372 Πλὴν
1455 1309 1514 1374 τῆς

189 1401 326 1483 πράσεως
340 1415 393 1480 τῆς
407 1399 483 1465 κατὰ
498 1403 641 1484 carpasia,
660 1400 724 1486 Aq·
747 1418 754 1463 ζ
775 1402 867 1484 χωρὶς
883 1406 940 1462 τῶν
955 1401 1091 1483 spiceae
1110 1401 1198 1463 αὗτεῦ
1213 1402 1261 1462 ἐπὶ
1280 1403 1348 1475 τοὺς
1360 1406 1509 1483 πατέρας;

190 1503 322 1590 Spiritu.
352 1525 359 1570 :
386 1522 440 1587 τῆς
465 1514 598 1585 κτήσεως
615 1510 738 1582 ἕκαστος
760 1521 814 1586 τῆς
835 1505 911 1570 κατὰ
928 1507 1070 1590 πατριάς
1090 1502 1168 1589 Syr.
1197 1523 1204 1570 ζ
1228 1513 1368 1590 excepta
1389 1501 1511 1568 vendi-

190 1608 282 1674 tione
299 1622 455 1697 patrum.
482 1615 602 1675 Textus
624 1608 709 1699 ipse,
735 1608 921 1685 versiones,
939 1608 1167 1698 interpretum
1191 1609 1382 1674 tentamina
1405 1608 1512 1675 indu-

191 1715 285 1781 bium
306 1721 386 1781 sunt
405 1720 652 1801 argumentum
667 1715 822 1803 corrupti
840 1718 960 1780 textus·
979 1713 1039 1779 Cui
1054 1712 1261 1800 corrigendo
1274 1713 1365 1781 viam
1385 1716 1511 1782 sternit

191 1820 311 1889 ottold.
335 1843 397 1911 pro
420 1837 510 1886 itinn
534 1821 686 1888 scribens
714 1835 845 1892 aaran,
875 1819 1081 1912 custodiam,
1109 1842 1229 1886 vocem
1256 1820 1509 1910 exprimentem

189 1928 332 2017 aliquod
352 1928 504 1995 cilicium
526 1950 679 2009 sacrum3
698 1926 890 1994 cuiusmodi
913 1949 974 1992 vox
997 1927 1161 2009 hebraea,
1189 1926 1323 1993 duabus
1353 1932 1508 1994 tantum-

189 2035 289 2101 modo
314 2035 579 2101 consonantibus
601 2033 826 2124 transpositis,
856 2039 905 2100 ost
924 2048 1014 2098 iiim
1029 2052 1047 2094 a
1062 2049 1135 2106 ina,
1155 2031 1249 2122 quod
1268 2040 1287 2100 ta
1306 2038 1391 2120 aeg.
1410 2040 1504 2115 23,5;

188 2145 239 2207 Os.
260 2149 372 2221 10,15;
391 2142 496 2230 Soph.
517 2148 571 2222 1,t
592 2140 800 2206 sacerdotem
818 2138 990 2206 idolorum
1007 2147 1116 2205 sonat.
1135 2144 1223 2224 Ergo
1237 2162 1299 2228 pro
1315 2154 1433 2204 iiiam
1447 2130 1506 2205 'inb

187 2262 293 2309 aaran
313 2237 350 2313 br
376 2246 509 2332 corrige
535 2261 642 2311 nanim
668 2235 741 2313 abir
761 2261 864 2310 ranan
885 2234 953 2317 aab,
988 2245 1138 2335 exceptis
1169 2244 1404 2312 sacerdotibus
1439 2246 1507 2313 iui-

188 2352 332 2442 quitotis
363 2352 419 2438 (cl.
449 2340 521 2418 abir
538 2368 589 2414 ηπ
611 2358 632 2417 2
653 2356 735 2437 Reg.
765 2351 859 2439 3,3ῑι)
882 2363 913 2417 et
940 2351 1064 2440 oiaqis.
1092 2356 1272 2418 Contentus
1293 2356 1345 2417 est
1365 2352 1506 2420 omnino

189 2459 409 2547 perspicuus:
428 2481 459 2524 v.
481 2464 541 2524 6-8
556 2457 672 2545 agitur
687 2458 729 2525 de
751 2456 890 2525 aliunde
909 2458 955 2524 ad
971 2456 1203 2525 sanctuarium
1225 2457 1389 2539 advectis,
1415 2480 1504 2547 quo-

187 2586 265 2630 rum
291 2564 432 2654 quidam
453 2587 486 2632 v.
512 2570 586 2631 6-8·
604 2564 818 2645 admittendi,
835 2563 896 2630 alii
918 2587 950 2630 v.
972 2569 1007 2632 8¹³
1024 2563 1240 2631 excludendi.
1260 2564 1313 2630 llli
1329 2586 1435 2653 porro
1449 2587 1504 2632 sa·

187 2669 341 2738 cerdotes
366 2670 537 2739 idolorum
562 2671 850 2757 intelligunturne
878 2693 948 2737 esse
974 2671 1126 2753 Levitae,
1151 2673 1291 2737 annon?
1316 2672 1348 2736 Si
1372 2693 1504 2760 suppo·

185 2784 405 2844 uantur-non
438 2778 537 2844 luisse
571 2777 717 2855 Levitae,
746 2800 831 2864 ergo
861 2799 901 2843 ex
931 2777 1088 2843 universo
1118 2776 1239 2842 ordine
1268 2777 1505 2866 quorumlibet

184 2884 399 2950 sacerdotum
415 2884 478 2950 soli
493 2883 687 2950 sacerdotes
706 2883 881 2950 idolorum
896 2882 1123 2951 excluduntur
1134 2905 1155 2949 a
1167 2883 1383 2972 portionibus
1396 2883 1502 2949 sacris

183 2989 277 3077 apud
304 2990 537 3056 sanctuarium
570 2990 674 3055 lahvo
697 3011 705 3055 ε
732 3012 801 3055 non
823 2988 1052 3056 excluduntur
1074 2989 1126 3055 illi
1151 2991 1326 3057 variarum
1342 2987 1497 3055 tribuum

185 3094 460 3183 israelitae„qui
492 3097 529 3162 in
557 3094 725 3162 altaribus
749 3095 893 3184 privatis
921 3098 1044 3163 lalivac
1067 3095 1320 3163 sacrificabant.
1342 3095 1442 3184 atqui
1460 3095 1501 3162 hi

182 3200 369 3267 certissime
404 3223 473 3266 non
502 3200 776 3268 admittebantur
804 3202 849 3268 ad
878 3202 1153 3299 communionem
1185 3201 1408 3269 haereditatis
1435 3202 1500 3269 soli

182 3307 261 3374 Levi
277 3328 466 3374 concessae.
485 3312 573 3394 Ergo
588 3308 703 3374 verbis
717 3331 749 3374 ν.
767 3315 787 3375 8
801 3308 1029 3375 exeluduntur
1042 3309 1235 3375 sacerdotes
1245 3309 1297 3375 illi
1309 3308 1497 3391 idolorum,

182 3414 242 3505 qui
262 3415 394 3501 origine
415 3422 515 3482 erant
537 3414 684 3481 Levitae.
710 3419 793 3481 Tota
817 3413 977 3504 pericope
1006 3438 1037 3480 ν.
1065 3421 1120 3482 1-8
1143 3416 1216 3500 agit
1240 3416 1282 3482 dc
1304 3415 1385 3482 solis
1400 3415 1499 3481 Lcoi·

182 3521 224 3586 tis
247 3541 254 3587 :
282 3521 415 3588 Levitae
438 3544 555 3588 omnes
581 3522 625 3588 ad
648 3543 745 3589 sacra
773 3520 1020 3599 admittuntur,
1043 3520 1271 3588 excluduntur
1292 3521 1420 3611 perditi
1449 3521 1497 3586 illi

182 3629 326 3707 Levitae,
342 3629 402 3711 qui
418 3629 471 3693 vel
486 3634 689 3717 paupertate
702 3628 810 3716 pressi
822 3629 876 3694 vel
889 3615 976 3694 lueri
992 3627 1180 3717 cupiditate
1196 3628 1303 3694 illecti
1316 3635 1375 3695 aut
1386 3627 1496 3694 idolo·

181 3733 302 3799 latriae
324 3739 382 3799 aut
404 3734 539 3819 riiagiae
562 3734 612 3800 rei
629 3734 768 3801 luerint.
796 3733 836 3799 lli
856 3733 1073 3816 excludendi,
1093 3733 1164 3799 imo
1186 3741 1294 3801 morte
1309 3734 1493 3823 plectendi.

216 3943 282 3992 Pius
297 3943 399 4006 aliquis
418 3942 596 4004 postmodum
620 3942 738 3994 icitlaeus
760 3942 907 4005 indignum
928 3945 1071 4006 reputans,
1088 3944 1118 3992 ut
1138 3943 1254 3993 Levitae
1278 3942 1498 3993 concederentur

180 4031 331 4093 aliquando
349 4033 443 4080 tautae
459 4032 610 4093 impictatis
626 4033 765 4098 exstitisse
781 4033 831 4087 rei,
848 4027 997 4094 scriptione
1015 4031 1152 4081 deiectiva
1167 4033 1195 4079 in
1210 4031 1301 4081 locum
1320 4031 1422 4098 plenae
1437 4029 1496 4079 sui-

179 4117 260 4173 lccta,
278 4119 422 4168 literarum
437 4119 535 4168 ordine
549 4131 698 4181 parumper
716 4121 831 4178 mutato,
853 4121 957 4168 textum
975 4120 1174 4169 obscuraverit.
1193 4120 1274 4178 Quod
1289 4119 1373 4169 habet
1388 4121 1496 4167 Steuer-

180 4205 258 4267 napaei
276 4211 375 4259 tillim
391 4187 428 4263 by
444 4213 570 4262 mimi:
585 4187 651 4269 aab,
672 4222 682 4252 ι
701 4208 883 4267 excepticia,
901 4210 947 4270 qui
969 4209 1053 4258 simul
1068 4212 1163 4258 essent
1178 4208 1317 4258 idolorum
1333 4193 1497 4257 sacerdotes

178 4298 206 4344 ct
221 4295 345 4342 mortuos
361 4297 510 4344 evocarent
525 4310 549 4354 r,
566 4296 664 4358 utiquc
679 4293 830 4361 {Bertbotctl
848 4296 945 4346 durius
960 4303 1011 4347 est.

222 4476 369 4543 Tandem
392 4476 492 4543 nobis
517 4476 698 4544 dicendum
723 4484 772 4545 est
793 4479 834 4545 de
860 4479 1056 4546 conditione
1073 4479 1183 4546 tribus
1205 4481 1279 4546 Levi
1296 4502 1379 4546 aeaco
1400 4478 1495 4545 iudi-

177 4608 267 4651 cum.
292 4587 489 4673 Pontificem
519 4585 626 4652 habes
643 4592 734 4667 aas.
753 4586 886 4667 Recole,
901 4586 992 4652 intcr
1009 4585 1140 4653 iudices
1156 4587 1302 4653 maiores
1318 4607 1425 4652 unum
1442 4609 1496 4653 rc·

177 4693 305 4758 censeri
328 4692 526 4780 pontificem
546 4692 637 4774 lleli,
656 4715 802 4782 eumque
828 4693 938 4758 vimun
959 4693 1123 4775 inertem,
1147 4693 1242 4760 carius
1261 4700 1492 4760 antecessores
