3366 5346
181 299 240 358 tlt
466 312 473 327 ·
512 310 625 355 enarro
646 311 752 360 nors1s
772 311 904 360 secunus
927 313 933 355 :
957 310 1162 356 rauraroeus.

183 447 397 533 argumentis
416 446 493 513 sciri
512 450 643 534 poterat
661 452 695 512 et
717 445 875 513 debebat.
894 444 1067 513 Eiusmodi
1092 444 1293 511 tentationes
1317 445 1414 512 fuere
1439 448 1501 512 Ex.

184 561 303 636 15‚2t;
323 559 411 636 1633
432 560 484 632 17;
506 557 603 632 19,13
619 573 710 640 sqq.;
728 557 827 620 Num.
847 553 1176 641 11duae(c1.1)eut.
1195 553 1305 639 9,22);
1321 555 1423 621 Num.
1445 558 1503 635 13;

186 667 225 728 16
253 661 356 740 duae;
379 660 554 749 potissima
577 681 656 725 vero
680 659 743 730 tuit
772 665 870 727 Num.
893 667 935 726 20
958 658 1051 748 apud
1081 664 1128 726 Me
1151 657 1276 727 Mariba
1301 680 1362 725 seu
1380 665 1505 748 Aquas

184 767 475 835 Contradictionis
494 770 578 833 Cum
595 765 692 832 nulla
713 766 782 832 alia
804 767 840 832 in
864 788 900 831 re
922 765 1024 854 Moysi
1044 787 1106 855 per
1129 771 1234 831 totam
1260 766 1365 831 vitam
1386 787 1504 855 aeque

183 873 382 962 frequenter
400 879 502 962 atque
519 873 669 938 luctuose
687 872 966 943 contendendum
984 871 1098 953 fuerit,
1114 893 1260 960 cumque
1281 877 1351 938 tam
1371 893 1505 958 graves

181 979 393 1046 diffidentiae
416 980 554 1046 effeetus
569 984 727 1068 expertus
742 979 785 1045 sit
804 979 889 1046 etin
908 979 1035 1069 populo
1053 985 1087 1046 et
1105 979 1139 1044 in
1160 1000 1195 1044 se
1215 978 1299 1067 ipso,
1318 978 1413 1044 haud
1437 979 1504 1046 mi-

181 1087 323 1167 raberis,
344 1108 420 1152 eum
446 1087 481 1152 in
507 1107 668 1174 supremo
691 1108 751 1151 suo
771 1087 959 1175 pentalogo
981 1085 1026 1151 ab
1051 1084 1117 1151 hoe
1137 1084 1240 1151 etiam
1265 1083 1392 1151 delicto
1416 1106 1503 1153 suos

180 1215 249 1260 esse
269 1193 503 1260 dehortatum.
520 1207 591 1255 net:
607 1197 742 1257 vertunt
762 1198 821 1259 aut
836 1214 960 1258 nomeu
979 1191 1159 1281 proprium
1177 1193 1292 1256 Massa
1312 1192 1379 1277 (Ex.
1401 1191 1500 1280 tm)

179 1305 239 1365 aut
261 1299 498 1366 tentationem.
515 1292 653 1364 Massam
678 1298 924 1389 interpretatur
948 1298 1036 1380 cat„
1054 1319 1158 1386 quam
1184 1303 1297 1364 censet
1315 1296 1394 1363 ideo
1414 1298 1452 1364 h.
1472 1297 1497 1366 l.

177 1406 305 1485 efferri,
328 1405 420 1495 quod
440 1405 543 1471 suerit
557 1403 673 1494 pariata
690 1407 833 1472 tentatio
858 1407 927 1473 Dei.
947 1410 1065 1471 atoue
1085 1427 1156 1470 non
1177 1404 1331 1493 appellat
1354 1408 1497 1490 Moyses

177 1519 237 1580 aut
258 1511 366 1578 solam
386 1518 446 1577 aut
463 1510 539 1576 aliis
558 1512 721 1588 iunctam,
742 1534 816 1578 eam
835 1513 1057 1578 tentationem
1077 1511 1147 1594 Dei,
1164 1511 1261 1578 cuius
1281 1509 1432 1578 exitiales
1448 1512 1499 1577 ef-

176 1621 283 1685 feetus
298 1640 416 1684 omnes
439 1618 491 1683 sui
513 1616 686 1683 auditores
705 1618 862 1706 pluribus
884 1617 982 1683 annis
996 1616 1168 1682 continuis
1190 1617 1318 1706 experti
1339 1617 1497 1698 fuerant,

177 1725 399 1792 tentationem
421 1724 563 1811 inquam
583 1723 676 1813 apud
695 1729 808 1812 Aquas
828 1724 1120 1803 Contradietionis,
1140 1725 1253 1812 potius
1276 1746 1381 1812 quam
1404 1725 1499 1792 alte·

178 1853 263 1908 ram,
286 1853 373 1920 quae
405 1837 483 1896 ante
508 1836 549 1895 39
577 1830 648 1896 fere
670 1853 777 1897 annos
803 1837 981 1911 evenerat,
1006 1851 1118 1920 neque
1147 1830 1252 1896 tantis
1282 1830 1500 1919 puniebatur

180 1937 299 2003 malis?
316 1936 435 2004 Scribo
452 1936 560 2024 igitur
582 1958 660 2003 eum
676 1939 767 2004 LXX
794 1936 892 2026 t'atq.
914 1935 1050 2017 cteta,
1072 1959 1143 2002 non
1169 1936 1208 2002 in
1231 1940 1356 2019 ellassa,
1372 1936 1434 2003 sed
1461 1937 1499 2005 in

178 2044 377 2129 tentatione,
399 2048 432 2110 et
447 2043 578 2132 explico
595 2065 673 2110 curn
693 2046 774 2133 Syr.
799 2043 1109 2110 intentationibus.
1129 2047 1196 2109 Hac
1215 2066 1285 2110 uua
1299 2065 1380 2109 voce
1398 2066 1500 2110 com-

177 2152 337 2240 plectitur
360 2156 476 2216 orator
495 2172 613 2216 omnes
634 2155 805 2217 anteactas
824 2150 1039 2233 tentationes,
1059 2149 1096 2214 id
1113 2149 1205 2238 quod
1227 2149 1376 2239 praecise
1399 2173 1416 2216 e
1440 2173 1500 2217 ra-

177 2258 269 2323 tione
289 2257 484 2342 argumenti
507 2256 580 2322 eius
599 2263 659 2322 est.
675 2261 719 2322 lte
742 2256 938 2324 nominibus
954 2258 1065 2322 Massa
1083 2260 1117 2321 et
1131 2258 1185 2322 Me
1206 2256 1338 2322 Mariba
1352 2256 1446 2324 inter
1459 2280 1498 2326 se

178 2362 384 2452 comparatis
402 2361 478 2428 vide
494 2361 537 2428 ad
553 2368 646 2444 33,8.

394 2589 424 2650 t.
454 2583 631 2651 Generalis
655 2583 841 2651 inculcatio
867 2585 1022 2651 cenenum
1045 2583 1285 2651 mandatorum

695 2694 793 2758 Dent.
821 2697 973 2774 bnt-25.

224 2891 308 2977 step.
332 2926 376 2938 -
400 2887 598 2958 custodiant
630 2887 773 2954 Hebraei
801 2887 964 2954 mandata
998 2888 1099 2954 lahve
1129 2889 1246 2954 omnia
1276 2887 1328 2978 (v,
1351 2891 1427 2977 25),
1457 2897 1498 2958 ut

179 2998 338 3062 fruantur
356 2994 530 3083 promissis
554 3000 664 3059 terrae
686 3000 821 3060 sanetae
846 2992 954 3059 bonis.
981 2995 1057 3060 Eius
1083 2993 1296 3060 obedientiae
1324 2997 1497 3063 rationem

179 3109 213 3167 et
233 3099 386 3190 praemia
403 3099 491 3193 fplios
510 3122 587 3180 seros
599 3099 776 3166 edoceant.

225 3211 296 3272 Non
316 3211 449 3295 poterat
467 3206 532 3272 hac
551 3228 619 3272 una
632 3206 785 3272 oratione
800 3211 923 3294 Moyses
938 3228 1057 3272 omnes
1072 3213 1151 3295 post
1165 3206 1368 3294 decalogum
1386 3208 1499 3277 editas

182 3316 276 3401 leges
298 3315 457 3394 recitare,
484 3335 552 3402 quo
578 3312 686 3378 oratio
710 3312 746 3378 in
774 3313 947 3380 infinitum
971 3315 1170 3380 excrevisset
1190 3320 1291 3404 atque
1316 3314 1494 3402 eloquens

182 3444 270 3511 quae
282 3443 358 3487 mox
373 3419 599 3515 subnectitur,
612 3421 807 3509 paraenesis
820 3420 994 3486 auditores
1004 3420 1197 3487 offendisset
1209 3421 1393 3487 immodica
1407 3422 1498 3487 reei-

182 3529 310 3596 tatione
325 3527 514 3594 exhaustos,
533 3528 641 3613 Igitur
657 3533 736 3606 5,32
751 3548 800 3614 sq.
822 3525 899 3593 illas
916 3526 1008 3612 leges
1023 3527 1180 3611 generali
1201 3527 1328 3593 monito
1344 3527 1498 3594 inculca-

182 3636 257 3714 bat;
273 3657 364 3699 nunc
380 3657 515 3701 rursum
530 3633 742 3714 earumdem,
758 3640 791 3698 et
805 3655 882 3699 oum
896 3634 944 3698 eis
962 3634 1065 3698 etiam
1081 3633 1238 3720 decalogi
1256 3641 1356 3722 atque
1371 3641 1497 3722 penta-

183 3740 265 3827 logi,
284 3739 555 3804 observationem
569 3739 721 3824 generali
738 3738 901 3805 mandato
917 3737 1032 3825 exigit,
1050 3761 1082 3805 v.
1100 3746 1140 3805 17
1155 3739 1309 3806 absolute
1323 3739 1446 3828 incipit
1462 3749 1497 3808 et

183 3848 255 3915 sine
272 3846 394 3935 copula
415 3845 548 3933 (eontra
566 3848 645 3934 Syr,
667 3843 758 3933 sed);
777 3845 872 3912 aliud
893 3869 912 3912 a
931 3845 1157 3935 praecedente
1182 3846 1330 3911 habetur
1350 3845 1496 3913 manda-

186 3962 259 4022 tum
278 3974 284 4019 :
302 3978 334 4018 v.
359 3960 398 4018 17
421 3979 436 4011 a
459 3950 598 4017 Custodi
609 3960 793 4041 praecepta
809 3952 950 4018 Domini
965 3952 1027 4019 Dei
1043 3953 1096 4017 teci
1115 3975 1156 4017 ac
1173 3951 1369 4018 testimonia
1388 3965 1419 4018 et
1440 3976 1496 4019 cc-

185 4059 370 4140 ramentas,
393 4080 479 4147 pecus
497 4058 672 4146 praecepit
690 4059 796 4140 tibi»,
813 4083 844 4125 v.
866 4066 905 4126 18
924 4087 939 4120 a
957 4072 988 4125 et
1005 4061 1083 4147 sae,
1101 4058 1194 4148 qtcod
1205 4058 1377 4147 placitant
1394 4071 1443 4124 est
1463 4074 1497 4126 et

186 4169 309 4231 bonam
321 4166 357 4230 in
373 4176 554 4254 ccrrtspectu
567 4164 723 4249 Domini,
747 4178 783 4230 ut
800 4168 880 4231 berte
902 4167 946 4231 sit
964 4165 1048 4245 citit,
1070 4177 1101 4230 et
1127 4165 1300 4254 inpressas
1313 4165 1495 4255 possideas

185 4287 311 4339 terrant
323 4272 500 4360 eptimam,
514 4271 554 4337 de
567 4294 635 4360 qua
650 4270 777 4337 inravit
788 4273 953 4338 Doctrinae
961 4271 1118 4360 patribus
1133 4272 1200 4337 tacis
1216 4301 1245 4338 a.
1262 4275 1386 4338 Facere
1402 4274 1498 4362 quael

186 4393 327 4461 nectunt,
349 4401 405 4444 seu
428 4379 523 4467 quod
536 4392 664 4445 rectane
683 4391 714 4444 et
735 4382 857 4444 bortum
883 4393 930 4445 est
952 4379 988 4444 in
1010 4377 1117 4444 oeecle's
1142 4379 1257 4465 latere,
1282 4380 1378 4446 decet
1399 4401 1493 4460 euni,

187 4487 247 4578 qui
273 4485 396 4553 labven
419 4484 532 4572 diligit
557 4508 595 4551 ex
620 4485 825 4551 totocorde.
851 4484 1024 4574 Expressio
1051 4486 1150 4555 baec.
1177 4490 1320 4571 aitoyse
1341 4485 1494 4575 primum

184 4595 367 4683 descripta,
391 4615 473 4659 aevo
499 4592 651 4659 iudicum
670 4592 737 4658 alte
759 4591 930 4658 insidebat
954 4589 1124 4657 mentibus
1148 4589 1326 4657 homiuum
1353 4613 1359 4657 :
1388 4592 1430 4656 ct.
1450 4592 1495 4657 ad

186 4710 276 4782 tas.
296 4700 411 4787 Pergit
427 4723 460 4770 v.
480 4707 542 4766 19:
560 4697 769 4765 «ectdcleret
789 4721 902 4764 orienes
928 4696 1086 4763 tetanicos
1111 4709 1185 4762 tuos
1204 4719 1319 4763 corum
1338 4711 1380 4783 te,
1406 4700 1495 4764 se'cut
1542 4708 1544 4713 '
