3366 5346
641 291 736 335 neces
758 290 878 335 rnoaan
900 291 1029 336 rursusi.
1388 326 1391 333 .
1454 283 1492 340 83

181 426 319 516 quando
338 425 541 507 sacerdotes,
564 425 750 514 prophetae
768 430 802 490 et
817 423 940 510 vulgus
960 447 1038 491 eum
1061 426 1106 491 ad
1125 433 1271 492 mortem
1291 428 1491 517 raptabant,

181 534 240 600 sed
262 532 357 599 Urias
377 532 546 622 propheta
571 552 692 596 revera
716 537 825 597 morte
850 531 1034 598 muletatus
1055 536 1104 598 est
1126 531 1202 618 (lor.
1230 535 1299 622 26).
1325 534 1425 600 lnvisi
1446 558 1491 602 se.

182 644 280 706 testes
302 644 400 706 crant
423 638 627 728 prophetae,
652 659 800 726 quorum
823 660 860 703 os
883 637 1250 727 mortedclaudebatur,
1280 662 1324 706 ne
1347 640 1496 708 inlausta

182 747 298 812 ederet
310 745 483 814 vaticinia.

225 858 262 919 ln
280 852 344 919 hoc
359 873 599 942 perversorum
620 850 801 918 hominnm
820 856 940 917 contra
956 850 1032 939 pios
1047 856 1080 918 et
1096 852 1267 941 imprimis
1281 859 1399 921 contra
1416 877 1495 945 pro-

181 961 445 1052 phetasagone,
467 980 546 1024 mox
566 957 671 1024 evasit
690 957 788 1023 tleera
803 957 909 1023 veluti
929 957 1125 1024 certaminis
1144 963 1282 1027 tessera.
1305 966 1387 1042 lton,
1406 962 1498 1050 quod

182 1090 253 1134 non
275 1067 343 1133 alia
362 1065 464 1132 etiam
485 1065 612 1153 scripta
626 1062 775 1129 mosaica
795 1061 1028 1130 idololatriam
1048 1064 1291 1153 reprobarent,
1309 1066 1502 1133 idololatris-

183 1172 563 1258 divinascastigationes
570 1169 761 1236 indicerent
773 1189 780 1236 :
798 1168 858 1236 sed
868 1170 970 1235 thera
979 1192 1115 1260 semper
1128 1170 1258 1238 eredita
1269 1172 1381 1240 fuerat
1394 1173 1498 1263 scrip-

184 1287 300 1346 torum
318 1298 496 1345 sacrorum
516 1276 748 1359 sacerrimum,
768 1279 871 1364 atque
891 1276 933 1341 de
953 1276 1027 1366 ipso
1042 1277 1150 1343 veluti
1166 1277 1274 1346 latere
1291 1301 1390 1345 arcae
1409 1264 1499 1347 atro-

184 1386 334 1453 cissimas
351 1384 461 1450 minas
472 1382 633 1449 iactabat.

230 1498 299 1558 Non
319 1512 523 1558 consuevere
541 1489 698 1555 homines
715 1489 818 1555 etiam
838 1510 1004 1578 nequam,
1023 1489 1105 1556 dum
1124 1512 1165 1556 ea
1186 1513 1273 1580 quae
1288 1499 1404 1559 sancta
1422 1499 1501 1559 sunt

186 1600 372 1688 impetunt,
390 1597 541 1684 ingenue
565 1595 665 1662 lateri
685 1616 758 1661 esse
777 1599 912 1678 sancta,
931 1595 990 1662 sed
1010 1597 1158 1663 rationes
1178 1597 1356 1685 effingere,
1374 1599 1501 1688 quibus

185 1712 217 1772 et
229 1705 294 1771 sibi
307 1709 340 1771 et
355 1688 431 1769 aliis
443 1701 673 1792 persuadeant
686 1706 803 1768 sancta
818 1724 887 1768 non
904 1724 985 1769 esse.
1002 1701 1214 1769 Crediderim
1227 1704 1377 1794 idipsum
1393 1707 1501 1792 egisse

185 1812 262 1877 illos
282 1812 401 1876 thorae
421 1830 546 1875 osores.
568 1813 632 1874 Lex
651 1807 786 1874 Israelis
805 1814 877 1874 erat
902 1810 1002 1875 thora
1019 1808 1108 1889 viva,
1126 1809 1228 1876 litera
1254 1812 1502 1900 prophetarum

186 1916 334 1984 oraculis
349 1915 526 2004 explicata,
544 1914 726 2003 applicata,
741 1913 778 1979 in
791 1914 998 2002 quibusdam
1014 1914 1117 1981 etiam
1130 1920 1260 1982 mutata
1276 1937 1283 1984 τ
1298 1917 1349 1983 illi
1366 1917 1501 1984 literam

187 2029 359 2090 mortuam
378 2019 602 2110 impetebant.
620 2025 735 2086 Nonne
750 2020 938 2110 prophetae
955 2020 1076 2087 thorae
1089 2023 1237 2110 patroni,
1255 2028 1292 2090 ut
1309 2025 1411 2090 unico
1426 2025 1502 2092 loco

186 2129 297 2198 cultus
318 2128 418 2194 lahve
439 2127 683 2206 celebraretur,
709 2126 869 2193 continuo
891 2126 1095 2212 exigebant?
1116 2149 1231 2195 nonne
1257 2129 1358 2196 thora
1381 2131 1503 2199 altaria

187 2236 322 2327 privata
340 2233 531 2300 tolerabat-⁸?
552 2231 813 2300 Contradicebat
833 2231 941 2318 igitur
958 2233 1044 2299 haec
1061 2234 1162 2300 thora
1180 2234 1262 2323 ipsis
1282 2258 1424 2304 suorum
1440 2261 1503 2327 pa-

187 2351 368 2410 tronorum
391 2339 627 2427 dogmatibus
651 2338 866 2429 repudianda
895 2340 1069 2406 communi
1096 2362 1263 2408 consensu
1292 2348 1330 2409 ut
1355 2344 1502 2433 pseudo-

188 2452 296 2516 thora.
316 2453 496 2514 Praeterea
510 2446 612 2534 plura
629 2445 961 2512 circumferebantur
979 2446 1099 2513 thorae
1118 2450 1335 2537 apographa,
1355 2472 1501 2538 quorum

190 2556 259 2623 alia
276 2555 394 2645 plara,
414 2552 484 2620 alia
501 2552 667 2641 pauciora
687 2553 901 2618 continerent
920 2553 1047 2640 scripta
1071 2553 1219 2619 mosaica
1243 2575 1250 2620 :
1276 2577 1343 2643 quo
1363 2554 1503 2622 tandem

189 2663 344 2729 iureuna
358 2659 542 2739 illathora,
559 2680 648 2747 quae
662 2657 784 2724 eadem
796 2684 812 2718 a
824 2656 928 2724 verba
943 2656 1082 2724 foederis
1099 2686 1115 2718 »
1131 2659 1425 2741 subscribebatur,
1442 2662 1504 2726 ha·
1583 2682 1586 2690 ·

189 2767 337 2835 bebatur
351 2767 472 2834 ceteris
484 2765 644 2845 sanctior,
664 2763 815 2830 sanctior
829 2765 929 2830 etiam
947 2763 1038 2830 libro
1056 2763 1230 2854 bipartito,
1247 2766 1396 2832 sanctior
1413 2766 1503 2833 libro

190 2873 355 2955 foederiS,
379 2871 584 2940 sanctissimi
604 2870 751 2937 foederis
770 2870 916 2937 sinaitici
935 2871 1183 2938 instrumento?
1204 2876 1290 2938 llaec
1308 2872 1503 2964 horumque

190 2980 316 3048 similia
333 2978 517 3047 effutieriut
537 2978 659 3044 thorae
679 2998 790 3044 osores
811 2976 875 3043 illi.
896 2982 986 3055 Quae
1004 2999 1065 3043 nos
1084 2982 1254 3045 tentantes
1272 2979 1501 3066 suggerimus,

192 3087 284 3177 qued
300 3085 521 3154 coniiciamus
535 3084 613 3150 illos
633 3084 807 3165 homines,
831 3083 880 3150 uti
895 3084 1072 3174 prophetis
1091 3084 1192 3152 lahve
1207 3085 1504 3176 pseudo-prophe-

191 3200 304 3262 tarum
318 3214 458 3272 nomen,
472 3191 522 3258 ita
535 3193 657 3258 thorae
671 3191 790 3277 Moysis
804 3212 931 3257 nornen
945 3189 1214 3279 pseudo-thorae
1233 3192 1401 3261 inussisse.

237 3308 289 3368 13.
322 3305 438 3367 luens
465 3319 620 3365 raucone
647 3300 765 3364 losmu.
793 3335 837 3346 -
863 3296 1042 3385 lnquirunt
1068 3297 1194 3380 critici,
1221 3299 1389 3387 qaromodo
1414 3302 1504 3368 circe

193 3407 302 3474 Iasiae
327 3418 481 3495 recepero
506 3404 604 3470 adoro
624 3414 656 3470 et
675 3401 791 3469 cariati
805 3401 955 3492 potuerit
976 3415 1010 3470 et
1033 3402 1160 3470 arrzissa
1184 3403 1339 3494 reperiri.
1368 3411 1506 3474 Factum

193 3519 337 3580 testatur
351 3517 471 3593 textus
490 3532 602 3599 neque
617 3532 671 3576 res
688 3517 738 3576 est
750 3509 854 3598 plane
873 3509 1031 3576 inaudita
1048 3510 1155 3577 libros
1173 3510 1379 3601 quandoque
1396 3513 1505 3581 amitti

193 3626 227 3686 et
247 3618 386 3685 amissos
403 3617 559 3706 reperiri.
575 3615 752 3683 Difficilius
767 3637 820 3683 res
836 3616 1024 3705 explicatur
1042 3616 1077 3681 in
1097 3617 1187 3683 libre
1210 3640 1318 3700 sacro,
1337 3620 1505 3710 quamdiu

194 3728 224 3792 is
242 3725 287 3792 ab
301 3724 463 3791 omnibus
481 3722 702 3791 veneratione
722 3722 886 3802 habetur;
904 3722 1003 3788 facilc
1022 3721 1060 3788 in
1080 3725 1192 3805 thora,
1210 3726 1263 3793 cui
1283 3727 1385 3793 factio
1406 3751 1506 3817 prae-

194 3835 314 3923 potens
328 3830 586 3898 adversabatur.
605 3829 728 3895 Oderat
746 3851 786 3895 ea
805 3829 907 3895 tactio
927 3829 1076 3910 theram,
1093 3830 1213 3897 oderat
1231 3837 1265 3897 ct
1280 3833 1507 3899 interficiebat

195 3938 393 4028 prophetas
415 3938 536 4003 thorae
559 3935 766 4002 defensores.
790 3939 925 4018 Verum,
949 3934 1033 4023 quid
1054 3937 1217 4024 proderat
1239 3938 1443 4026 prophetam
1463 3940 1505 4005 ad

195 4045 370 4112 silentium
391 4044 574 4130 redegisse,
592 4041 621 4108 si
640 4041 712 4108 eius
735 4040 818 4107 liber
836 4041 871 4107 in
893 4041 1046 4108 omnium
1070 4043 1227 4110 manibus
1247 4047 1342 4122 esset,
1365 4049 1397 4110 et
1417 4044 1507 4111 edita

196 4151 331 4241 pridem
347 4149 489 4218 oracula
505 4153 699 4216 constanter
713 4148 871 4214 iteraret?
887 4148 972 4225 Quid
993 4148 1155 4238 proderat
1170 4160 1286 4214 testem
1301 4149 1507 4231 eliminasse,

196 4259 225 4325 si
243 4256 478 4325 testimonium
496 4257 750 4346 perseveraret?
769 4259 908 4322 Necesse
932 4255 1084 4345 profecto
1105 4264 1189 4338 erat,
1215 4261 1264 4341 ut,
1291 4257 1352 4347 qui
1376 4259 1412 4325 in
1434 4282 1511 4349 pro·

198 4364 320 4454 phetas
342 4364 526 4446 saevirent,
548 4363 584 4429 in
605 4363 712 4429 libros
733 4360 816 4428 item
840 4360 1089 4450 prophetarum
1111 4363 1292 4432 saevirent.
1316 4370 1387 4442 Qua
1409 4366 1450 4433 de
1474 4388 1511 4431 re

198 4471 252 4535 vix
276 4470 468 4560 quidquam
491 4469 596 4536 habet
617 4473 733 4535 noster
756 4473 864 4534 textus
885 4472 921 4532 V.
944 4471 993 4549 T.‚
1017 4468 1078 4558 qui
1099 4469 1142 4537 de
1163 4492 1337 4537 sacrorum
1359 4475 1510 4536 textuum

199 4575 491 4644 vicissitudinibus
505 4575 663 4666 piesilet.
679 4579 805 4641 Tamen
818 4573 867 4640 rei
882 4574 1080 4664 exemplum
1095 4576 1202 4642 habes
1216 4580 1277 4640 ler.
1298 4580 1399 4656 3633
1419 4595 1510 4662 sqq,

201 4684 338 4772 quando
357 4683 499 4762 loakim,
519 4682 610 4748 filius
633 4681 736 4747 lasiae
758 4680 1019 4764 dissimillimus,
1042 4681 1224 4748 combussit
1245 4678 1386 4762 librum,
1409 4701 1512 4768 quem
