3366 5346
475 316 645 379 nrrflooosn
666 313 909 361 renarraocuru
931 312 1141 358 ruounaarra.
1376 336 1379 341 .
1408 304 1461 361 1:57

153 455 230 522 rati.
255 452 434 542 lnspiratio
453 450 537 517 item
557 448 811 516 concedebatur
830 453 927 513 losue
942 453 975 514 et
996 448 1146 515 Samueli
1162 449 1276 537 quoad
1300 474 1356 527 ea,
1376 474 1463 539 quae

153 563 273 629 thorae
283 560 347 649 ipsi
359 557 581 646 adscripsere.
596 554 854 622 Concedebatur
869 553 1068 643 prophetae,
1087 554 1147 644 qni
1161 555 1466 624 maledictionibus

152 673 246 735 Dent.
269 672 311 733 ‘28
330 685 457 732 novam
474 663 658 751 adscripsit
679 661 952 751 paragraphum.
976 660 1233 729 concedebatur
1250 667 1358 729 textus
1373 665 1467 729 resti-

152 772 258 841 tutori
271 778 372 853 29,‘l9
386 770 469 860 (28),
484 768 582 836 nulla
596 768 725 857 quippe
738 772 788 833 est
800 766 887 832 ratio
902 766 1077 833 asserendi
1092 789 1169 834 eum
1184 790 1252 834 non
1264 768 1465 858 inspiratum

152 901 231 946 eum
244 899 379 945 versum
398 875 627 965 adscripsisse.
654 878 795 940 Tantam
815 877 992 961 praeterea
1012 872 1264 941 restitutoribus
1283 881 1391 942 textus
1406 875 1468 942 ad-

152 985 283 1053 scribas
301 984 577 1073 inspirationem,
600 987 731 1070 quanta
749 979 814 1045 tibi
828 979 1056 1047 adscribenda
1075 979 1260 1048 videbitur.
1280 987 1359 1049 Eam
1375 982 1468 1049 affir-

153 1092 271 1159 mabat
286 1090 427 1158 traditio
448 1088 596 1170 iudaice,
619 1087 833 1154 affirmavere
851 1090 976 1152 Patres.
1001 1086 1225 1155 concedenda
1245 1094 1335 1155 certe
1355 1096 1405 1157 est
1429 1112 1468 1157 ea

154 1198 332 1288 inspiratio
346 1197 469 1277 omnis,
487 1216 575 1284 quae
590 1192 793 1283 requiritur,
813 1197 850 1258 ut
869 1193 1115 1282 pentateuchus
1134 1216 1212 1261 vere
1228 1194 1362 1263 dicatur
1379 1200 1412 1262 et
1427 1196 1469 1262 sit

157 1306 301 1372 verbum
321 1302 391 1370 [tei.

206 1411 299 1479 Vires
321 1408 509 1491 bremense,
527 1428 614 1496 quae
633 1405 678 1472 ad
693 1404 914 1495 pentateuchi
932 1405 1215 1494 compositionem
1240 1406 1372 1496 aliquid
1387 1430 1468 1475 con-

157 1518 277 1597 tulere,
299 1515 388 1583 aliae
407 1516 503 1583 fuere
521 1512 665 1596 amicae,
685 1511 774 1579 aliae
789 1510 962 1578 actcersac.
989 1513 1048 1579 Dei
1061 1512 1191 1603 quippe
1212 1514 1466 1603 providentiam

157 1623 265 1702 nulla,
283 1643 396 1710 neque
408 1620 499 1687 mala
513 1618 603 1685 fallit
617 1617 783 1685 voluntas.
992 1628 996 1635 '

200 1710 333 1794 t'iribirs
347 1726 467 1792 amicis
486 1725 744 1792 attribuendum
759 1718 825 1805 est,
845 1724 1017 1815 quidquid
1030 1725 1081 1816 pii
1097 1726 1252 1793 homines
1268 1730 1469 1816 praestitere

154 1835 192 1901 in
216 1836 314 1901 textu
330 1853 427 1899 sacro
453 1831 722 1922 praeservando,
749 1831 992 1917 describendo,
1018 1831 1239 1900 restituendo.
1267 1836 1326 1911 Qui
1353 1857 1471 1901 omnes

157 1939 251 2008 credi
270 1945 410 2029 possunt
422 1938 525 2004 luisse
540 1938 589 2026 pii
608 1944 642 2004 et
656 1937 857 2027 prudentes,
876 1936 937 2004 sed
957 1937 993 2003 in
1012 1938 1115 2005 rebus
1131 1938 1257 2005 criticis
1273 1941 1369 2007 fuere
1387 1941 1471 2006 tiro·

156 2067 228 2114 nes.
250 2050 392 2115 Sensum
409 2050 443 2111 et
467 2043 741 2110 aedificationem
759 2044 974 2132 quaerebant
996 2044 1107 2129 magis
1121 2066 1224 2133 quam
1245 2049 1385 2113 textum.
1408 2052 1471 2114 Ne-

158 2175 225 2242 que
236 2149 460 2218 affirmandas
469 2155 519 2216 est
527 2154 613 2216 Deus
623 2149 693 2216 illis
701 2148 883 2216 contulisse
895 2149 1034 2239 aliquod
1045 2150 1148 2239 plane
1163 2151 1471 2219 extraordinarium

159 2258 316 2325 criticum
336 2277 497 2336 acumen,
522 2255 616 2345 quod
640 2276 758 2324 eorum
780 2261 973 2346 temporum
994 2255 1146 2324 indolem
1169 2256 1273 2347 plane
1295 2258 1472 2327 excederet

160 2370 315 2453 essetque
330 2361 490 2429 miraculi
502 2362 621 2445 instar,
644 2383 722 2429 cum
737 2367 824 2429 Deus
837 2362 1027 2451 quemlibet
1044 2363 1108 2429 hac
1127 2364 1164 2429 in
1184 2386 1220 2430 re
1240 2363 1470 2433 humanarum

162 2471 286 2538 virium
310 2470 480 2537 delectum
500 2468 663 2536 facillime
683 2468 833 2559 potuerit
852 2476 911 2536 aut
929 2469 1132 2559 praepedire
1152 2478 1211 2536 aut
1230 2472 1405 2558 corrigere
1419 2495 1470 2540 sa-

162 2576 373 2667 pientissima
386 2597 448 2642 sua
464 2574 693 2665 providentia.

207 2683 342 2765 Recole,
362 2704 506 2772 quaeso,
523 2680 612 2748 illud
631 2679 725 2770 quod
745 2681 870 2747 iterum
891 2682 1086 2770 iterumque
1107 2684 1344 2764 monebamus,
1362 2706 1471 2774 neque

161 2811 297 2858 rursum
316 2810 456 2856 monere
481 2787 686 2855 haesitamus
709 2810 717 2856 :
743 2787 798 2854 lex
820 2788 968 2855 mosaica
988 2809 1059 2854 non
1080 2792 1154 2854 erat
1171 2795 1304 2855 mortua
1321 2790 1389 2872 lex,
1414 2789 1485 2883 sed

161 2896 255 2980 vira,
279 2896 409 2963 credita
430 2892 634 2962 successioni
649 2893 896 2984 prophetaram
915 2894 1091 2961 moraliter
1110 2895 1304 2976 continuae,
1327 2918 1471 2985 quorum

160 3003 363 3093 primarium
378 3000 527 3069 officium
540 3022 609 3067 non
621 3002 821 3068 erattutura
831 3000 1088 3090 praenuntiare,
1106 3000 1166 3068 sed
1179 3000 1300 3069 ioedus
1314 3010 1347 3069 et
1361 3003 1472 3091 legem
1550 3086 1555 3095 ,

161 3132 376 3192 conservare,
400 3106 585 3199 explicare,
612 3107 779 3189 excolere,
804 3113 907 3198 atque
928 3130 1057 3175 novum
1076 3106 1198 3175 foedus
1222 3130 1283 3198 per
1304 3108 1472 3177 Christum

162 3216 315 3283 dandum
337 3236 545 3306 praeparare
568 3212 728 3303 (Cernely
743 3219 770 3280 ll
790 3221 823 3281 2.
846 3215 937 3303 271).
963 3218 1053 3293 Quae
1068 3213 1177 3301 igitur
1195 3215 1268 3282 eius
1286 3216 1362 3283 aevi
1377 3237 1473 3282 men-

162 3327 212 3390 tes
231 3323 420 3390 necessario
444 3320 600 3408 fugiebat
619 3320 706 3388 ratio
726 3320 861 3405 critica,
881 3342 957 3387 eam
979 3321 1162 3410 supplebat
1181 3322 1239 3389 [tei
1259 3322 1473 3410 providentia
1587 3392 1593 3411 ‚

164 3429 351 3496 ministerio
371 3429 632 3518 prophetarum.
650 3426 716 3517 lpsi
738 3449 851 3495 sacras
873 3426 967 3514 leges
991 3435 1025 3493 et
1045 3427 1203 3494 historias
1219 3427 1470 3510 custodiebant,

162 3534 228 3623 ipsi
257 3558 299 3601 ne
323 3534 402 3601 illae
432 3534 583 3601 notabile
613 3541 813 3624 paterentur
843 3534 1090 3600 detrimentum
1109 3533 1363 3619 invigilabant,
1391 3534 1473 3624 ipsis

163 3640 394 3721 monentibus,
409 3641 691 3730 approbantibus,
712 3640 949 3722 tolerantibus,
963 3639 1199 3706 inhibentibus
1214 3642 1342 3707 iactum
1358 3647 1420 3724 est,
1434 3645 1474 3708 ut

162 3745 305 3812 historia
325 3747 465 3837 quidem
478 3770 575 3815 sacra
592 3747 628 3813 in
645 3746 789 3814 alteram
806 3748 908 3814 etiam
923 3747 1071 3814 formam
1086 3747 1393 3829 transfunderetur,
1412 3748 1473 3814 de-

160 3852 362 3937 trimentum
383 3858 496 3920 tamen
518 3855 570 3921 rei
592 3859 769 3943 pateretur
788 3855 935 3920 nullum.
959 3853 1136 3939 Magnifice
1152 3876 1215 3920 nos
1238 3854 1363 3921 sentire
1379 3855 1476 3921 decet

161 3960 204 4026 de
221 3959 283 4026 illa
303 3959 363 4027 Dei
379 3981 441 4049 per
460 3966 509 4027 tot
527 3959 663 4028 saecula
684 3966 879 4026 constanter
898 3959 1066 4048 producta
1083 3960 1225 4051 speciali
1244 3960 1473 4050 providentia,

159 4088 239 4154 qua,
256 4072 332 4157 post
353 4068 488 4133 theram
509 4071 543 4133 et
565 4066 695 4133 librum
719 4067 919 4157 bipartitum
937 4066 1099 4134 Hebraeis
1121 4067 1256 4151 datum,
1282 4066 1380 4134 nobis
1400 4074 1475 4135 tan-

159 4173 236 4241 dem
260 4174 357 4240 dedit
379 4174 660 4263 pentateuchum.
688 4178 777 4253 Quae
799 4173 937 4242 initium
961 4174 1105 4263 sumpsit
1126 4174 1170 4241 ab
1194 4173 1477 4264 inspirationibus

160 4281 272 4368 lloysi,
297 4281 449 4348 Samueli
469 4281 617 4370 aliisque
641 4282 824 4359 concessis,
848 4281 1105 4370 producebatur
1124 4283 1311 4348 ministerio
1330 4287 1379 4348 tot
1393 4305 1473 4371 pro-

163 4386 345 4474 phetarum
359 4393 408 4454 tot
429 4388 572 4454 saeculis
587 4387 799 4467 continuate,
816 4387 977 4455 utebatur
994 4388 1036 4455 ad
1053 4410 1129 4455 suos
1144 4388 1228 4455 lines
1244 4396 1277 4456 et
1292 4388 1368 4455 aevi
1383 4388 1473 4454 iudi·
1593 4452 1603 4475 ‚

164 4514 241 4559 cum
255 4493 405 4573 licentia,
427 4502 460 4561 et
478 4493 664 4583 impiorum
684 4516 805 4581 regum
823 4494 1008 4577 furoribus,
1029 4502 1062 4561 et
1078 4497 1282 4563 ludaeorum
1298 4495 1471 4580 Babylone

165 4592 364 4684 degentium
393 4601 529 4684 studiis,
566 4601 793 4691 nequeenim
826 4602 862 4667 h.
899 4601 923 4669 l.
953 4603 1137 4692 praeterire
1167 4604 1265 4669 decet
1292 4601 1470 4686 egregium

165 4702 252 4772 illud
281 4704 417 4774 divinae
446 4707 682 4796 providentiae
714 4708 996 4791 instrumentum,
1029 4710 1180 4775 scholam
1211 4706 1469 4793 babylonicam,
