3366 5346
188 282 247 341 178
552 263 556 272 ’
667 295 775 339 ovano
796 294 903 338 uovsrs
925 292 1024 337 rnrua.

187 438 301 523 partes
324 451 392 496 non
411 427 493 509 iam,
514 429 563 494 uti
587 429 623 494 in
642 427 733 494 libro
750 433 863 510 Num,
885 426 1084 494 nominibus
1104 422 1298 510 distinguit,
1320 422 1385 488 sed
1408 422 1519 490 unico

188 537 325 605 nomine
342 534 448 604 Codes
462 536 573 601 Barna
597 539 696 621 (tao)
714 534 963 624 complectitur.

232 646 266 711 d.
283 650 327 711 Ex
343 642 441 709 dictis
452 641 573 727 collige
585 641 723 708 tandem
738 643 815 730 hoc.
834 640 973 718 Quando
986 640 1029 706 de
1042 638 1206 704 historica
1216 640 1412 703 eventuum
1423 637 1520 704 serie

188 750 375 841 quaeritur,
398 747 512 837 potior
535 748 675 814 omnino
695 755 744 814 est
763 747 949 815 auctoritas
970 746 1138 812 librorum
1166 750 1222 811 Ex.
1250 748 1284 810 et
1302 747 1427 817 h'um..
1455 743 1520 832 qui

187 857 363 924 historiam
387 854 614 921 enarrandam
646 854 858 944 suscipiunt,
890 854 1091 921 auctoritate
1119 850 1266 918 oratoris
1288 851 1423 933 nostri,
1453 851 1520 941 qui

165 962 394 1031 rhetoricum
417 967 658 1047 argumentum
675 961 812 1028 evolvit.
835 966 908 1028 Non
933 966 982 1026 est
1003 959 1143 1027 illorum
1164 957 1335 1025 librorum
1347 957 1518 1024 narratio

184 1093 224 1137 ex
240 1071 304 1135 hae
322 1075 357 1135 et
375 1075 536 1158 sequente
556 1067 709 1135 oratione
728 1066 943 1157 corrigenda.
961 1071 1034 1133 Non
1056 1070 1136 1133 sunt
1158 1063 1396 1132 adstruendae
1418 1063 1517 1132 duae

184 1177 336 1242 diversae
356 1180 458 1265 atque
475 1175 565 1241 inter
578 1197 613 1241 se
627 1174 840 1241 dissonantes
852 1172 1052 1241 eorumdem
1069 1178 1255 1241 eventuum
1270 1170 1515 1239 narrationes.

184 1287 256 1364 Eas,
279 1304 362 1371 quas
378 1281 487 1372 aliqui
504 1281 573 1348 sibi
594 1281 655 1348 visi
674 1287 752 1348 sunt
771 1280 807 1347 in
827 1280 880 1347 his
901 1280 1036 1346 duabus
1055 1279 1266 1346 orationibus
1284 1300 1364 1345 cum
1382 1299 1517 1345 narra·

183 1389 274 1456 tione
291 1395 346 1456 Ex.
369 1393 402 1455 et
421 1393 520 1456 Num.
542 1386 800 1477 deprehendere
820 1386 1125 1467 contradictiones
1143 1385 1243 1452 facile
1264 1384 1418 1451 resolves
1436 1406 1517 1452 orn·

182 1518 254 1575 nee,
271 1496 298 1561 si
314 1494 521 1561 rhetoricam
534 1493 684 1561 indolem
700 1494 895 1561 orationum
909 1492 1023 1560 debite
1038 1493 1234 1560 attenderis.

227 1608 259 1668 3.
277 1607 373 1668 Dent.
400 1607 420 1666 2
445 1623 498 1690 sq.
527 1606 675 1689 quatuor
692 1600 798 1667 textui
820 1601 969 1667 insertae
992 1598 1249 1688 conspiciuntur
1275 1603 1376 1665 notae
1402 1598 1515 1668 histo·

182 1708 289 1789 rieae,
315 1706 617 1792 archaeologieae,
644 1707 914 1796 geographicae.
946 1709 1050 1772 Notae
1074 1711 1231 1786 nlo-12.
1258 1711 1362 1771 2033
1387 1706 1438 1795 (v.
1471 1713 1516 1774 13

182 1815 226 1881 et.
255 1813 374 1902 Hehr.)
392 1813 652 1903 interrumpunt
671 1813 789 1880 divina
808 1812 1145 1903 alloquia;·quarum
1167 1817 1217 1879 est
1238 1811 1406 1879 reattinis
1427 1820 1516 1882 nota

183 1927 277 2001 3,11;
299 1919 430 1987 aeccdit
449 1925 529 1988 nota
549 1926 619 2002 3,9.
636 1919 752 1987 Verbis
776 1921 879 1989 lahve
904 1926 973 2001 29.
995 1926 1036 1986 19
1057 1919 1262 1986 affirmantis
1282 1940 1317 1985 se
1338 1917 1454 2003 nolle,
1474 1928 1516 1987 ut

182 2027 401 2094 Moabitarum
425 2032 458 2093 et
481 2027 757 2094 ammonitarum
783 2027 867 2094 fines
894 2030 1154 2116 occuparentur,
1177 2024 1386 2092 adscribitur
1403 2026 1515 2095 buius

183 2133 291 2198 divini
310 2134 437 2199 decreti
454 2133 539 2199 ratio
562 2153 569 2199 :
592 2156 653 2214 sc.,
676 2133 769 2221 quod
788 2134 852 2199 hae
872 2139 992 2220 gentes
1009 2132 1314 2199 exterminaverint
1330 2132 1512 2222 Raphaim

183 2237 491 2317 transiordanieos,
513 2239 564 2304 uti
591 2240 736 2306 Hebraei
755 2247 831 2328 post
852 2238 930 2305 illas
956 2238 1220 2319 eisiordanicos,
1247 2259 1394 2327 quorum
1419 2241 1513 2308 fines

183 2343 427 2410 cisiordanieos
448 2348 534 2410 Deus
558 2350 640 2411 Gen.
673 2351 773 2428 1530
793 2345 900 2413 soboli
920 2344 1078 2412 Abrahae
1092 2347 1318 2435 promisisset,
1337 2346 1512 2437 quodque

182 2452 229 2518 ita
244 2454 385 2537 agentes
409 2451 511 2517 lahve
530 2450 711 2518 consilium
735 2451 991 2541 quodammodo
1017 2450 1228 2535 adiuverint,
1252 2450 1329 2517 ideo
1353 2452 1511 2522 voluisse

182 2559 325 2637 lahven,
355 2560 392 2622 ut
424 2556 492 2623 illis
525 2556 632 2625 nativi
660 2556 713 2625 sui
740 2557 826 2624 fines
852 2563 1033 2626 manerent
1060 2557 1193 2625 intacti.
1227 2563 1407 2625 Praeterea
1444 2582 1510 2627 no-

153 2656 156 2661 ’
181 2663 266 2730 mini
289 2664 413 2730 montis
447 2669 594 2731 llermon
618 2670 676 2741 3‚8
700 2665 944 2733 adscribuntur
969 2689 1000 2732 v.
1023 2673 1043 2732 9
1072 2665 1229 2748 nomina,
1257 2664 1382 2754 quibus
1408 2665 1505 2735 idem

181 2792 278 2838 mous
301 2793 321 2838 a
341 2770 489 2838 Sidoniis
515 2778 548 2839 et
572 2771 616 2839 ab
641 2773 862 2839 amorrhaeis
886 2771 1126 2861 appellabatur
1146 2795 1153 2840 :
1173 2771 1276 2839 trium
1304 2772 1410 2838 veluti
1435 2773 1509 2841 lin-

181 2898 328 2962 guarum
351 2877 545 2943 testimonio
574 2876 672 2942 limes
700 2876 977 2965 septentrionalis
1003 2875 1292 2944 transiordanicae
1322 2877 1504 2947 delinitur.

182 2981 331 3046 Tandem
355 2988 431 3063 3,11
460 2982 593 3047 nomini
616 2982 706 3067 regis
728 2985 778 3067 (lg
802 2981 1041 3071 Raphaimitae
1072 2984 1301 3051 adnectuntur
1329 2985 1505 3073 quaedam

183 3107 299 3153 rursus
311 3108 387 3152 eam
401 3093 540 3171 gentem
555 3089 756 3176 spectantia.

226 3195 314 3277 Ergo
330 3191 502 3281 duplicem
527 3193 592 3258 hae
617 3197 717 3259 notae
738 3194 869 3261 habent
883 3195 1053 3263 ellectum.
1073 3198 1224 3265 Primum
1244 3197 1413 3264 definiunt
1427 3219 1504 3265 am-

182 3297 292 3364 bitum
312 3297 464 3385 regionis
487 3298 778 3367 transiordanieae
810 3300 970 3369 Hebraeis
998 3326 1189 3372 conoessac.
1219 3305 1375 3372 Secundo
1404 3327 1503 3373 eom-

180 3405 291 3495 plent,
307 3427 394 3495 quae
409 3406 467 3473 alii
485 3406 568 3472 libri
590 3407 677 3473 sacri
696 3407 835 3474 tradunt
849 3408 890 3475 de
906 3409 984 3476 fatis
999 3411 1181 3501 Raphaim.
1196 3415 1269 3477 Non
1281 3415 1499 3501 repetuntur,

181 3535 268 3600 quae
291 3513 464 3580 hahentur
487 3518 550 3581 los.
579 3519 696 3595 15‚1t;
722 3512 796 3580 lud.
824 3521 901 3595 1,10
926 3516 968 3582 de
1000 3517 1203 3603 gigantibus
1225 3541 1332 3608 prope
1361 3517 1502 3586 llebron

181 3618 224 3681 ab
257 3619 415 3684 Hebraeis
441 3620 648 3709 exstirpatis3
676 3619 860 3687 traduntur
886 3628 963 3699 233
990 3625 1112 3691 llevaei
1139 3648 1159 3692 a
1181 3624 1404 3714 Caphthorim
1427 3648 1500 3694 esse

181 3720 299 3804 deleti;
329 3724 500 3812 imprimis
525 3749 604 3792 vero
628 3733 738 3813 agunt
761 3726 803 3793 de
832 3727 907 3794 latis
935 3730 1105 3818 Raphnim
1130 3732 1497 3801 transiordanicorum.

182 3833 248 3910 Sc,
262 3835 444 3919 postquam
460 3837 597 3920 praeter
611 3834 887 3922 patriarcharum
903 3837 1146 3925 promissiones
1160 3841 1258 3906 cessit
1271 3839 1372 3905 etiam
1389 3840 1500 3906 trans-

179 3936 355 4003 iordaniea
377 3937 556 4020 Hebraeis,
574 3961 723 4028 aequum
739 3947 828 4024 erat,
852 3946 889 4009 ut
911 3943 952 4009 de
976 3944 1054 4011 tatis
1073 3945 1176 4011 etiam
1199 3945 1367 4035 Raphaim
1388 3952 1500 4013 trans-

180 4042 432 4110 iordanicorum
457 4045 684 4112 edocerentur
696 4049 931 4115 llebraeorum
948 4052 1086 4139 posteri.

224 4152 384 4216 Natarum
408 4158 537 4233 auctor,
565 4174 665 4240 quem
689 4154 936 4244 Aretiquorium
959 4180 1130 4239 vocamus,
1154 4160 1307 4250 loquitur
1329 4183 1497 4250 perquam

180 4262 337 4321 accurate
359 4262 392 4322 et
414 4258 674 4347 circumspecte,
699 4261 793 4326 novit
822 4285 889 4343 res,
916 4265 1057 4332 minime
1085 4290 1162 4334 cum
1191 4269 1290 4335 foetis
1314 4268 1500 4336 confundit

178 4360 333 4448 publicos
360 4386 529 4447 rumores3
549 4366 750 4455 scriptorem
778 4368 985 4456 inspiratum
1010 4374 1231 4455 coniecerim,
1255 4377 1496 4465 potiusquam
1540 4373 1546 4381 ”

176 4467 357 4534 fortuitum
370 4470 606 4555 glossatorem.
624 4478 695 4539 Non
711 4473 775 4539 tuit
792 4476 847 4541 ille
865 4481 1007 4563 tloyses,
1026 4483 1084 4569 qui
1103 4488 1201 4548 notas
1217 4505 1287 4549 non
1301 4480 1496 4570 inscripsis-

176 4580 225 4640 set
246 4575 366 4641 mediis
389 4576 524 4646 duobus
544 4579 668 4646 divinis
690 4580 864 4669 alloquiiS,
887 4606 1000 4671 neque
1021 4587 1057 4652 in
1080 4588 1316 4676 ethnologieas
1338 4589 1494 4678 disputa-

177 4681 284 4750 tiones
304 4684 518 4771 digressurus
535 4687 637 4755 fuisse
658 4687 847 4755 credendus
863 4696 927 4767 est;
947 4715 1059 4783 neque
1075 4695 1139 4763 luit
1156 4699 1274 4765 Esdras
1294 4698 1354 4787 qui
1371 4719 1492 4786 parum
