3366 5346
191 272 231 331 62
743 283 953 328 rmaonucrro.

191 419 295 487 libros
309 441 422 486 sacros
435 416 600 484 eccidisse
620 440 754 484 suranco
775 417 837 484 illc
857 415 1062 502 reverentia,
1079 439 1149 507 quc
1164 428 1269 483 cntra
1282 414 1520 497 habebuntur,

190 529 259 593 imo
272 525 456 617 impioram
476 547 594 614 repunt
601 525 859 614 persecutiones
872 546 940 591 csse
954 535 1121 614 expertos.

234 637 258 698 E
277 632 402 721 quibus
419 630 516 698 lactis
530 631 738 720 comparatis
752 631 841 697 inter
853 653 887 697 se
907 637 1030 696 etcum
1048 652 1143 697 sacro
1162 633 1271 710 textu,
1288 627 1402 696 varias
1419 628 1521 698 deri-

187 761 310 806 vamus
332 738 583 819 conclusiones,
602 737 778 804 historiam
804 737 956 827 aliquam
981 737 1186 824 scriptorum
1213 736 1329 822 lloysis
1352 735 1514 805 teximus.

185 846 365 934 systemati
381 845 579 911 criticorum
600 849 755 910 nostrum
778 843 987 933 opponimus
999 848 1163 930 systema,
1180 841 1250 908 alia
1266 841 1428 925 certiora,
1448 843 1519 910 mi·

185 975 250 1018 nus
265 956 375 1031 certa,
393 952 534 1017 fortasse
552 949 622 1016 imo
638 951 752 1016 minus
773 949 968 1039 probabilia
988 949 1066 1015 alia.
1086 952 1156 1015 Non
1171 970 1212 1014 eo
1228 950 1458 1029 continemur,
1477 954 1518 1016 ut

186 1059 401 1144 argumentis
416 1078 631 1146 opponamus
644 1061 850 1141 argumenta
869 1079 876 1124 :
892 1061 1042 1143 systema
1057 1053 1239 1121 obiicimus
1255 1054 1513 1142 systematibus,

189 1172 222 1232 et
244 1164 457 1230 coniecturas
475 1162 697 1243 coniecturis,
720 1162 813 1227 omni
833 1184 1009 1228 armorum
1034 1183 1162 1247 genere
1181 1160 1399 1229 dimicamus.
1418 1161 1513 1229 lllud

191 1272 427 1338 demonstrare
451 1268 607 1351 nitimur,
624 1269 728 1334 ctiam
752 1267 911 1355 religiose
933 1267 1088 1335 admissis
1110 1267 1206 1333 lactis
1227 1266 1284 1348 iis,
1308 1290 1396 1357 quae
1415 1289 1515 1335 sacer

190 1382 299 1443 textus
315 1376 482 1456 affirmat,
499 1374 717 1464 probabilem
733 1396 829 1464 posse
844 1375 911 1441 texi
925 1374 1131 1463 scriptorum
1149 1373 1379 1440 mosaicorum
1399 1374 1510 1441 bisto-

190 1483 294 1564 riam,
312 1482 382 1548 imo
402 1504 459 1565 ea,
477 1503 581 1569 quam
601 1481 711 1547 critici
729 1485 944 1571 proponunt,
961 1480 1063 1568 longe
1084 1479 1366 1569 probabiliorem.
1386 1479 1512 1558 Quodsi

189 1612 271 1655 vero
284 1610 421 1669 eorum,
436 1610 524 1676 quac
538 1609 559 1653 a
574 1586 672 1654 nobis
685 1593 930 1674 suggeruntur,
946 1587 1063 1675 aliqua
1075 1586 1139 1653 tibi
1154 1585 1335 1653 videantur
1346 1586 1513 1653 tenuiori·

190 1695 256 1763 bus
274 1693 338 1761 niti
363 1693 569 1776 rationibus,
588 1715 670 1780 age,
691 1692 780 1761 illud
808 1693 910 1760 etiam
938 1693 1147 1782 perpendas,
1166 1715 1283 1759 annon
1302 1692 1511 1759 infirmiores

189 1801 293 1867 ctiam
311 1802 378 1866 sint
401 1801 549 1866 rationes
568 1822 645 1882 eae,
664 1800 789 1888 quibus
809 1822 870 1866 sua
889 1800 1011 1889 placita
1034 1806 1275 1889 superstruunt
1292 1796 1412 1866 critici.
1431 1802 1510 1886 lpse

189 1908 333 1990 enitere,
362 1913 399 1972 ut
422 1907 574 1972 firmiora
599 1905 667 1972 illis
693 1906 908 1973 substituas:
936 1906 1069 1973 facilius
1094 1906 1221 1996 quippe
1249 1905 1351 1973 aedes
1371 1903 1415 1972 ab
1439 1905 1509 1971 alio

187 2020 355 2082 exstructa
369 2012 531 2095 diruitur,
549 2035 651 2102 quam
669 2035 758 2080 nova
774 2012 1040 2080 alundamcntis
1057 2012 1269 2079 aedificatur.

553 2205 575 2238 a.
589 2192 700 2238 Historia
712 2192 798 2239 thorae
812 2206 828 2238 a
841 2192 929 2253 Moyse
942 2193 975 2238 ad
985 2191 1132 2239 Samuelem.

235 2348 265 2408 1.
289 2346 540 2408 Dauaraosonu
563 2362 696 2407 narras.
714 2379 758 2389 -
773 2342 865 2408 Dent
888 2363 908 2406 a
934 2340 1218 2430 praecedentibus
1243 2338 1342 2406 libris
1366 2338 1506 2429 aliquod

188 2447 310 2515 haberi
322 2446 516 2528 discrimen,
530 2468 630 2512 nemo
643 2453 693 2513 cst
704 2448 762 2537 qui
773 2446 929 2534 ambigat
939 2451 1000 2515 aut
1010 2449 1188 2534 ambigere
1196 2447 1316 2536 possit.
1329 2449 1503 2514 lla-Num.

189 2578 258 2622 una
272 2555 435 2620 continua
455 2553 601 2619 habetur
615 2554 782 2636 narratio;
799 2554 906 2644 ipsae,
928 2577 1016 2644 quae
1034 2555 1232 2621 inseruntur
1251 2554 1346 2639 leges
1364 2558 1398 2620 et
1417 2552 1507 2619 allo-

187 2661 285 2751 quia,
309 2659 541 2727 narrationem
573 2683 642 2727 non
667 2659 925 2750 interrumpunt
950 2661 1008 2727 sed
1033 2661 1241 2751 producunt.
1266 2666 1305 2727 ln
1330 2664 1426 2727 Iterat.
1452 2658 1506 2725 in-

185 2773 340 2858 terrupta
359 2766 556 2835 narratione
571 2767 703 2856 prolixa
718 2767 888 2856 quaedam
907 2767 1093 2834 traduntur
1108 2767 1326 2833 documenta.
1349 2771 1507 2833 Extrema

184 2880 317 2941 tantum
334 2873 446 2960 capita
459 2878 538 2938 sunt
549 2872 722 2955 historica,
736 2880 883 2962 suntque
899 2874 1107 2940 narrationis
1117 2878 1296 2940 lia-Num.
1311 2873 1438 2956 nativa,
1454 2871 1506 2940 uti

184 2978 333 3058 videtur,
353 2977 540 3045 conclusio.
565 2978 704 3043 Videtur·
718 3001 836 3067 reapse
845 2979 1009 3069 primitas
1021 2980 1186 3047 exstitisse
1205 2980 1369 3047 continua
1383 2979 1504 3067 aliqua

183 3084 336 3151 narratio
350 3085 560 3167 Es.-Nrrra.,·
574 3087 674 3149 Dect.
695 3082 712 3150 t
718 3083 751 3167 ,t
755 3082 793 3153 ·3
799 3106 812 3168 ;
826 3083 848 3156 3
854 3084 870 3152 t
872 3085 909 3170 ‚l
914 3082 1039 3166 4-3-Ιᾶ
1041 3084 1075 3167 Q,
1095 3086 1132 3153 in
1147 3109 1252 3177 quom
1269 3086 1421 3153 immissu
1434 3084 1506 3152 sint

183 3190 247 3256 illc
264 3189 480 3256 docrunrnta.
505 3189 598 3266 Quod
620 3189 648 3256 si
667 3193 885 3274 concesseris,
904 3215 1124 3283 nequaquam
1145 3192 1340 3260 concessisti
1354 3192 1415 3258 illa
1430 3191 1500 3258 duo

183 3299 311 3386 scripta
337 3302 397 3363 aut
423 3296 636 3364 diversorum
664 3319 734 3364 esse
758 3305 939 3366 auctorum
961 3306 1021 3365 aut
1046 3299 1187 3367 diversis
1211 3300 1314 3390 plane
1340 3297 1503 3387 tempori-

185 3403 249 3469 bus
263 3407 344 3470 nata
362 3424 369 3471 :
388 3409 529 3493 potuere
543 3403 610 3470 duo
626 3404 778 3471 eiusdem
796 3405 946 3473 auctoris
963 3405 1092 3494 scripta
1110 3407 1181 3473 sive
1196 3408 1241 3473 ab
1257 3408 1332 3495 ipso
1346 3411 1498 3487 auctore,

183 3511 253 3579 sive
275 3511 320 3577 ab
340 3511 408 3576 alio
432 3510 550 3600 aliquo
574 3516 648 3600 post
669 3511 782 3601 ipsum
803 3512 840 3577 in
861 3534 969 3581 unum
989 3513 1177 3602 compingi.
1206 3512 1366 3581 Rationes
1385 3516 1501 3579 autem

183 3617 301 3683 asserti
317 3618 522 3705 proterimus
536 3619 599 3684 has
619 3640 626 3685 ε

227 3746 257 3789 a.
273 3727 355 3788 Tota
370 3725 566 3789 narratione
581 3730 758 3790 lla-Num.
770 3729 965 3791 constanter
979 3726 1214 3792 recitabantur
1229 3723 1385 3814 alloquia
1399 3723 1501 3791 lotoe

180 3829 224 3896 ad
241 3835 372 3917 llcysen
388 3829 476 3895 facta
492 3829 524 3916 (a
540 3833 685 3897 Locutus
702 3836 751 3897 est
775 3831 878 3897 lahve
898 3830 944 3897 ad
962 3836 1097 3920 lloysen
1113 3831 1230 3898 dicens
1248 3832 1300 3920 »);
1318 3836 1412 3897 [teut.
1430 3850 1500 3895 non
1596 3904 1599 3909 ¹

178 3937 284 4003 tradit
307 3936 460 4025 alloquia
478 3936 598 4017 lahvc,
614 3936 674 4003 sed
696 3960 867 4004 sermones
884 3937 1032 4026 Moysis,
1050 3960 1136 4028 quos
1161 3937 1234 4027 ipse
1264 3959 1334 4004 non
1352 3934 1501 4002 refertur

176 4043 268 4109 iussu
294 4045 396 4109 labve
420 4043 464 4109 ad
489 4043 655 4132 populum
678 4044 855 4125 lrahuisse3
882 4045 942 4110 sed
965 4050 1115 4112 extremo
1138 4050 1233 4111 Deut.
1267 4043 1415 4110 redeunt
1436 4041 1499 4108 illa

179 4149 280 4216 lahvc
295 4149 445 4238 alloquia
462 4155 701 4229 31,1a.23.1s;
718 4156 836 4230 aaa&
855 4155 947 4232 3-t,t.

222 4255 256 4321 b.
276 4259 370 4321 Deut.
396 4262 463 4338 1,3,
487 4255 577 4343 quod
599 4255 834 4338 ostendemus,
852 4255 964 4346 ipsum
985 4256 1093 4323 tradit
1111 4255 1203 4322 diem
1222 4256 1342 4322 mortis
1363 4255 1497 4343 llopsiS,

179 4361 238 4451 qui
252 4361 317 4427 fuit
330 4361 402 4428 dies
420 4369 462 4427 1¹¹⁶
478 4362 604 4428 mensis
626 4363 675 4428 11¹
690 4362 772 4429 anni
788 4348 848 4430 iu.
867 4367 937 4440 Quo
958 4363 1014 4430 dic
1034 4363 1229 4429 affirmatur
1247 4368 1374 4450 Moyses
1393 4360 1437 4427 ad
1456 4360 1498 4426 fi-

179 4490 258 4535 nem
273 4467 468 4558 perduxisse
483 4491 581 4536 suum
599 4469 795 4536 mediatoris
813 4469 982 4552 officium,
999 4469 1259 4537 communicatis
1274 4490 1352 4535 cum
1368 4467 1498 4557 populo

179 4575 220 4642 iis
236 4574 451 4642 sermonibus
465 4576 640 4658 omnibus,
659 4599 743 4666 ques
759 4577 790 4644 ei
812 4578 915 4644 lahvc
937 4576 1241 4644 communicandos
1259 4574 1495 4642 nrandavcrat.

181 4685 281 4751 Cuius
295 4684 450 4772 supremi
473 4683 541 4751 dici
556 4689 633 4751 acta
650 4691 836 4752 narrantur
856 4689 1092 4768 alut-sala.
1110 4689 1307 4775 Sequuntur
1321 4685 1497 4764 1,5-31,13
