3366 5346
706 314 796 356 narr.
819 297 889 367 345
914 313 976 364 ⁵00·
1439 298 1498 356 503

183 478 198 511 a
219 452 264 517 Et
287 448 484 515 obedierunt
506 448 538 514 ci
554 447 624 537 filii
642 446 751 514 Israel
765 447 1008 535 feceruntque,
1027 445 1115 512 sicut
1134 446 1313 536 praecepit
1332 447 1499 524 Dominus

180 556 294 645 Moysi
315 584 345 623 n,
371 558 473 623 chr,
495 554 706 622 :audierunt
730 565 763 619 et
783 553 952 639 fecerunt,
975 551 998 617 i.
1028 575 1058 619 c.
1084 552 1202 618 audita
1228 553 1376 620 exsecuti
1401 559 1495 637 sunt;

180 668 365 751 utrumque
391 666 612 751 praeceperat
633 666 730 726 Deus.
753 683 784 726 v.
807 665 848 724 10
874 686 889 717 κ
915 661 959 724 Et
973 680 1043 724 uon
1059 658 1208 725 srurccit
1225 659 1319 726 ultra
1342 688 1372 742 n,
1390 683 1498 749 usquc

182 768 225 835 ad
243 765 420 857 scriptoris
436 775 581 857 tempus,
605 795 620 829 ι(
635 766 808 856 propheta
827 767 863 831 in
882 765 989 832 que!
1004 767 1090 832 sicut
1108 768 1252 854 Mopsus,
1268 789 1369 855 quem
1389 778 1499 834 nosset

183 873 346 940 Dominus
365 874 457 960 facie
475 873 522 940 ad
541 872 664 963 faciem
688 902 718 952 »,
740 872 826 939 sicut
840 893 917 938 cum
938 871 1047 938 amico
1066 871 1265 939 immediate
1282 879 1499 941 conversatus

180 987 230 1047 est
250 1001 256 1047 :
275 981 316 1046 cf.
336 986 391 1046 Ex.
411 987 530 1064 33‚11;
546 985 644 1046 Num.
664 984 758 1058 1283
781 984 878 1045 Dcut.
904 982 978 1056 5‚t;
996 1001 1025 1043 v.
1051 985 1088 1044 11
1116 1006 1132 1039 «
1156 978 1365 1046 cacuminibus
1386 979 1499 1069 siquis

181 1099 283 1174 (atque
290 1087 473 1176 parcentia,
489 1109 578 1175 parce
591 1085 685 1152 misit
692 1107 758 1175 per
776 1107 864 1167 eum,
885 1096 921 1149 uc
935 1085 1068 1171 fuceret
1082 1083 1120 1150 iu
1136 1097 1226 1152 terra
1244 1085 1394 1175 Aepypti
1407 1087 1499 1153 Paa-

181 1191 281 1258 ruoui
300 1205 333 1258 ct
357 1192 516 1259 <inanibus
540 1192 645 1259 seruis
664 1192 736 1258 cius
760 1191 1005 1280 universaeque
1025 1203 1134 1258 terrac
1153 1191 1250 1259 illius
1267 1221 1296 1259 a.
1319 1216 1351 1259 v.
1380 1199 1418 1259 11
1443 1215 1496 1282 sq.

180 1294 308 1365 norum
333 1299 430 1366 addit
446 1305 651 1389 respectum,
677 1297 864 1365 secundum
890 1318 994 1386 quem
1014 1321 1120 1386 usque
1142 1297 1187 1364 ad
1208 1300 1409 1388 scriptorem
1430 1321 1499 1366 non

181 1405 308 1471 exstitit
329 1406 500 1495 propheta
522 1405 644 1472 similis
667 1405 792 1491 Moysi:
815 1403 935 1471 unicus
958 1403 1035 1485 tuit,
1054 1426 1126 1471 non
1152 1404 1263 1471 solum
1295 1405 1386 1494 quod
1413 1427 1499 1472 unus

182 1512 313 1578 noverit
334 1513 461 1579 lahvcn
476 1513 560 1579 facie
583 1512 627 1578 ad
646 1513 782 1589 faciem,
798 1508 857 1577 sed
873 1511 955 1577 item
979 1509 1095 1601 qrtoud
1110 1511 1212 1600 siqua
1227 1523 1304 1592 etc,
1318 1534 1405 1601 quae
1417 1512 1499 1579 feeit

182 1639 297 1684 coram
310 1619 486 1707 Aegyptiis
501 1618 594 1686 etad
609 1639 729 1684 eorum
743 1617 959 1708 potissimum
974 1618 1106 1684 animos
1118 1616 1320 1698 edocendos,
1334 1625 1367 1684 et
1383 1619 1501 1707 quoad

183 1724 371 1813 posteriora
391 1725 514 1793 deserti
534 1724 645 1812 signa,
664 1747 752 1814 quae
770 1723 851 1790 fecit
870 1746 937 1797 nou
959 1744 1074 1790 coram
1093 1724 1283 1814 Aegyptiis,
1301 1725 1363 1791 sed
1382 1747 1499 1793 coram

184 1831 261 1895 solis
280 1829 361 1896 tiliis
384 1831 501 1899 lsrael:
520 1835 622 1898 Erunt
646 1837 761 1898 autem
785 1831 868 1897 haec
888 1831 985 1917 sigua
1008 1837 1131 1897 necnec
1154 1831 1268 1919 sortia,
1285 1831 1498 1898 considerata

184 1934 321 2018 virtute,
344 1960 431 2025 quae
451 1938 495 2004 ad
516 1939 576 2004 illa
588 1937 760 2026 patranda
775 1936 1026 2025 requirebatur,
1049 1944 1082 2003 et
1102 1949 1209 2004 terror
1233 1960 1379 2026 alequas
1394 1937 1500 2006 consi-

184 2042 301 2108 derato
319 2044 452 2123 effectu,
488 2066 591 2134 quem
612 2044 648 2109 in
675 2043 799 2110 animis
822 2041 1084 2132 producebant:
1110 2066 1141 2109 v.
1172 2050 1212 2110 12
1238 2070 1254 2104 «
1281 2056 1313 2110 et
1340 2056 1499 2111 caurcium

185 2170 326 2214 ruditum
354 2153 525 2217 robustam
551 2173 746 2240 rrzupuuque
769 2149 966 2234 'uitrubilim
995 2173 1084 2239 quae
1107 2150 1195 2236 fecit
1226 2154 1360 2240 Moyses
1384 2173 1499 2219 cerum

189 2254 344 2322 uuiccrso
364 2257 473 2324 tumel
491 2285 520 2322 ».
