3366 5346
674 298 908 343 collectaneum
931 297 1087 341 sautans.

407 528 460 590 tt.
488 525 557 587 Lea
581 519 623 586 de
646 521 854 587 rrrerceuario
875 542 1028 610 paupere
1053 522 1153 585 lleut.
1181 524 1282 596 etue
1307 538 1358 604 sq.

268 723 352 808 lep.
370 758 412 768 —
430 720 635 785 lleroenario
657 717 815 808 pauperi,
834 724 904 783 tam
929 715 1143 801 alienigenae
1166 734 1270 803 quam
1290 711 1454 790 hebraeo,
1475 710 1547 776 sol-

226 832 323 893 vatur
338 847 469 892 merces
484 824 615 893 dietim.

269 937 355 999 llaec
379 933 432 998 lex
454 954 521 998 non
542 933 631 999 solos
655 933 779 999 tratres
798 931 965 996 hebraeos
988 928 1138 1019 respicit,
1161 927 1221 995 sed
1243 927 1347 993 etiam
1367 946 1547 992 meroens-

225 1039 293 1105 rios
312 1039 526 1126 alienigenas
537 1040 577 1115 in
598 1045 690 1106 terra
714 1044 830 1105 sancta
845 1039 1019 1124 degentes.
1038 1059 1070 1103 v.
1091 1043 1131 1103 lt
1152 1064 1166 1096 α
1188 1036 1267 1101 Non
1291 1032 1433 1123 negabis
1454 1055 1547 1098 mer·

226 1144 340 1212 eedem
367 1145 557 1234 indigeretis
580 1158 611 1212 et
637 1144 802 1236 pauperis
826 1143 947 1233 [ratris
973 1143 1026 1208 tui
1048 1144 1118 1209 sive
1149 1140 1318 1221 adrianae,
1343 1139 1407 1229 qui
1432 1152 1547 1205 tecum

225 1264 380 1319 moratur
396 1253 432 1318 ire
449 1265 539 1318 terra
562 1252 615 1341 [etl
634 1252 726 1318 intra
740 1263 859 1340 portas
877 1264 954 1317 teras
976 1250 1045 1338 [eset
1068 1278 1098 1315 ».
1116 1253 1230 1337 Neque
1257 1246 1368 1312 solum
1390 1267 1460 1312 non
1484 1244 1548 1311 de-

227 1359 398 1444 neganda,
416 1359 477 1426 sod
496 1364 656 1449 prompte
676 1357 790 1425 danda
808 1377 815 1423 :
833 1381 865 1423 v.
888 1364 928 1423 15
950 1385 965 1418 ι(
986 1354 1047 1423 sed
1065 1354 1183 1422 eadem
1205 1353 1261 1421 die
1275 1351 1396 1420 reddes
1417 1351 1450 1419 ei
1464 1375 1548 1443 pre-

227 1465 315 1531 tium
335 1465 480 1554 {laboris}
497 1465 552 1530 sui
566 1477 645 1532 ante
666 1465 748 1531 solis
772 1484 947 1548 occasura·
964 1464 1048 1553 qecia
1064 1484 1202 1553 pauper
1220 1473 1280 1544 est,
1303 1472 1335 1527 et
1350 1482 1392 1526 ee
1413 1482 1452 1526 eo
1474 1482 1549 1525 sus-

196 1577 198 1581 '
226 1584 335 1637 tentat
361 1571 517 1638 animam
545 1594 644 1638 suam
674 1600 708 1651 i,
734 1571 838 1638 vitam
864 1591 961 1638 suam
989 1592 995 1637 :
1023 1597 1039 1630 «
1067 1591 1110 1636 ue
1139 1568 1262 1635 clamet
1292 1579 1411 1633 eontra
1438 1580 1471 1633 te
1500 1565 1552 1632 ad

227 1677 422 1763 Donusam,
446 1691 478 1744 et
497 1691 673 1768 reputetur
688 1678 752 1743 tibi
767 1678 804 1743 ire
814 1690 995 1766 praecatura
1015 1704 1043 1742 u.

327 1931 381 1994 li).
407 1929 478 1992 Lex
502 1927 547 2007 de¹
560 1926 771 2017 propinquis
794 1949 864 1992 reon
889 1924 1110 2016 implicandis
1134 1923 1304 2015 supplicio
1329 1922 1438 1990 sontis

764 2037 866 2100 Deut.
892 2039 1006 2113 valli.

274 2234 358 2319 ary.
377 2268 420 2277 -
437 2229 614 2318 Supplicia
630 2231 735 2294 sontis
751 2251 821 2294 non
836 2228 1035 2316 implicetur
1050 2229 1122 2294 eius
1137 2234 1235 2318 pater
1249 2228 1362 2296 eiusve
1382 2226 1460 2294 filii.

274 2358 306 2403 v.
332 2343 372 2401 16
398 2365 412 2395 «
436 2338 514 2402 Nou
533 2333 730 2400 occideretur
747 2347 862 2424 patres
874 2357 941 2424 pro
954 2334 1038 2423 filiis
1059 2357 1119 2401 nec
1138 2334 1206 2424 filii
1217 2358 1283 2425 pro
1299 2334 1471 2429 patribus,
1490 2334 1555 2399 sed

230 2442 466 2532 eratisquisque
485 2437 548 2529 pro
566 2454 706 2531 peccato
722 2464 783 2507 suo
799 2442 965 2507 morietur
984 2471 1013 2509 o.
1035 2431 1073 2510 ’ἣν
1089 2465 1133 2509 ne
1149 2449 1262 2509 vertas
1281 2464 1357 2531 pro,
1376 2441 1434 2508 scd
1458 2464 1549 2507 cirus.

231 2551 278 2615 Cf.
299 2555 352 2615 ΕΖ.
374 2555 485 2630 1830.
504 2553 590 2614 Deus
607 2547 714 2636 (Dent.
729 2555 800 2632 5,9;
814 2553 871 2615 Ex.
885 2548 980 2637 20,5)
996 2549 1110 2615 visitat
1126 2548 1343 2637 iniquitatem
1359 2554 1498 2638 patrum
1514 2548 1552 2614 in

125 2678 129 2689 ’
230 2656 318 2722 filios
332 2657 416 2746 (non
432 2655 582 2722 filiorum
593 2654 629 2721 in
644 2662 770 2744 patres,
784 2655 849 2720 nisi
865 2656 900 2720 hi
916 2655 1045 2721 fuerint
1060 2679 1162 2723 causa
1177 2655 1369 2745 iniquitatis
1382 2654 1550 2742 filiorum)

229 2765 436 2852 inquantum
451 2762 731 2849 generationem:
747 2761 883 2828 sednon
896 2764 1012 2848 agitur
1028 2763 1084 2829 hio
1103 2762 1145 2829 do
1156 2762 1293 2827 divinae
1309 2761 1552 2850 providentiae

228 2869 354 2956 agendi
371 2870 515 2950 ratione,
528 2868 586 2936 sed
600 2868 642 2936 de
657 2869 826 2958 supplicio
840 2868 1030 2954 infligendo
1046 2869 1090 2935 ab
1106 2869 1307 2936 auctoritate
1327 2868 1431 2936 civili.
1449 2868 1553 2957 Apud

229 2977 313 3041 alios
328 2976 426 3041 Asiae
441 2977 585 3064 populos
600 2980 671 3040 tota
686 2975 818 3040 familia
833 2974 1078 3064 implicabatur
1091 2975 1260 3066 supplicio
1274 2976 1379 3042 sontis
1396 2997 1404 3043 ε
1423 2979 1489 3041 nst.
1508 2981 1548 3043 o:

229 3087 312 3148 Dan.
329 3087 420 3162 Qut.
441 3082 591 3169 ldipsum
608 3079 700 3169 apud
717 3082 887 3146 llebraeos
898 3081 942 3146 in
961 3104 1024 3148 usu
1037 3081 1156 3160 fuisse,
1174 3081 1400 3149 demonstrari
1415 3082 1548 3171 nequit.

232 3186 371 3252 Familia
397 3188 516 3252 Aelian
543 3190 603 3252 los,
629 3193 708 3269 wls
736 3209 786 3275 sq.
813 3187 1032 3268 interimitur,
1056 3188 1150 3277 quod
1176 3188 1218 3254 sit
1243 3197 1417 3257 exsecrata
1441 3190 1551 3270 luerit:

232 3299 352 3379 ‘tlteg
370 3299 445 3375 ΞΜ
467 3314 543 3381 sqq.
561 3315 633 3358 non
652 3291 769 3379 agitur
785 3293 827 3359 de
840 3292 1015 3386 supplicio
1030 3294 1148 3360 sontis.
1172 3296 1221 3362 ob
1237 3298 1326 3363 hane
1344 3297 1459 3384 legem
1481 3318 1552 3363 ser·
1624 3363 1627 3367 ,

232 3406 345 3468 vatam
369 3399 534 3467 laudatur
548 3400 699 3466 amasias
722 3407 740 3467 t
763 3405 847 3487 Reg.
871 3407 965 3483 1l,6;
984 3408 1004 3467 2
1027 3406 1101 3468 Par.
1122 3408 1201 3485 25,t
1225 3424 1231 3471 :
1256 3403 1450 3471 laudandus
1469 3427 1553 3494 pro·

231 3508 319 3574 fecto
339 3513 424 3585 erat,
443 3507 535 3596 quod
553 3507 642 3573 hano
661 3507 773 3594 legem
791 3507 988 3588 servaverit,
1003 3509 1107 3575 etiam
1128 3511 1188 3576 ubi
1209 3510 1251 3576 de
1271 3512 1408 3578 familiis
1432 3534 1552 3578 eorum

233 3620 404 3699 ageretur,
423 3615 483 3703 qui
501 3614 574 3680 eius
588 3626 726 3703 patrem
747 3614 1006 3682 interfecissent.
1031 3616 1065 3683 si
1085 3616 1165 3682 hino
1188 3618 1263 3706 quis
1281 3618 1418 3700 inferat,
1436 3619 1550 3706 legem
1647 3692 1653 3701 ,

236 3720 280 3785 ab
304 3718 458 3786 Amasiae
483 3721 756 3787 antecessoribus
783 3743 853 3788 non
878 3744 951 3788 esse
976 3728 1161 3804 servatam,
1188 3724 1340 3792 nondum
1365 3725 1551 3815 probatum

232 3826 338 3893 habet
359 3848 436 3892 eam
455 3827 567 3915 legem
590 3832 662 3893 tum
683 3827 836 3895 nondum
862 3829 1037 3911 exstitisse,
1055 3829 1114 3896 sed
1136 3830 1214 3898 illos
1234 3855 1343 3920 reges,
1368 3833 1433 3900 hae
1455 3833 1492 3899 in
1515 3856 1552 3901 re

232 3934 281 4000 uti
304 3936 340 3999 in
356 3934 442 4018 aliis,
465 3939 597 4001 secutos
611 3956 682 4000 esse
700 3958 808 4025 prava
827 3936 981 4025 exempla
999 3936 1146 4003 aliarum
1162 3938 1251 4005 eirea
1266 3939 1457 4007 nationum.

257 4179 310 4238 ts.
336 4177 405 4238 Lea
429 4173 469 4239 de
495 4173 629 4240 iustitia
654 4187 685 4240 et
709 4174 945 4242 misericordia
969 4199 1051 4266 erpa
1075 4201 1198 4266 apenos
1222 4182 1321 4247 Ileert.
1348 4187 1450 4263 eali
1474 4204 1525 4271 sq.

278 4367 363 4454 Arp.
386 4405 429 4416 —
454 4373 542 4433 lusta
566 4368 680 4457 quoad
703 4370 778 4437 illos
804 4371 972 4439 sententia
996 4374 1135 4440 feratur.
1155 4375 1372 4463 Indulgentia
1400 4378 1470 4446 illis
1493 4401 1550 4445 ex·

234 4472 395 4540 hibentur
407 4473 444 4540 in
458 4496 495 4539 re
512 4473 681 4562 pignoris.

278 4604 310 4648 v.
336 4587 375 4647 17
401 4609 417 4642 α
442 4582 520 4648 Nou
533 4596 705 4671 pervertes
729 4582 897 4650 iudicium
917 4586 1069 4653 adreuae
1094 4600 1127 4654 et
1156 4617 1170 4647 »
1195 4629 1238 4637 —
1268 4590 1359 4658 hano
1387 4595 1551 4683 copulam

237 4695 325 4756 reete
351 4688 505 4757 scribunt
529 4689 620 4755 LXX
648 4688 747 4778 Vulp.
767 4691 845 4778 Spr.
875 4731 918 4741 -
944 4721 959 4752 «
983 4694 1128 4784 pupilli,
1147 4719 1208 4762 uec
1233 4699 1368 4786 auferes
1389 4700 1551 4791 pipuoris
