3366 5346
583 270 585 274 ὗ
693 306 780 350 naus.
807 291 888 358 116.

448 536 479 593 3.
510 528 740 596 Commorctic
760 525 943 593 ecclesiane
962 531 1061 594 Dent.
1086 535 1176 612 aaa.

198 727 283 811 ili-q.
304 761 348 772 —
363 728 439 789 Post
452 723 604 812 priorem
624 746 655 788 v.
676 731 716 789 19
735 723 772 789 in
792 721 898 789 Gades
918 728 1050 790 Barnea
1065 722 1118 812 (z
1140 724 1312 791 desertum
1333 725 1469 792 Pharan

154 833 251 897 Num.
275 830 388 917 1331)
404 828 639 912 rebellionem,
656 829 700 895 ob
718 851 823 918 quam
840 829 985 895 Hebraei
1000 827 1109 895 adulti
1124 830 1169 896 ab
1184 830 1341 916 ingressu
1358 839 1469 900 terrae

154 942 290 1003 sanctae
315 935 482 1026 prohibiti
500 942 596 1018 sunt,
618 937 741 1002 transit
756 939 882 1022 Moyses
901 934 946 1002 ad
966 956 1130 1021 magnam
1155 936 1190 1002 in
1211 937 1323 1021 Gades⁴
1340 943 1470 1006 Barnea

155 1043 377 1132 apostasiam,
400 1065 468 1132 qua
489 1043 664 1110 occasione
687 1041 808 1108 eadem
825 1041 891 1130 ipsi
915 1063 1026 1131 poena
1042 1041 1204 1132 imposita
1226 1051 1286 1109 est.
1311 1048 1401 1121 Quae
1420 1052 1471 1112 ta-

154 1171 232 1215 men
253 1149 417 1216 orationis
439 1171 518 1238 pars
537 1148 647 1216 excisa
671 1156 721 1216 est
739 1147 971 1238 temporisque
991 1147 1217 1216 indicationes
1238 1173 1269 1218 v.
1296 1156 1337 1216 10
1358 1157 1391 1217 ct
1414 1158 1467 1235 2,1

153 1254 377 1343 defiguratae.
1209 1239 1213 1253 ¹

196 1368 321 1450 Moyses
338 1367 542 1449 argumenta
565 1358 744 1428 hincinde
765 1383 803 1428 ex
825 1361 974 1428 historiis
994 1360 1128 1427 Israelis
1145 1361 1290 1448 colligit,
1309 1386 1378 1431 non
1398 1387 1469 1432 mc-

153 1468 254 1534 minit
270 1468 468 1534 rebellionis
483 1472 539 1535 Ex.
560 1473 603 1533 32
619 1489 730 1557 neque
747 1467 944 1535 rebellionis
960 1471 1043 1534 (lore
1058 1472 1157 1534 Num.
1178 1475 1231 1549 10,
1249 1470 1306 1535 sed
1322 1470 1469 1560 aprima

153 1574 298 1641 Cadcsae
315 1560 501 1640 rebellione
521 1578 619 1640 Num.
644 1580 683 1640 13
700 1597 751 1664 sq.
775 1574 894 1640 transit
913 1573 956 1640 ad
977 1562 1120 1641 alteram
1140 1578 1238 1642 Num.
1262 1582 1316 1642 20.
1346 1578 1468 1654 Quodsi

152 1703 202 1762 ea,
219 1703 307 1769 quae
325 1683 379 1746 CN
396 1703 432 1769 p.
457 1685 604 1747 108101
623 1679 666 1746 de
687 1680 770 1747 actis
791 1679 981 1747 cadesianis
1000 1680 1261 1762 disserebamus,
1284 1705 1365 1749 vera
1387 1683 1464 1766 sint,

151 1786 301 1875 oportuit
324 1787 360 1853 h.
389 1786 413 1854 1.
442 1786 648 1877 apostasiam
671 1787 887 1855 cadesianam
918 1787 1077 1876 primitus
1103 1788 1211 1854 lusius
1237 1790 1391 1871 tractari,
1416 1791 1467 1859 uti

151 1893 302 1981 priorem
316 1915 347 1958 v.
367 1899 468 1960 10-15
487 1892 722 1975 rebellionem,
740 1893 819 1960 dein
835 1915 915 1960 eum
931 1897 1117 1960 tractatum
1136 1895 1172 1961 h.
1195 1894 1219 1962 l.
1242 1897 1466 1974 arecentiore

151 1998 268 2088 aliquo
288 1998 440 2065 exscindi
461 2021 521 2066 seu
543 1998 734 2080 obscurari,
758 1999 916 2065 similiter
938 2004 1039 2088 atque
1063 2004 1161 2066 Num.
1186 2006 1244 2082 203
1265 2005 1361 2069 Dcut.
1386 2009 1466 2084 333

150 2106 277 2171 factum
296 2112 362 2186 cst;
384 2105 480 2172 cuius
498 2105 580 2172 facti
600 2104 744 2192 vestigia
762 2105 897 2195 aliqua,
919 2105 970 2173 uti
994 2105 1077 2173 loeis
1095 2105 1179 2173 item
1198 2106 1359 2190 laudatis,
1379 2109 1415 2174 h.
1439 2109 1464 2176 l.

151 2211 429 2301 deprehenderis.
452 2211 486 2278 Si
508 2211 615 2298 igitur
635 2212 669 2279 h.
691 2211 717 2278 l.
742 2211 894 2278 offendas
915 2215 1042 2278 textum
1063 2219 1139 2279 acta
1157 2213 1339 2281 cadesiana
1362 2216 1466 2282 attin-

150 2324 289 2405 gentem
304 2317 480 2385 evidenter
499 2338 672 2402 mancum,
691 2317 834 2385 habebis
853 2318 1031 2405 egregiam
1052 2340 1183 2399 eorum,
1202 2342 1290 2409 quac
1311 2322 1368 2388 CN
1384 2344 1465 2408 sng-

150 2425 370 2510 gcrebamus,
402 2423 711 2491 confirmationem.
746 2429 901 2491 tamvero
930 2429 1038 2491 textus
1068 2448 1101 2492 v.
1133 2432 1175 2493 10
1211 2430 1260 2492 est
1289 2427 1467 2495 evidenter

152 2552 290 2598 mancus
308 2538 341 2597 ct
360 2530 573 2598 obscuratus.

186 2721 348 2769 Diutaraom
372 2719 498 2772 Gadesae
522 2722 771 2771 commorationem
796 2719 917 2771 affirmat
940 2723 1034 2772 textus
1059 2721 1141 2772 Dent.
1167 2721 1238 2777 ata
1261 2723 1344 2773 ettam
1374 2725 1465 2787 quatis

151 2822 225 2858 nunc
239 2809 351 2871 legitur.
369 2809 423 2860 Ubi
437 2809 565 2860 conteras
580 2809 664 2860 Num.
681 2809 744 2865 931
765 2808 832 2875 (sec,
855 2809 953 2872 111111.)
971 2823 976 2857 :
995 2809 1026 2860 St
1045 2810 1130 2860 biduo
1145 2813 1193 2861 aut
1212 2824 1308 2862 mense
1324 2816 1372 2862 aut
1393 2827 1465 2862 111111

149 2899 281 2948 continuo
304 2898 434 2949 manebat
455 2899 545 2948 nubes
569 2911 653 2962 super
677 2899 881 2951 babitaculum.
900 2899 1051 2949 manebant
1077 2897 1128 2948 filii
1153 2899 1250 2950 Israel.
1274 2901 1353 2960 Quae
1378 2902 1465 2952 verba

149 2989 309 3050 supponunt
328 2987 462 3038 accidisse
481 2988 633 3052 aliquando
657 2989 731 3038 intra
754 2988 818 3038 illos
842 2984 874 3038 to
899 3001 998 3042 annos,
1016 2990 1046 3038 ut
1069 2987 1159 3040 nubes
1178 3001 1282 3040 annum
1306 2990 1351 3040 vel
1375 3003 1465 3040 annos

148 3077 281 3126 continuo
296 3076 477 3127 tabernaculo
492 3076 679 3136 incumberet;
692 3077 766 3140 quod
782 3089 837 3127 non
850 3077 906 3126 atio
924 3081 1049 3141 tempore
1064 3090 1149 3142 quam
1164 3079 1238 3129 inter
1252 3092 1357 3128 annum
1374 3080 1421 3128 3ιΙΙΣι
1437 3085 1464 3129 et

149 3164 217 3213 39ιιιιι
232 3163 293 3213 ficri
308 3167 412 3227 potuit,
430 3169 459 3216 ct
470 3165 624 3215 secundum
640 3165 722 3216 Dent.
744 3165 803 3226 aaa
824 3165 928 3216 tactum
943 3170 986 3217 est
1001 3165 1137 3217 Cadesac.
1155 3166 1231 3231 Ergo
1248 3168 1331 3218 Num.
1354 3168 1463 3228 ato-‘23

148 3265 204 3302 non
219 3253 391 3304 scribebatur
410 3259 476 3305 ante
495 3260 557 3304 aeta
576 3254 736 3305 cadesiana.
759 3254 937 3305 Probabittus
957 3257 1024 3305 item
1043 3256 1126 3306 Num.
1153 3256 1338 3316 10,1-10,1111
1360 3258 1464 3319 pariter

148 3343 239 3405 agitur
253 3343 288 3392 de
303 3344 345 3403 its,
358 3355 431 3406 quae
443 3344 530 3407 longo
545 3348 671 3407 tompore
685 3349 847 3394 constanter
862 3343 923 3394 lieri
941 3356 1123 3395 consuevere.

192 3539 224 3582 v.
253 3521 294 3581 10
319 3546 334 3577 «
358 3515 501 3584 Sedistis
522 3539 599 3606 erpo
622 3517 659 3583 in
684 3516 894 3584 Cadesbcrrrc
917 3517 1023 3584 rrraltc
1048 3530 1198 3606 tempore
1222 3545 1237 3578 »
1266 3541 1325 3584 seu
1347 3518 1464 3585 metitis

150 3621 284 3701 dietus,
303 3635 385 3712 picot
409 3622 526 3689 dietus
552 3622 708 3706 radiatim·
731 3624 779 3691 ita
804 3629 914 3690 textus
939 3645 1057 3690 omnes
1082 3629 1201 3690 contra
1233 3623 1348 3713 anp„
1375 3647 1463 3715 quae

149 3728 309 3794 ultimum
323 3730 468 3796 incisum
482 3753 552 3797 non
572 3731 747 3820 expressit,
764 3754 844 3797 sane
860 3730 952 3818 quod
968 3729 1056 3797 illud
1071 3730 1264 3799 adsensum
1280 3732 1464 3798 verborum

148 3835 322 3902 videretur
341 3835 467 3902 addere
485 3837 585 3904 nihil.
607 3839 656 3904 01.
680 3838 779 3903 Zacb.
805 3844 1116 3919 1081111111,
1140 3838 1466 3927 multiplicabuntur

147 3942 247 4009 sicuti
264 3941 483 4032 multiplicati
498 3951 587 4024 sunt,
606 3948 656 4009 tot
672 3949 773 4010 erunt
788 3949 872 4030 quot
891 3949 993 4010 antea
1009 3943 1161 4012 fuerunt.
1181 3949 1269 4030 Ergo
1285 3946 1321 4011 h.
1340 3945 1363 4010 l.
1387 3968 1394 4010 :
1413 3968 1465 4013 se-

147 4050 243 4117 distis
259 4054 309 4115 tot
330 4048 413 4132 dies,
440 4056 524 4139 quot
544 4049 690 4116 sedistis.
713 4049 813 4115 Vides
833 4049 915 4132 iam,
938 4051 975 4116 in
997 4056 1113 4118 nostro
1135 4056 1293 4118 contextu
1318 4050 1464 4120 incisum

147 4155 276 4246 aliquid
302 4155 428 4223 addere
456 4156 586 4238 sensui,
616 4156 820 4246 scriptorem
846 4178 906 4238 se,
935 4155 1015 4224 licet
1041 4157 1190 4225 affirmet
1215 4165 1353 4248 tempus
1378 4159 1465 4227 illud

147 4263 250 4330 luisse
271 4262 428 4348 longum,
448 4263 540 4330 nolle
556 4271 674 4348 tamen
693 4285 757 4328 nos
776 4263 918 4330 edocere
936 4277 1105 4353 quantum
1125 4265 1213 4332 illud
1233 4271 1369 4356 tempus
1390 4267 1464 4334 lue-

148 4370 203 4437 rit.
221 4375 322 4436 Norat
341 4369 377 4436 id
392 4376 483 4437 certe
498 4375 623 4458 Moyses
640 4377 809 4451 accurate,
825 4379 951 4437 norant
966 4371 1140 4438 auditores
1156 4373 1229 4439 eius
1245 4396 1373 4440 omnes
1391 4378 1462 4439 Non

149 4476 194 4540 ita
221 4476 391 4542 scribebat
416 4477 489 4565 ipse
512 4477 678 4543 sermonis
702 4484 837 4559 auctor,
866 4477 924 4545 sed
952 4481 1120 4546 recentior
1142 4481 1299 4568 quidam,
1325 4501 1402 4545 cnm
1424 4479 1460 4542 in

150 4587 241 4647 textu
266 4583 396 4668 legeret
419 4589 614 4650 accuratam
635 4588 827 4673 temporum
848 4607 905 4652 seu
932 4608 1100 4652 annorum
1123 4586 1292 4652 rationem
1317 4605 1462 4670 eamque

150 4688 249 4755 vellet
268 4692 493 4779 supprimere,
514 4691 688 4758 substituit
707 4693 932 4780 tautologiam
954 4693 1061 4759 illam.
1086 4692 1280 4758 ltaltebatnr
1303 4688 1462 4777 primitus
