3366 5346
720 311 743 365 J,
769 309 797 364 Ε,
823 310 849 361 l'r
874 309 902 350 P·
1416 301 1473 359 137

162 450 196 511 ct
209 449 251 511 JE
267 444 425 533 primitus
446 445 491 510 ab
511 444 659 511 invicem
675 441 842 509 exstitisse
863 440 1060 521 distinctos;
1082 448 1120 508 ut
1139 466 1217 509 vero
1241 447 1344 511 etiam
1364 471 1473 515 secer-

161 558 288 618 nentur
305 557 320 617 l
345 557 378 617 et
395 557 433 633 E,
450 551 487 618 id
508 558 622 619 censet
643 550 715 617 fieri
740 547 978 638 probabiliter,
996 548 1076 615 licet
1097 549 1214 639 aliqua
1235 552 1278 617 ab
1301 553 1474 642 aliquibus

161 657 323 727 audacius
337 657 484 724 discerni
500 658 660 724 fateatur.
945 646 951 656 ’

203 769 243 843 Ε,
263 767 311 830 ait
329 770 398 843 lta,
420 765 576 850 agnoscit
594 763 826 854 prophetiam,
848 762 927 828 licet
946 784 1023 830 eam
1047 763 1160 828 minus
1183 764 1301 831 efferat
1320 774 1471 854 quaml.

158 871 349 938 Narrationi
371 894 441 937 non
463 871 627 937 admiscet
651 877 700 936 tot
726 868 1014 936 considerationes
1040 869 1170 935 ethicas
1191 876 1224 936 et
1250 871 1471 957 theologicas.

157 978 257 1044 Novit
275 976 376 1044 ctiam
396 978 466 1066 ipsc
488 978 578 1057 loca,
594 999 682 1066 quac
702 975 892 1064 antiquitus
907 975 1068 1042 Hebraeis
1087 996 1182 1042 sacra
1199 983 1313 1059 erant,
1332 978 1403 1045 imo
1424 982 1472 1046 la-

158 1083 255 1173 pides
270 1084 307 1150 in
324 1084 524 1150 memoriam
540 1089 688 1165 erectos,
707 1082 871 1172 reprobat
885 1081 967 1147 deos
982 1079 1123 1148 alienos.

202 1195 217 1255 J
238 1212 306 1256 non
326 1196 477 1269 tantum,
500 1195 668 1278 quantum
686 1193 725 1270 E,
743 1187 785 1254 ad
806 1186 1031 1276 particularia
1049 1187 1242 1266 descendit,
1265 1190 1324 1255 sed
1343 1190 1475 1258 indoles

158 1296 337 1363 hominum
365 1296 528 1361 describit
550 1294 758 1361 viridissime
778 1302 812 1360 ot
831 1293 1017 1359 verissime.
1040 1292 1172 1382 Ubique
1199 1298 1404 1363 narrationi*
1421 1297 1473 1363 in-

158 1403 240 1469 texit
259 1401 549 1469 considerationes
572 1401 702 1468 ethicas
729 1407 762 1467 et
784 1399 1013 1486 theologicas,
1038 1401 1213 1468 narrando
1237 1402 1347 1469 docet.
1366 1408 1472 1469 lteram

159 1515 393 1597 repraesentat
410 1507 776 1598 anthropomorphiec.

203 1615 253 1680 Ab
272 1621 287 1682 l
304 1615 394 1681 atah
412 1614 638 1704 Eplurimum
660 1614 772 1681 differt
792 1620 826 1695 P,
844 1615 898 1681 cui
918 1614 953 1681 in
975 1617 1091 1682 animo
1105 1622 1155 1682 est
1175 1622 1330 1683 accurate
1346 1618 1471 1684 descri-

157 1721 238 1789 bere
259 1721 429 1806 originem
452 1727 485 1787 et
504 1721 657 1787 instituta
678 1720 889 1788 theocratiae
904 1743 1032 1789 sacrae.
1054 1723 1106 1788 hd
1125 1745 1229 1811 quem
1249 1722 1353 1789 finem
1369 1723 1472 1790 histo-

157 1828 242 1893 riam
259 1826 464 1915 compendio
483 1826 615 1895 recitat.
633 1833 710 1894 Post
729 1827 1002 1913 cosmogoniam,
1020 1849 1109 1916 quae
1127 1828 1376 1896 institutionem
1397 1831 1473 1896 sah·

146 1984 147 1987 η
159 1933 230 1998 bati
244 1933 407 2013 celebrat,
424 1932 586 1999 historiae
599 1934 874 2023 patriarcharum
889 1934 1064 2019 graviores
1078 1934 1318 2000 tantummodo
1332 1942 1474 2002 eventus

159 2038 300 2125 attingit
313 2060 386 2120 cos,
403 2039 464 2129 qui
479 2041 564 2106 ritus
578 2039 754 2106 cuiusdam
769 2040 856 2105 sacri
870 2038 1042 2126 originem
1061 2045 1230 2130 spectant.
1247 2063 1279 2107 v.
1297 2064 1331 2125 g.
1352 2042 1473 2129 prohi-

158 2144 297 2211 bitionis
312 2144 514 2212 comedendi
526 2145 708 2233 sanguinis
720 2150 800 2212 Gen.
816 2152 871 2226 9,1
886 2168 962 2235 sqq.
978 2151 1012 2211 et
1023 2145 1292 2213 circumcisionis
1304 2152 1386 2214 Gen.
1406 2155 1446 2214 17
1462 2169 1469 2215 :

158 2251 290 2339 reliqua
315 2250 530 2341 perieclnqiis
553 2253 626 2318 fere
658 2253 787 2338 explet,
811 2256 1006 2318 accuratam
1030 2250 1170 2318 tradens
1196 2253 1471 2339 chronologiam.

159 2362 195 2424 ln
221 2359 305 2425 actis
332 2358 450 2444 Moysis
476 2357 635 2423 nonnihil
662 2358 769 2425 fusius
799 2359 904 2425 refert
928 2357 1047 2444 Moysis
1075 2357 1291 2425 vocationem
1317 2366 1349 2426 ct
1375 2360 1473 2426 exodi

158 2469 330 2554 portenta,
349 2464 449 2530 valde
471 2464 602 2553 prolixe
625 2486 665 2531 ea
687 2465 820 2544 omnia,
838 2485 927 2554 quae
946 2486 1116 2531 novorum
1138 2487 1313 2531 sacrorum
1338 2466 1472 2533 institu-

157 2571 286 2637 tionem
305 2576 472 2659 spectant.
496 2569 614 2647 Quoad
635 2578 677 2638 tu
697 2592 867 2636 annorum
887 2571 923 2636 in
945 2570 1081 2639 deserto
1103 2572 1346 2655 migrationem
1369 2572 1474 2639 tradit

159 2675 337 2743 elenchum
358 2676 544 2744 stationum
564 2680 664 2743 Num.
687 2682 745 2753 33,
764 2682 904 2742 eventus
924 2674 1062 2761 attingit
1082 2697 1209 2764 paucos
1229 2684 1380 2753 tantum,
1402 2678 1472 2743 fere

158 2782 238 2849 illos
263 2783 371 2863 solm,
397 2783 459 2873 qui
485 2782 629 2849 alicuius
654 2782 742 2868 legis
774 2781 826 2848 rel
853 2782 997 2848 alieuius
1029 2780 1173 2848 instituti
1201 2784 1290 2848 sacri
1318 2783 1472 2850 exstitere

63 2929 68 2937 ·
158 2889 301 2957 occasio.
321 2889 436 2956 Tradit
454 2891 630 2963 universa,
649 2910 737 2977 quae
752 2889 789 2954 in
804 2893 880 2955 Lar.
899 2888 1087 2970 habentur,
1107 2893 1141 2954 et
1156 2888 1321 2955 maiorem
1338 2895 1470 2978 partem

157 3000 270 3076 Num,
299 2995 470 3085 imprimis
494 2996 582 3063 duos
604 2994 726 3084 populi
757 3016 877 3062 census
901 3000 935 3060 et
965 2994 1071 3081 leges.
1107 3000 1212 3063 heum
1240 3002 1473 3084 repraesentat

157 3102 271 3169 minus
289 3102 641 3192 anthropomorphiec
670 3123 774 3190 quam
800 3105 823 3166 E
848 3107 881 3167 et
896 3107 925 3183 J,
947 3102 1089 3188 angelos
1114 3108 1147 3168 et
1171 3102 1303 3169 somnia
1322 3102 1469 3188 ignorat.

201 3214 217 3276 l
242 3216 276 3275 et
299 3214 323 3275 Ε
343 3211 376 3274 in
402 3231 511 3276 unum
535 3213 577 3274 tu
599 3208 773 3297 compegit
796 3208 955 3277 reductor
979 3207 1026 3275 ΙΨ
1052 3209 1120 3295 (Dr.
1146 3232 1180 3297 p.
1207 3210 1274 3296 15).
1300 3214 1472 3296 lntcgram

158 3314 311 3405 aliquam
329 3314 516 3405 pericopen
535 3315 738 3381 desumebat
753 3314 856 3380 modo
873 3337 912 3379 ex
928 3319 952 3380 E
968 3313 1013 3400 (r.
1031 3336 1066 3400 g.
1085 3320 1165 3381 Gen.
1183 3322 1351 3401 &dd-17),
1372 3316 1473 3382 modo

158 3426 228 3489 cxl
249 3423 295 3510 (v.
320 3444 355 3508 g.
380 3426 460 3488 Gen.
479 3422 554 3509 aab
570 3422 671 3487 modo
694 3420 794 3486 unius
817 3420 922 3485 sontis
943 3421 1176 3486 narrationem
1198 3421 1393 3508 complebat
1415 3422 1473 3487 ad-

157 3528 291 3617 scriptis
309 3529 515 3617 quibusdam
537 3550 577 3594 ex
599 3528 707 3594 altero
728 3528 823 3593 sonte
846 3525 976 3614 pctitis;
1001 3526 1102 3589 modo
1125 3548 1143 3591 c
1166 3526 1303 3591 duobus
1323 3526 1474 3593 fontibus

157 3634 385 3723 aequabiliter
402 3657 506 3701 unam
522 3636 657 3700 texebat
673 3635 921 3699 narrationem.
943 3635 1066 3697 Verum
1081 3639 1199 3697 monet
1215 3631 1314 3698 Holz.
1330 3656 1365 3722 p.
1385 3639 1449 3700 -tS't
1465 3656 1472 3700 :

159 3766 175 3800 «
198 3739 256 3807 llic
275 3741 373 3807 labor
392 3740 634 3828 perficiebatur
652 3740 702 3805 ita
720 3738 962 3827 inaequaliter,
981 3743 1019 3802 ut
1037 3737 1215 3804 evidenter
1229 3738 1471 3828 perspiciatur,

157 3844 244 3912 sicut
263 3852 292 3930 l,
311 3853 345 3925 ll,
368 3853 404 3926 l),
420 3847 466 3912 ita
486 3846 589 3911 etiarn
609 3851 656 3911 lP⁰
676 3868 744 3910 uon
766 3848 874 3931 [insse
898 3866 1004 3909 arrium
1018 3843 1171 3932 (aliquem
1183 3846 1396 3933 scrqrtorrm,
1415 3846 1474 3911 scd

154 3951 265 4018 coliem
277 3976 345 4020 esse
359 3952 510 4018 laborem
526 3950 719 4016 literarium
735 3950 876 4016 retortae
895 3972 1021 4033 ιιιιτιηι,
1034 3951 1059 4016 i.
1074 3973 1103 4017 e.
1123 3951 1244 4017 haberi
1259 3951 1472 4018 reductorem

156 4080 226 4125 non
241 4082 364 4141 unum,
380 4059 438 4126 sed
451 4059 582 4147 plureS,
600 4079 708 4123 unum
724 4062 870 4123 stratum
887 4057 967 4123 stili.

201 4167 415 4233 Postmodum
435 4170 477 4231 lE
496 4171 530 4229 et
547 4169 571 4229 [t
589 4165 623 4228 in
640 4185 747 4229 uuum
763 4163 1075 4252 compingebantur
1090 4165 1218 4231 librum
1239 4189 1302 4254 per
1319 4166 1472 4233 redacto-

157 4293 231 4337 rem
246 4273 285 4339 Ru
301 4273 353 4338 vcl
371 4272 443 4351 lP'·'‘¹,
462 4271 573 4336 circem
592 4292 696 4335 iritum
716 4270 767 4335 rel
778 4269 895 4358 plures
911 4271 959 4359 (p.
980 4277 1072 4358 aaut,
1088 4272 1143 4337 eui
1156 4271 1240 4338 illud
1258 4274 1470 4360 potissimum

155 4377 315 4444 effectum
340 4379 559 4455 adscribitur,
587 4412 601 4436 ιι
630 4399 707 4443 cum
730 4377 858 4442 inserto
885 4377 922 4443 in
946 4377 1182 4444 narrationem
1214 4384 1256 4445 JE
1283 4380 1373 4445 libro
1399 4382 1471 4445 soc·

159 4482 250 4550 deris
265 4492 366 4573 atquo
382 4486 497 4575 paucis
513 4485 555 4550 de
569 4507 629 4551 suo
644 4483 836 4572 imperitius
851 4483 1005 4555 adiectis,
1023 4490 1128 4551 totam
1145 4507 1220 4551 eam
1236 4486 1470 4551 narrationem

158 4592 350 4657 contudisse

204 4698 352 4764 Tandem
373 4698 530 4764 reductor
550 4703 576 4764 a
593 4695 769 4763 coniunxit
788 4700 856 4762 lEl)
872 4718 950 4763 curu
969 4702 1004 4762 P.
1020 4696 1168 4784 lleliquit
1185 4702 1210 4761 l)
1230 4697 1412 4773 intactum,
1430 4696 1471 4759 lE
