3366 5346
651 275 803 320 cauliculi
826 273 940 317 uersis.

298 477 329 535 3.
356 465 504 556 Stroplm
527 463 713 529 rurttotoria
739 482 745 527 :
771 463 930 548 stetinum
955 458 1055 525 totve
1074 459 1255 526 iudicium.

138 645 162 693 ll
290 641 428 699 l'roleeio,
446 640 615 702 propinquat
635 634 696 685 dies
715 647 780 698 per-

541 726 656 775 ditionis
671 736 777 774 eorum,
832 721 956 778 festinat,
973 720 1048 783 quod
1063 722 1189 783 paratum
1202 723 1244 771 est
1259 724 1338 786 ipsis

187 835 213 869 v.
239 821 271 869 :tu
293 817 431 876 Proiecto,
453 815 548 879 populi
569 816 612 863 sul
627 814 671 862 ius
690 812 781 861 tuebi-

632 907 678 950 tur
694 901 780 951 lalrve
831 905 859 949 et
874 910 1019 948 serrorum
1034 910 1147 947 suorum
1162 898 1348 950 miserebitur.

154 1053 163 1100 l
287 1045 682 1108 Quandovidebitelanguisse
691 1042 775 1092 robur
826 1007 855 1090 et
869 1039 1006 1089 deiecisse
1021 1040 1139 1101 ligatum
1154 1045 1182 1090 et
1194 1041 1326 1100 solutum,

188 1153 215 1188 v.
238 1139 270 1188 31
287 1137 357 1188 Tum
372 1136 444 1186 dieet
455 1153 461 1187 ε
473 1135 527 1186 Ubi
537 1137 602 1184 sunt
617 1132 653 1182 dii
666 1144 772 1191 eorum,
822 1132 903 1192 petra
918 1128 953 1178 ad
969 1141 1054 1191 quam
1069 1127 1269 1192 coniugerantt

137 1274 162 1322 ll
183 1288 209 1321 v.
233 1272 264 1320 08
287 1271 340 1330 Qui
355 1269 466 1333 adipem
481 1268 658 1317 victimarum
678 1277 775 1314 eorum

581 1353 774 1413 comedebant,
826 1357 854 1401 et
869 1351 965 1399 vinum
980 1350 1146 1400 libationum
1158 1363 1254 1401 eorum
1270 1351 1411 1410 bibebant,

293 1451 450 1511 Assurgant
460 1453 487 1498 et
502 1446 674 1510 opitulentur
684 1442 774 1501 vobis,
827 1446 854 1491 et
870 1441 923 1490 erit
938 1452 1023 1502 super
1038 1453 1088 1488 vos
1103 1440 1252 1502 protectio!

158 1585 168 1632 l
188 1597 214 1632 v.
237 1583 269 1632 39
290 1582 399 1641 Videte,
416 1582 483 1644 quia
497 1593 564 1642 ego,
575 1581 686 1640 egomet
701 1588 772 1632 sum,
828 1575 855 1623 et
870 1586 926 1622 non
942 1577 984 1622 est
997 1572 1066 1623 deus
1082 1585 1198 1621 meeum.
1259 1627 1267 1640 ‚
1283 1630 1287 1636 ⁸

287 1672 347 1733 Ego
362 1669 458 1720 occido
474 1672 501 1718 et
515 1665 635 1726 vivifico,
648 1665 773 1728 percutio

561 1758 587 1807 ei
603 1755 677 1804 idem
693 1766 771 1812 sane,
825 1764 916 1814 neque
932 1755 974 1801 est
989 1752 1036 1814 qui
1051 1752 1153 1814 eripiat
1167 1751 1201 1800 de
1217 1763 1300 1799 manu
1316 1763 1388 1802 mea.

284 1967 314 2028 b.
344 1957 492 2047 Stroplta
520 1977 526 2022 :
554 1955 677 2022 latriae
702 1952 885 2038 defuturo
911 1949 1041 2016 iudicio
1067 1950 1308 2016 iuramentum.

146 2153 170 2202 ll
191 2167 217 2201 v.
241 2152 272 2201 te
293 2151 431 2208 Proiecto,
448 2147 482 2197 ad
500 2147 609 2196 coelum
631 2146 694 2194 levo
718 2155 778 2191 ma-

594 2246 660 2282 num
675 2245 776 2290 meam,
831 2235 858 2279 et
873 2230 996 2292 loquor:
1016 2227 1105 2286 Quam
1125 2240 1192 2278 vero
1211 2232 1355 2278 aeternum
1376 2230 1449 2289 vivo,

184 2347 210 2380 r.
234 2330 262 2380 11
286 2323 631 2388 00311οο3000101018οῃ
647 2321 771 2385 gladium

669 2422 772 2468 meum,
826 2412 853 2457 et
872 2407 1021 2469 arripuerit
1040 2405 1172 2456 iudicium
1189 2416 1288 2456 manus
1309 2419 1368 2456 mea
1391 2404 1451 2470 (pro

1295 2549 1298 2554 ,
1348 2495 1449 2555 scuto),

293 2592 418 2644 Reddam
466 2591 599 2639 ultionem
646 2585 772 2635 hostibus

682 2656 770 2734 meis,
823 2677 850 2722 et
866 2671 995 2721 osoribus
1010 2672 1080 2720 meis
1095 2671 1257 2730 retribuam,

182 2787 209 2823 v.
232 2773 264 2822 tr
286 2770 432 2821 inebriabo
456 2769 573 2832 sagittas
601 2776 679 2814 meas
707 2776 775 2813 aan-

678 2853 773 2915 guine‚
828 2851 855 2899 et
871 2848 983 2911 gladius
997 2861 1076 2898 meus
1090 2846 1218 2898 comedet
1232 2860 1342 2907 earnes,
1374 2916 1385 2933 ι

293 2951 411 3012 Propter
430 2957 558 2996 eruorem
573 2943 727 2994 occisorum
748 2945 776 2990 et

602 3032 776 3096 captivorum
830 3027 975 3077 detraham
991 3037 1110 3076 corones
1122 3025 1156 3076 de
1174 3027 1265 3089 eapite
1279 3025 1395 3075 inimici.

404 3245 433 3304 i.
457 3231 680 3321 Antistroplut
705 3252 718 3295 .·
743 3227 868 3294 iubr'lus
893 3226 978 3294 coeli
1002 3240 1035 3292 et
1060 3239 1180 3293 terrae.

154 3433 164 3480 l
187 3447 212 3480 r.
235 3431 266 3479 10
288 3429 405 3478 iubilate
420 3427 565 3476 coelicum
580 3421 684 3484 populo
699 3420 768 3474 eius,
828 3419 855 3464 et
869 3416 982 3465 adorate
997 3421 1175 3463 enimomnes
1192 3415 1285 3476 angeli
1301 3415 1366 3470 Dei;

290 3517 407 3567 iubilate
441 3518 540 3576 gentes
573 3521 635 3559 eum
668 3507 771 3570 populo

700 3597 769 3654 eius,
822 3594 850 3641 et
864 3591 972 3641 lortiter
986 3593 1062 3652 agite
1075 3590 1115 3639 illi
1130 3603 1229 3642 omnes
1244 3589 1294 3640 sitii
1311 3593 1361 3642 liei
1379 3605 1392 3655 ;γ

291 3695 363 3753 Quia
389 3694 504 3754 sanguis
535 3702 679 3740 servorum
710 3689 773 3745 eius

455 3780 590 3830 ultionem
606 3783 703 3830 nactus
717 3783 769 3839 est,
821 3768 896 3818 ultus
903 3774 956 3832 est,
966 3771 1103 3819 ultionem
1112 3769 1371 3819 retribuitiniinicis
1379 3771 1448 3828 suis,

290 3874 322 3922 Et
337 3873 465 3922 osoribus
479 3872 615 3928 retribuit,
817 3881 845 3925 et
858 3878 1025 3940 propitiatus
1035 3879 1078 3927 est
1088 3877 1173 3926 lalive
1184 3879 1276 3926 terrae
1287 3876 1383 3940 populi
1395 3877 1450 3927 sui.

171 4054 255 4102 Notat
270 4064 425 4112 anonymus
446 4052 474 4099 in
495 4067 505 4097 ι
527 4050 693 4113 Expository
712 4051 804 4102 Times
822 4069 833 4100 r
851 4054 884 4113 X,
905 4053 914 4102 l
936 4069 962 4117 p.
979 4054 1003 4113 8,
1025 4053 1189 4116 Edlnburgh
1212 4051 1292 4113 1898,
1311 4055 1451 4104 canticum

136 4143 237 4206 lloysis
251 4141 337 4190 luisse
350 4139 430 4190 valde
452 4139 588 4190 iemiliare
603 4138 632 4190 S.
650 4140 747 4198 Paulo,
762 4143 809 4204 qui
829 4147 980 4205 sequentes
995 4147 1088 4193 textus
1107 4143 1173 4192 citet
1193 4142 1238 4191 vel
1253 4141 1289 4191 ad
1309 4154 1359 4192 eos
1378 4141 1452 4192 aliu·

135 4231 243 4282 dat:v.
271 4230 303 4281 13
326 4227 390 4295 (see.
413 4228 507 4294 Lxx),
529 4240 648 4291 quocum
672 4227 807 4279 etitem.
833 4230 911 4291 ituit)
939 4247 950 4278 ι
978 4230 1134 4281 laetamini
1160 4236 1260 4294 gentes
1283 4243 1346 4281 oum
1368 4231 1450 4293 plebe

136 4322 234 4381 eius»,
251 4325 279 4370 et
295 4311 378 4369 liebr.
399 4317 438 4376 1,6
454 4333 464 4364 ι
482 4320 509 4367 et
521 4317 639 4368 adorent
651 4330 715 4368 eum
729 4330 827 4368 omnes
842 4320 937 4383 angeli
948 4320 999 4370 Dei
1016 4336 1027 4367 r
1037 4333 1044 4380 ;
1060 4334 1087 4370 v.
1109 4319 1150 4380 ti,
1167 4333 1287 4383 quocum
1301 4320 1336 4371 el.
1356 4322 1363 4369 i
1383 4320 1448 4370 Gor.

138 4409 244 4468 1020(
262 4409 416 4459 daemoniis
439 4408 593 4467 immolant,
611 4409 638 4455 et
652 4420 708 4456 non
724 4407 782 4456 Deo
806 4422 835 4468 r,
850 4421 875 4457 v.
896 4410 939 4468 25,
957 4422 1077 4473 quocum
1099 4409 1132 4460 ot.
1158 4411 1173 4460 't
1197 4409 1261 4461 Cor.
1281 4409 1325 4470 7,5
1347 4424 1358 4454 ι
1381 4408 1451 4457 ioris

138 4509 259 4560 pugnae,
276 4498 350 4546 intus
366 4499 479 4547 timores
495 4507 522 4555 t;
537 4509 565 4544 r.
583 4497 625 4556 35,
642 4509 762 4559 quocum
781 4496 817 4546 el.
837 4497 918 4548 Rom.
942 4498 1018 4559 tata
1037 4515 1048 4546 ι
1072 4498 1139 4549 lirin
1155 4499 1277 4548 vindicta
1292 4503 1320 4546 et
1335 4509 1387 4558 ego
1403 4508 1450 4545 re-

137 4585 256 4634 tribuam
271 4587 311 4635 eis
328 4602 351 4646 r,
369 4587 490 4649 itemque
506 4585 590 4634 liebr.
617 4584 695 4644 10,30
720 4581 803 4652 (ride,
820 4599 892 4650 quae
918 4586 1041 4638 dieamus
1065 4587 1164 4652 inira);
1180 4586 1258 4636 etad
1278 4592 1383 4649 petram
1401 4589 1449 4641 atr

137 4679 233 4725 censet
247 4673 333 4723 alludi
351 4675 358 4724 l
376 4673 439 4734 Cor,
458 4673 516 4734 10,-t
533 4689 544 4720 ι
560 4678 639 4736 petra
651 4676 744 4723 autem
757 4677 816 4724 erat
835 4675 964 4725 Christus
983 4693 1006 4726 ι.
