3366 5346
243 263 302 321 472
456 250 469 275 ‘
547 274 661 321 oanrro
684 275 790 320 uors1s
812 274 944 319 sacuam
967 276 974 318 ε
1000 275 1248 321 ulnnorcmoras.

242 415 331 507 Ergo
358 432 429 476 non
451 408 531 476 licet
558 409 702 496 iungere
721 407 817 497 quod
833 409 1009 498 praecepit
1029 409 1065 475 in
1087 422 1178 477 terra
1200 412 1316 492 Moab3
1331 411 1411 476 'non
1435 408 1568 476 sufficit

242 518 355 584 dicere
384 536 462 584 cum
492 516 616 597 Calue,
645 538 737 582 nunc
760 513 1015 605 quodammodo
1037 516 1196 584 renovari
1215 516 1335 584 foedus
1350 515 1565 597 sinaiticum,

117 709 122 719 Ι
243 614 474 691 renovationis
492 629 609 690 tamen
628 621 881 689 solemnitatem
898 623 1058 713 postponi
1072 646 1180 714 usquc
1204 629 1279 714 post
1295 624 1473 690 traiectum
1491 629 1571 690 lor·

243 732 368 799 danem
397 730 484 795 :sed
512 730 705 796 affirmatur
736 731 867 815 Moyses
891 728 939 795 ita
960 729 1089 796 seriisse
1121 729 1241 796 foedus
1266 730 1304 797 in
1329 736 1421 797 terra
1451 729 1564 810 Moab,

243 838 293 906 uti
321 845 399 905 ante
423 836 562 904 ferierat
590 835 628 901 in
651 835 774 902 Horeb.
801 836 924 921 Agitur
947 858 992 902 sc.
1019 836 1076 902 bic
1105 836 1147 902 de
1174 836 1389 904 restitutione
1415 835 1569 902 foederis

242 943 514 1012 transiordanica
533 965 553 1009 a
576 947 686 1029 Moyse
706 941 889 1023 celebrata,
907 942 950 1007 de
968 965 1036 1032 qua
1056 943 1133 1008 vide
1153 949 1327 1024 nato-13.
1349 947 1464 1033 Neque
1485 943 1563 1009 ulla

243 1052 329 1118 ratio
346 1055 395 1118 est
412 1049 596 1116 dubitandi
619 1054 753 1136 Moysen
773 1049 810 1115 in
824 1047 1006 1115 Moabitide
1025 1049 1192 1118 eiusmodi
1207 1049 1456 1117 restitutionem
1474 1048 1567 1115 cele·

241 1157 357 1223 brasse
387 1179 395 1222 :
419 1157 455 1223 id
471 1160 580 1222 textus
594 1154 759 1236 affirmat,
778 1154 838 1220 alii
854 1161 933 1245 post
946 1161 1080 1244 Moysen
1095 1156 1241 1224 foederis
1255 1156 1492 1223 renovationes
1507 1177 1568 1222 ce-

242 1264 431 1330 lebravere.
452 1261 556 1329 Verba
569 1260 718 1348 foederis
727 1261 971 1347 intelliguntur
980 1289 996 1324 «
1010 1262 1222 1335 conditiones
1236 1262 1384 1329 foederis
1399 1290 1414 1323 a
1434 1262 1564 1352 (Vae),

245 1369 453 1459 «hispanice
481 1390 489 1437 :
514 1369 565 1435 los
588 1367 793 1458 capituloso
814 1367 1081 1457 capitulaciones
1103 1399 1118 1431 »
1141 1369 1230 1459 (Mal
1254 1370 1290 1458 .).
1307 1369 1372 1457 Sed
1390 1370 1425 1436 in
1442 1369 1567 1458 quovis

243 1477 383 1544 foedere
400 1483 548 1565 utraque
562 1496 654 1564 pars,
672 1497 744 1540 non
760 1496 827 1541 une
841 1479 975 1541 tantum
992 1496 1085 1564 pars,
1102 1475 1358 1543 conditionibus
1370 1474 1566 1542 seobstrin-

242 1583 306 1669 git.
325 1583 435 1650 Verba
450 1581 595 1648 foederis
614 1581 776 1670 apopulo
794 1580 1010 1647 observanda
1023 1588 1101 1649 sunt
1115 1581 1234 1649 divina
1253 1581 1436 1666 mandata;
1454 1581 1567 1647 verba

243 1689 391 1755 foederis
406 1711 426 1755 a
442 1688 543 1754 Iahvc
558 1687 772 1754 observanda
787 1693 865 1753 sunt
879 1686 1035 1776 praemia
1049 1689 1219 1778 promissa
1240 1688 1292 1770 iis,
1320 1688 1380 1778 qui
1399 1687 1566 1756 mandata

243 1801 395 1875 servant,
420 1798 561 1884 possunt
587 1798 765 1883 praeterea
791 1814 860 1859 esse
884 1815 1032 1882 poenae,
1055 1816 1143 1882 quae
1166 1795 1376 1881 neglecturis
1397 1793 1566 1861 mandata

244 1901 455 1970 indicuntur.
483 1900 658 1968 Eiusmodi
683 1899 789 1966 verba
816 1899 963 1966 foederis
984 1922 1056 1966 non
1082 1901 1255 1967 habentur
1281 1907 1358 1991 post
1380 1907 1473 1983 29,1,
1500 1900 1567 1966 ubi

245 2014 335 2075 certe
354 2030 425 2075 non
442 2006 654 2096 explicantur
675 2005 792 2072 divina
814 2006 992 2088 mandata;
1017 2007 1190 2074 habentur
1205 2013 1284 2074 ante
1305 2014 1568 2096 29‚1,sc.pen-

244 2114 381 2202 talogus
404 2120 555 2196 o,1-7‚11
585 2120 617 2179 et
636 2136 712 2203 cap.
740 2119 794 2179 28.
819 2118 917 2200 Ergo
933 2119 1010 2192 nal
1038 2135 1115 2180 cum
1140 2117 1281 2199 Moser„
1307 2113 1433 2204 quibus
1455 2140 1469 2172 a
1494 2135 1567 2179 non

244 2222 345 2309 pauci
371 2221 467 2287 latini
492 2220 626 2286 codices
644 2219 878 2304 suffragantur
900 2248 915 2278 »
934 2219 1082 2307 (Vere),
1100 2220 1321 2309 accipiendus
1343 2226 1392 2287 est
1406 2242 1470 2310 pro
1483 2221 1567 2286 sub-

245 2326 429 2415 scriptione
444 2324 734 2414 praecedentium.

290 2437 347 2498 Ex.
365 2438 467 2516 3¹43ss
482 2453 593 2498 sermo
611 2436 660 2497 est
684 2430 727 2498 de
749 2458 764 2491 κ
792 2431 907 2497 verbis
921 2430 1069 2498 foederis
1082 2432 1203 2499 decem
1222 2461 1237 2494 »
1255 2454 1262 2501 :
1278 2455 1324 2499 sc.
1343 2433 1448 2499 verba
1462 2432 1568 2499 deca-

247 2539 318 2626 logi
337 2545 435 2606 erant
456 2567 471 2599 «
494 2538 601 2605 verba
621 2537 771 2604 foederis
796 2564 833 2620 »‚
861 2538 921 2604 sed
947 2560 1017 2605 non
1037 2547 1135 2606 erant
1149 2540 1265 2605 omnia
1280 2539 1387 2606 verba
1400 2539 1562 2606 foederis.

248 2645 404 2713 Foederis
415 2645 520 2712 verba
535 2651 637 2712 erant
655 2650 747 2711 certe
760 2644 875 2711 omnia
890 2644 997 2711 verba
1010 2645 1103 2711 Libri
1119 2645 1275 2712 l'oederis
1291 2648 1360 2731 (Ex.
1377 2647 1486 2733 243),
1505 2649 1568 2736 qui

180 2748 188 2755 ’
248 2757 385 2840 praeter
408 2751 615 2837 decalogum
636 2750 790 2818 habebat
813 2750 909 2838 leges
930 2755 985 2818 Ex.
1015 2757 1239 2833 ‘roma-nala
1264 2757 1298 2818 et
1321 2753 1569 2840 promissiones

249 2865 424 2941 uano-33.
448 2858 549 2926 Cuius
561 2857 709 2924 foederis
721 2857 826 2924 verba
839 2858 930 2923 hisce
946 2857 1089 2924 resumit
1105 2862 1168 2924 ler.
1189 2863 1267 2940 11‚t
1296 2877 1304 2924 :
1326 2856 1480 2926 «Audite
1503 2881 1569 2925 vo·

248 2987 323 3031 cem
338 2986 451 3030 meam
466 2971 498 3030 et
512 2965 611 3030 facite
631 2965 759 3047 omnia,
775 2984 863 3052 quae
878 2963 1053 3054 praecipio
1070 2964 1180 3046 vobis,
1196 2968 1231 3030 et
1244 2963 1337 3031 eritis
1350 2965 1435 3031 mihi
1450 2964 1486 3030 in
1498 2987 1563 3047 po-

247 3069 381 3158 pulum,
404 3076 436 3134 et
453 3091 518 3155 ego
539 3091 597 3135 ero
611 3069 707 3136 robis
727 3071 763 3135 in
783 3073 887 3135 Deum
910 3099 940 3134 a.
958 3074 1008 3136 En
1023 3070 1184 3137 mandata
1200 3075 1233 3137 et
1249 3070 1504 3159 promissiones.
