3366 5346
225 309 282 364 aaa
596 320 669 362 acra
694 318 827 361 aurinia
850 317 910 360 mm
933 317 1023 360 rnna
1045 315 1162 359 uorum.

221 455 373 523 resumit.
391 457 431 519 lu
456 444 548 518 cuitu
571 465 628 517 tuo
652 474 714 540 per
733 474 768 517 se
790 451 970 537 designare
995 454 1107 539 potest
1128 470 1303 535 egressum
1321 449 1364 515 ad
1390 448 1551 516 cuiusvis

222 563 358 650 generis
370 582 474 649 opera
491 580 497 626 :
516 559 560 624 ad
574 558 701 625 bellum
717 559 792 647 (So,
806 556 939 644 Mola),
954 557 998 623 ad
1014 556 1283 643 negotiationem
1299 558 1414 644 titur..
1432 558 1548 631 uera,

225 669 321 757 Tira).
341 674 457 746 Porro,
475 687 551 732 cum
569 670 648 731 Gen.
669 672 832 753 tu‚1:3sq.
855 663 1121 753 praenuntietur
1139 663 1291 730 Zabulon
1307 661 1550 748 negotiatione
1581 728 1585 736 ,

223 774 412 854 maritima,
437 781 469 839 et
498 772 648 838 lssachar
677 772 771 858 agris
795 771 947 839 colendis
979 792 1051 836 esse
1079 768 1260 850 ditandus,
1282 790 1430 857 cumque
1458 773 1548 835 lssa-

223 880 319 948 chari
341 881 443 946 etiam
474 878 693 945 tabernacula
719 879 754 944 h.
782 878 806 943 l.
838 879 1034 955 ell'erantur,
1058 881 1147 942 recte
1167 881 1281 942 censet
1305 876 1425 961 Boufr.
1452 875 1487 941 a.
1519 875 1546 942 l.

223 985 331 1054 alludi
347 987 390 1053 ad
411 990 490 1052 Gen.
513 991 613 1066 t9,l3
634 1007 699 1073 sq„
719 990 751 1050 et
771 983 901 1050 erituru
919 983 1064 1067 intelligi
1082 981 1209 1047 exitum
1226 981 1269 1048 ad
1284 1003 1414 1048 merces
1435 981 1549 1047 Phoe·

223 1095 338 1160 uicum
360 1092 588 1182 accipiendas.
618 1094 675 1156 Dr,
703 1092 739 1157 in
764 1091 860 1157 exitu
887 1095 919 1156 et
946 1090 981 1155 in
1008 1087 1237 1155 tabernuculis
1267 1095 1380 1155 censet
1410 1086 1548 1177 poetice

221 1200 314 1266 idem
336 1199 469 1266 edicere
484 1205 588 1288 atque
611 1197 647 1263 irc
661 1198 763 1267 ,crito
785 1211 816 1263 et
835 1198 871 1262 r‘u
893 1196 1037 1263 introitu
1059 1196 1115 1284 (cl.
1137 1200 1189 1263 rs.
1214 1201 1276 1261 120
1297 1194 1436 1283 iffllsssl
1458 1216 1465 1261 τ
1484 1193 1550 1260 ad-

223 1312 317 1372 verte
338 1313 465 1387 tamen,
485 1305 579 1372 aliud
600 1304 635 1369 h.
658 1304 681 1369 l.
705 1327 776 1370 esse
797 1303 988 1370 subiectum
1009 1301 1170 1382 exetlrulr',
1186 1301 1281 1368 aliud
1296 1302 1487 1368 subiectum
1510 1300 1549 1365 in

225 1412 456 1479 tabernaculis
472 1411 630 1478 versandi
647 1434 705 1477 seu
721 1409 929 1476 introeuruli.

269 1543 300 1583 v.
328 1524 368 1584 19
397 1547 411 1577 o
442 1518 589 1607 repertos
615 1520 779 1583 vocabunt
798 1516 847 1583 ed
865 1529 1034 1602 urorueru,
1058 1516 1105 1582 ilu'
1133 1516 1358 1582 irumoloduut
1388 1513 1550 1580 victimas·

113 1642 121 1655 ·
156 1680 160 1685 .
225 1624 376 1690 r'urtr'tiae
395 1653 424 1690 ».
450 1639 539 1711 aas:
557 1639 594 1685 *u
613 1638 697 1689 erza·
721 1629 859 1688 nonest
881 1623 1087 1688 hebraeum.
1110 1621 1173 1687 Sed
1197 1624 1287 1687 call
1304 1627 1551 1708 ἐξελεθρεύσουσι

225 1738 273 1798 καὶ
297 1738 508 1797 ἐπικαλέσεσθε
541 1730 580 1816 t.)
611 1730 764 1815 suggerit
796 1730 988 1814 genuinam
1010 1728 1193 1794 lectionem
1222 1743 1310 1815 traps
1327 1743 1421 1792 arsut.
1448 1731 1549 1792 Certe

225 1842 318 1902 rates
331 1858 401 1903 non
417 1835 637 1922 suggerebat,
654 1841 691 1901 ut
705 1835 782 1902 illae
804 1834 920 1901 tribus
937 1834 995 1915 ibi,
1014 1835 1036 1901 i.
1057 1857 1087 1900 e.
1105 1834 1281 1900 infinibus
1296 1835 1365 1900 suis
1383 1832 1547 1923 propriis,

224 1942 392 2009 sacrificia
416 1944 578 2010 offerrent
600 1964 607 2008 :
632 1964 716 2028 crgo
741 1955 793 2005 nu·
817 1948 946 2007 mutata
971 1941 1192 2029 punctatione
1215 1940 1402 2030 adprime
1427 1940 1552 2005 trahas

225 2054 404 2138 vertasque
427 2069 434 2114 :
450 2049 597 2139 poprrlos
612 2049 856 2125 exterminent,
875 2048 933 2137 qui
953 2048 1038 2115 finos
1052 2047 1122 2114 illis
1134 2047 1317 2113 destinatos
1336 2032 1547 2129 obtinerent,

225 2167 411 2244 vocantque
436 2178 572 2236 norrea,
591 2156 614 2221 i.
637 2178 667 2222 e.
686 2155 795 2243 (Ruth
814 2158 906 2239 lall)
925 2146 1065 2220 illorum
1090 2153 1300 2244 populorum
1328 2154 1402 2219 loco
1429 2174 1552 2219 nume·

225 2283 339 2327 rosam
360 2262 426 2349 ipsi
447 2263 593 2347 gignant
612 2261 859 2351 posteritatem.
876 2266 993 2348 Neque
1016 2262 1120 2326 otiose
1136 2282 1196 2327 eae
1220 2260 1340 2341 tribus,
1361 2281 1449 2348 quae
1472 2259 1551 2324 lon-

225 2367 364 2453 gissime
382 2391 402 2433 a
422 2369 616 2434 sanctuario
637 2367 854 2433 habitaturae
869 2374 961 2446 sunt,
980 2373 1162 2432 monentur
1186 2373 1223 2431 ut
1248 2365 1425 2432 irruuoleut
1451 2365 1552 2431 victi.

228 2495 313 2551 arros,
327 2474 350 2540 i.
368 2496 398 2540 e.
414 2480 484 2539 uta
500 2474 593 2540 cultu
609 2474 726 2540 <lirino
740 2496 809 2539 non
825 2473 999 2553 defidant,
1013 2479 1046 2539 et
1061 2472 1201 2561 quidem
1215 2473 1368 2539 uictimas·
1381 2471 1549 2547 iustitiae,
1635 2462 1640 2469 ⁸

226 2580 248 2646 i.
265 2603 294 2646 e.
318 2585 356 2646 ut
379 2580 412 2645 in
438 2579 507 2645 illis
525 2579 746 2647 immolandis
770 2602 906 2645 onmem
933 2579 1115 2645 observent
1136 2579 1312 2645 iustitiam.
1328 2578 1406 2644 illas
1424 2578 1552 2644 immo·

225 2686 297 2752 lent
317 2685 390 2752 loco
413 2693 446 2751 et
462 2686 530 2752 ritu
553 2709 573 2752 a
594 2687 695 2752 lalrre
718 2692 913 2775 praecepto.
935 2686 1038 2767 «Qui
1063 2715 1091 2764 r,
1109 2708 1167 2751 seu
1194 2685 1289 2774 qttia,
1308 2714 1323 2744 α
1349 2683 1553 2751 iruoutotio-

227 2816 303 2859 uem
318 2793 424 2859 rueris
446 2793 559 2883 {qurui
579 2793 644 2880 luc]
671 2804 807 2881 strqeut,
827 2805 859 2859 et
880 2793 1055 2859 thesauros
1075 2792 1289 2859 absconditos
1310 2814 1496 2858 arenarum
1519 2821 1548 2860 a,
1635 2798 1641 2809 ’

228 2900 323 2968 Ratio
343 2899 559 2966 victimarum
585 2899 878 2965 immolamlarum
904 2899 1096 2985 gratiarum
1118 2900 1206 2965 actio
1224 2922 1287 2988 pro
1307 2898 1436 2964 divitiis
1456 2918 1552 2965 mer-

228 3010 345 3071 catura
367 3006 568 3094 acquisitis:
590 3007 627 3071 iu
647 3006 754 3072 eritu.
778 3011 825 3072 lta
852 3005 1020 3071 indirecte
1043 3006 1104 3071 has
1121 3006 1225 3071 etiam
1250 3005 1386 3070 divitias
1402 3003 1468 3071 illis
1490 3027 1552 3094 ap-

228 3118 388 3199 precatur
412 3120 515 3178 natea.
539 3115 644 3193 Ἃπκξ
668 3120 833 3199 'ra-,egram
857 3128 928 3179 '232'
951 3113 1005 3199 (cl.
1032 3113 1137 3189 artu)
1158 3111 1408 3178 alruruluutiuru
1430 3118 1548 3191 sonat,

228 3219 320 3281 LXX
345 3226 486 3296 πλῶτες.
508 3217 599 3283 Belle
623 3217 787 3283 dicuntur
811 3218 1060 3283 abundantiam
1087 3219 1232 3283 marium
1261 3238 1397 3307 uergere,
1420 3217 1482 3305 qui
1514 3218 1550 3283 in

230 3320 329 3387 litore
346 3322 409 3389 uel
434 3322 526 3388 baud
553 3324 676 3412 procul
704 3346 726 3390 a
752 3324 852 3390 litore
883 3323 1072 3390 incolentes
1093 3325 1263 3391 mercibus
1289 3325 1376 3391 mari
1400 3323 1552 3390 adrectis

229 3427 396 3496 ditantur.
415 3431 529 3495 llario
555 3437 614 3495 aut
634 3436 770 3519 praeter
788 3436 876 3496 llare
895 3431 1177 3497 Mediterraneum
1198 3431 1356 3516 designat
1375 3432 1477 3497 etiam
1497 3430 1552 3496 la·

229 3556 308 3600 cum
328 3536 545 3617 Genesareth,
564 3543 624 3601 aut
643 3537 786 3602 denotat
806 3559 949 3602 ‹recanos
971 3539 1080 3623 magis
1094 3537 1238 3620 dissitos,
1257 3559 1404 3626 quorum
1419 3557 1553 3604 merces

230 3664 292 3728 per
309 3646 395 3706 llare
415 3641 700 3709 Mediterraneum
720 3643 787 3708 eris
809 3644 927 3728 Syriae
950 3643 1179 3709 advehuntur.
1196 3682 1239 3692 -
1266 3646 1369 3723 Ἄπκξ
1384 3649 1551 3729 >asarmot

232 3760 297 3833 teto·
319 3746 417 3835 l'ulq.
441 3746 562 3814 Chald.
596 3755 733 3816 vertunt
758 3748 944 3815 thesauros.
975 3755 1104 3838 Reapsc
1126 3755 1271 3838 utraque
1291 3749 1386 3816 radix
1410 3763 1475 3835 tau
1499 3758 1551 3827 l:

232 3858 301 3943 tor)
330 3860 363 3919 et
387 3867 466 3941 ’,Ὦ-ε,
501 3876 579 3920 cum
604 3855 892 3941 significationem
915 3856 1038 3922 lrabeat
1062 3855 1304 3934 abscondendi,
1325 3856 1552 3943 adsignifica-

231 3961 357 4026 tionem
380 3959 556 4027 tlresuurus
577 3961 785 4029 descendere
803 3968 916 4052 potest
935 3983 941 4028 :
962 3970 1012 4028 est
1026 3963 1118 4029 enim
1134 3964 1316 4030 'thesaurus
1335 3961 1550 4029 reconditum

233 4065 327 4153 quid.
344 4066 615 4134 Admirationem
632 4068 765 4135 iaciunt
781 4069 849 4136 duo
867 4068 918 4135 illi
931 4074 1036 4134 slatus
1049 4070 1234 4135 constructi
1249 4061 1301 4135 ‘ru
1317 4084 1411 4133 *rurs
1429 4082 1520 4134 usum
1541 4089 1548 4128 :

233 4171 483 4258 parallelismus
506 4196 584 4240 cum
604 4175 718 4263 priore
737 4176 845 4241 sticho
864 4176 976 4263 potius
995 4175 1100 4261 exigit
1119 4176 1262 4240 verbum
1283 4177 1429 4257 linitum,
1446 4174 1550 4242 ctiam

232 4275 311 4342 ideo
330 4279 422 4365 quod
439 4279 591 4345 thesauri
610 4280 719 4347 litoris
734 4303 804 4347 non
820 4304 927 4370 aeque
944 4282 1124 4348 oonunode
1144 4295 1315 4369 suquatur
1327 4290 1429 4372 atque
1445 4284 1552 4349 ‹rbitra-

233 4382 354 4450 doute'o
387 4385 504 4449 rueris.
529 4387 775 4472 Corrigendum
807 4389 951 4454 sortasse
977 4376 1029 4451 ba't
1054 4402 1274 4467 rimentur,
1299 4395 1333 4455 et
1364 4388 1552 4455 recondant

233 4490 406 4556 thesauros
432 4490 551 4558 litoris.
573 4493 790 4561 abundantia
815 4495 929 4575 maria
949 4493 973 4561 i.
1002 4517 1031 4562 e.
1058 4516 1185 4561 merces
1205 4495 1351 4561 naribus
1375 4495 1549 4569 adrectae,

232 4595 268 4662 in
293 4597 371 4663 litus
389 4598 658 4685 profunduntur,
679 4607 782 4689 atque
800 4602 880 4667 inde
906 4601 1141 4667 reconduntur
1164 4602 1208 4668 ab
1233 4601 1359 4668 accolis
1383 4601 1492 4667 litoris
1518 4610 1552 4668 et

232 4703 277 4768 ab
294 4704 345 4784 iis,
364 4705 423 4792 qui
439 4728 515 4771 cum
533 4705 599 4771 illis
615 4714 841 4773 mercaturam
862 4715 1029 4775 exerrent.
