3366 5346
229 299 287 357 tlss
682 310 913 356 concremarunt
935 309 1092 355 sinuatis.

230 445 536 536 disceptationibus
555 445 630 525 (nir,
659 444 825 533 ἀντιλσγία)
843 444 1073 531 infligeretur,
1095 441 1288 511 cuiusmodi
1310 465 1378 509 non
1404 465 1555 511 consue·

229 559 353 620 verunt
373 574 551 620 recensere
566 549 789 617 historiarum
812 550 1006 639 scriptores.
1030 553 1112 640 Cap.
1134 551 1198 618 XX
1204 553 1275 618 Vr.
1304 556 1355 617 1«
1377 550 1419 616 Si
1437 552 1555 638 fcerit

228 683 332 728 causo
362 660 453 725 inter
478 657 612 747 oli'qnos
639 670 672 724 et
708 656 1002 746 interpellaverint
1029 657 1174 738 inde'ceS,
1198 678 1299 746 quem
1325 656 1456 724 iustum
1480 681 1553 726 esse

160 846 163 852 Ι
221 766 473 858 perspexerint,
497 764 551 830 illi
572 763 725 830 iustitiae
743 763 897 853 palmam
918 764 1065 846 dobunt3
1083 785 1183 852 quem
1210 763 1366 852 impium,
1386 764 1551 832 condem-

227 876 359 939 nabunt
376 869 564 962 depietatis
586 899 616 936 o.
637 869 775 937 Planius
796 873 896 939 Hebr.
923 893 931 939 ε
955 870 996 937 St
1014 870 1124 957 fuerit
1147 869 1351 961 disceptatio
1375 872 1465 938 inter
1485 871 1549 938 ho-

228 979 335 1046 miues
354 991 386 1046 et
410 976 613 1045 accesserint
634 976 682 1043 od
697 976 877 1061 iudicium,
895 976 1099 1044 iudicabunt
1117 999 1184 1057 eos,
1205 977 1229 1043 i.
1253 1000 1283 1045 c.
1309 999 1446 1045 causam
1469 969 1551 1046 exa·

228 1086 421 1168 minabunt,
437 1098 470 1151 et
483 1085 614 1151 iustum
625 1082 850 1151 declarabunt
865 1106 943 1150 eom
955 1084 1019 1173 qui
1030 1084 1136 1153 iustus
1147 1097 1209 1167 est,
1224 1097 1257 1150 et
1269 1082 1549 1152 condemnabunt

227 1216 304 1261 eum
322 1192 384 1283 qui
400 1191 541 1281 iniquus
559 1202 627 1265 est:
645 1212 729 1278 ergo
747 1213 817 1257 non
835 1191 975 1257 flectent
996 1191 1123 1279 (ltd'l)
1146 1190 1324 1259 iudicium.
1350 1198 1420 1259 ut
1442 1219 1458 1254 a
1482 1193 1549 1260 Sin

227 1312 342 1366 autern
361 1320 451 1379 eum,
469 1298 533 1388 qui
544 1297 713 1389 peccauit,
732 1294 881 1386 ctionem
899 1296 1050 1363 viderint
1065 1296 1193 1387 ploqis,
1208 1309 1428 1387 prosternent
1444 1312 1476 1366 et
1493 1321 1548 1365 co-

226 1427 301 1473 rum
328 1428 363 1472 se
385 1405 523 1494 sacient
553 1404 736 1471 verberari.
763 1407 829 1471 Pro
852 1426 1013 1471 mensuro
1041 1404 1176 1488 peccati
1194 1407 1258 1471 erit
1282 1404 1325 1494 [et
1347 1405 1547 1495 plopornml

228 1510 348 1578 modin
366 1541 396 1579 ».
412 1516 500 1578 llaec
528 1511 630 1577 unico
655 1509 762 1577 iudici
786 1510 943 1577 attribuit
964 1508 1067 1578 Hebe.
1095 1530 1103 1578 :
1125 1512 1297 1601 prosterni
1314 1533 1393 1578 eum
1418 1511 1548 1579 iubebit

228 1617 344 1700 indes,
361 1629 393 1683 et
412 1616 584 1684 verberari
599 1637 714 1683 eoram
730 1638 774 1683 se.
798 1621 871 1706 lpse
888 1614 992 1683 iudex
1011 1617 1228 1703 invigilabat,
1245 1640 1289 1685 ne
1311 1618 1431 1686 modus
1450 1641 1549 1687 exce·

227 1724 378 1791 deretur.
398 1728 555 1814 Aequum
587 1728 676 1806 erat,
700 1728 736 1788 ut
773 1723 832 1789 uni
863 1721 971 1790 iudici
1004 1724 1205 1791 auctoritate
1239 1731 1273 1791 et
1305 1719 1413 1793 aetate
1443 1726 1548 1812 gravi

227 1829 441 1898 definiendus
467 1829 726 1920 permitteretur
750 1830 872 1896 modus
898 1851 1043 1919 poenae,
1065 1852 1134 1920 qua
1157 1830 1193 1897 in
1217 1853 1253 1898 re
1275 1831 1404 1899 iudices
1425 1831 1548 1921 plures

227 1937 325 2004 facile
345 1935 581 2004 dissensissent
602 1936 693 2004 inter
713 1958 761 2002 sc.
783 1940 921 2003 Poterat
939 1936 1043 2003 ctiam
1068 1938 1139 2004 sine
1165 1938 1277 2026 plagis
1300 1937 1425 2006 dimitti
1448 1959 1546 2017 reuS,

227 2066 344 2112 severe
366 2047 527 2112 monitus.
550 2067 582 2111 v.
603 2051 623 2110 3
651 2071 667 2104 o
697 2043 761 2132 [Ito
785 2040 984 2134 directanee,
1007 2043 1054 2133 ut]
1082 2043 1398 2135 quadrupenore'nm
1423 2067 1551 2112 neenec·

228 2172 304 2217 rom
325 2173 395 2216 non
415 2150 592 2234 excedant,
609 2173 651 2216 ne
665 2149 765 2238 foede
784 2151 955 2217 laceratus
971 2162 1050 2217 onte
1070 2149 1185 2217 oculos
1209 2164 1281 2218 tuos
1299 2151 1419 2242 [obeat]
1434 2152 1551 2239 frater

229 2269 307 2323 tons
326 2285 356 2323 o.
378 2259 483 2323 Hebr.
508 2277 515 2322 :
541 2254 782 2345 Quadrapinto
804 2256 977 2346 percutiet
993 2278 1093 2326 erent:
1113 2280 1182 2324 non
1202 2259 1308 2342 ultra,
1329 2281 1372 2326 nc
1388 2244 1483 2325 ultro
1503 2257 1550 2324 il-

228 2363 301 2430 lurn
323 2362 521 2452 percutiens
540 2361 657 2451 ploqis
677 2360 795 2431 nircltis
815 2361 1009 2452 iqnominio
1034 2362 1166 2452 officiat
1188 2367 1335 2453 [rotrone
1365 2378 1462 2432 tunm
1490 2388 1550 2432 co-

228 2491 304 2536 ram
322 2481 369 2557 te,
393 2469 521 2560 populo
549 2469 713 2536 Hebraeo.
741 2472 824 2536 Cum
853 2491 884 2534 v.
912 2475 933 2535 2
960 2469 1132 2552 statuerit,
1156 2493 1339 2539 numerum
1362 2473 1549 2562 plagarum

228 2575 354 2645 debere
373 2576 641 2666 correspondere
661 2574 801 2656 delicto,
819 2597 902 2662 ergo
917 2598 951 2643 v.
969 2583 988 2643 3
1009 2576 1127 2644 statuit
1143 2578 1329 2646 maximum
1344 2579 1547 2669 plagarum,

228 2685 322 2774 quod
343 2683 576 2774 nunquam'iu
603 2681 657 2748 his
681 2682 792 2750 causis
816 2680 1007 2750 minoribus
1030 2683 1132 2751 liceat
1155 2686 1329 2753 excedere.
1351 2692 1415 2753 Pro
1435 2686 1550 2753 causis
1664 2680 1671 2695 '

228 2790 418 2858 maioribus
433 2791 502 2857 alia
517 2789 688 2880 supplicia
702 2788 779 2876 lege
799 2794 925 2855 statuta
940 2796 1049 2856 erant.

451 3045 505 3107 to.
532 3037 702 3104 Monitnm
727 3035 768 3103 de
792 3039 873 3103 bove
898 3037 1077 3105 triturante
1101 3041 1200 3108 Dent.
1228 3046 1319 3121 ssd.

272 3255 357 3341 Arq.
374 3289 418 3301 -
437 3249 589 3318 Avaritia
602 3249 754 3330 vitanda,
772 3250 875 3316 etiam
892 3251 929 3316 in
945 3273 982 3317 re
997 3251 1095 3318 bovis
1108 3252 1312 3322 triturantis.

272 3381 305 3427 r.
325 3363 343 3425 t
361 3387 377 3421 «
394 3360 472 3426 Non
485 3356 611 3448 liqobe's
624 3356 681 3447 [os]
699 3356 791 3424 bovis
811 3357 951 3423 terentis
966 3356 1015 3446 [in
1029 3380 1111 3426 oreo
1123 3358 1243 3450 [nepes
1256 3362 1343 3451 tuos]
1361 3390 1392 3429 ».
1406 3369 1432 3430 Ε
1450 3368 1546 3431 textu

228 3465 367 3535 deducit
386 3469 420 3533 S.
446 3466 568 3532 Paulus
592 3471 608 3531 1
630 3468 705 3531 Cor.
730 3472 787 3544 9,9
812 3469 846 3531 et
868 3471 883 3530 1
911 3464 996 3531 Tim.
1025 3471 1104 3548 5,18
1126 3468 1391 3551 conclusionem,
1410 3469 1547 3538 homini

228 3574 281 3640 ius
295 3596 377 3656 esse,
395 3577 432 3639 ut
446 3572 490 3639 de
509 3572 628 3638 labore
640 3593 701 3637 suo
720 3571 821 3637 vivat.
838 3576 875 3637 ln
894 3570 1026 3638 oriente
1039 3572 1094 3639 vel
1111 3595 1215 3657 nunc,
1232 3574 1334 3665 spicis
1351 3599 1412 3666 per
1425 3599 1546 3645 aream

227 3681 363 3770 sparsis,
380 3678 685 3746 circumducuntur
708 3699 771 3766 per
793 3698 909 3744 aream
931 3676 1047 3761 boves,
1065 3679 1125 3769 qui
1144 3680 1283 3767 ungulis
1308 3704 1417 3769 grana
1441 3706 1546 3752 excu-

228 3787 331 3870 tiant;
350 3806 498 3876 quorum
519 3806 556 3850 os
575 3785 681 3851 etiam
700 3805 793 3851 nuuc
809 3782 1017 3874 plerumque
1038 3807 1107 3852 nou
1127 3785 1302 3874 alligetur.
1321 3793 1369 3855 lta
1389 3789 1471 3856 bovi
1491 3791 1545 3858 in-

227 3900 362 3981 tegrum
378 3897 439 3973 est,
458 3891 590 3982 aliquid
605 3890 730 3976 segetis
744 3890 966 3957 manducare.
1072 3960 1079 3977 ,

434 4175 487 4234 50.
515 4170 585 4232 Les
609 4164 650 4231 de
674 4164 837 4253 corn'uyio
863 4165 1027 4233 leniretur
1050 4171 1149 4234 Dent.
1171 4175 1327 4251 ess-10.

274 4383 357 4470 Arq.
379 4418 424 4430 -
443 4379 584 4457 Quando
603 4381 724 4446 fratres
743 4378 924 4468 contiguas
942 4381 1036 4448 sedes
1055 4381 1197 4466 habent,
1220 4407 1376 4476 unusque
1396 4384 1543 4455 moritur

229 4489 325 4557 nullo
346 4487 464 4554 relicto
481 4484 565 4566 filio,
588 4487 692 4552 frater
714 4491 851 4552 tenetur
872 4486 1023 4555 defuncti
1043 4487 1183 4556 viduam
1205 4491 1341 4576 ducere,
1360 4495 1456 4561 cuius
1472 4495 1543 4583 pri-

229 4597 424 4686 mogenitus
452 4591 608 4661 'defuncti
640 4591 807 4659 familiam
833 4594 1009 4662 continuet
1041 4600 1074 4662 et
1103 4595 1354 4666 haereditatem
1382 4601 1540 4691 accipiat.

228 4704 263 4772 si
287 4705 393 4772 frater
422 4721 538 4770 coram
564 4698 756 4768 senioribus
783 4699 878 4766 urbis
906 4699 1018 4768 officio
1041 4702 1141 4790 fungi
1171 4701 1348 4791 detrectet,
1368 4707 1473 4775 vidua
1502 4708 1543 4775 il·
