3366 5346
591 276 690 320 33333
713 276 996 320 casertanensem.
1021 284 1030 298 ·
1391 263 1446 323 105

140 437 156 468 a
173 407 300 474 dimisit
312 408 447 494 ingredi
461 410 532 475 3133
544 432 621 475 3333
638 436 668 489 »,
684 409 730 475 eis
742 409 909 476 subtraxit
923 409 1117 499 propbetas
1135 411 1387 478 1131333213313.
1408 419 1447 479 13
1484 427 1488 434 ’

138 514 278 581 Esdram
294 522 473 600 urgentem
488 516 601 601 legem
618 515 653 581 in
668 515 875 583 collectaneo
890 522 985 585 Deut.
1002 522 1118 595 aaa-8
1138 519 1220 603 (·2·9)
1236 523 1354 584 contra
1370 523 1448 584 Ana·

140 621 296 701 monitae,
311 620 481 702 Moabitas,
498 622 721 688 Philisthaeos
739 624 853 690 latam.
873 628 975 710 Urget
995 622 1089 689 illam
1111 623 1336 712 potissimum,
1357 623 1448 712 quod

140 754 155 787 «
174 727 313 793 inventa
332 727 374 794 sit
387 729 512 818 scripta
529 728 566 794 in
582 728 672 794 libro
693 729 812 816 Moysis
833 758 863 797 ».
884 733 978 796 Certe
999 729 1059 796 illa
1078 730 1130 795 lex
1150 736 1224 796 erat
1243 737 1368 796 natura
1388 752 1448 796 sua

139 833 326 915 mutabilis,
339 856 450 923 neque
460 842 604 924 apparet
619 835 718 914 ratio,
733 858 794 902 cur
806 836 970 903 Moabitae
986 843 1019 902 31
1031 835 1244 903 Ammonitas
1262 837 1306 902 ob
1321 840 1446 903 lactum

139 941 286 1021 Balaam,
303 941 501 1008 Philisthaei
517 941 561 1007 ob
577 943 752 1029 angustias
768 942 919 1009 samueli
934 941 1073 1031 paratas
1089 951 1254 1032 perpetuo
1269 944 1449 1009 constitue-

139 1053 257 1113 rentur
276 1047 436 1114 inferiore
458 1048 544 1129 loco,
564 1070 668 1138 quam
688 1048 776 1115 aliae
797 1055 935 1135 gentes,
953 1072 984 1116 v.
1002 1070 1037 1135 g.
1057 1049 1229 1139 Aegyptii,
1249 1049 1309 1139 qui
1330 1071 1451 1136 graves

140 1153 298 1220 Hebraeis
312 1154 496 1222 intulerant
508 1154 661 1222 iniurias.
679 1155 800 1224 Iturius
814 1155 886 1221 sola
905 1156 1111 1223 ludaeorum
1125 1155 1356 1245 quorumdam
1371 1178 1448 1222 cum

139 1259 301 1343 1133131113,
326 1260 529 1327 ammonitis
556 1267 589 1328 et
615 1261 826 1329 Philisthaeis
855 1262 1014 1348 coniugia
1039 1262 1352 1352 proscribebantur,
1378 1263 1452 1329 aliis

139 1367 318 1453 gentilium
328 1366 523 1436 foederibus
533 1367 697 1436 toleratis.
714 1369 835 1437 Durius
848 1391 902 1435 res
915 1369 1125 1455 exigebatur,
1141 1391 1211 1436 non
1226 1369 1270 1436 ob
1286 1368 1451 1436 eiusmodi

138 1472 317 1539 foederum
337 1474 497 1559 generale
519 1473 724 1563 periculum,
745 1476 806 1543 sed
831 1475 930 1545 unice
952 1475 1044 1565 quod
1065 1476 1119 1541 lex
1143 1481 1261 1543 contra
1284 1475 1360 1542 illas
1383 1481 1452 1542 tres

139 1586 257 1665 gentes
271 1579 341 1645 1313
364 1608 380 1641 «
403 1581 530 1670 scripta
546 1588 632 1648 esset
648 1583 682 1647 13
705 1581 794 1649 111333
814 1581 930 1670 Moysis
952 1610 983 1651 a.
1007 1587 1070 1649 Lex
1089 1581 1151 1649 illa
1169 1605 1232 1671 per
1247 1581 1451 1671 prophetam

136 1684 258 1774 311333
281 1691 356 1753 1333
375 1686 486 1776 potuit
504 1687 630 1754 mutari
656 1710 664 1757 :
690 1688 749 1755 sed
772 1688 892 1755 Esdras
909 1710 978 1755 333
998 1693 1070 1756 3331
1088 1689 1275 1778 propheta,
1295 1687 1450 1755 insistere

139 1791 258 1859 debuit
274 1792 395 1860 literae
409 1793 506 1880 legis,
524 1800 677 1862 secutum
693 1800 742 1862 est
755 1794 902 1862 schisma
921 1796 1227 1863 Samaritanorum.

184 1897 361 1965 llabebant
388 1905 462 1989 post
484 1900 638 1967 exsilium
654 1901 771 1969 ludaei
793 1923 862 1967 333
883 1901 1071 1990 3331333333
1092 1902 1207 1982 thora,
1229 1901 1252 1968 i.
1278 1924 1307 1967 e.
1333 1907 1451 1991 penta-

140 2004 278 2083 teucho,
297 2004 471 2072 conclusas
488 2006 583 2093 leges
595 2029 673 2075 3333
687 2007 805 2094 Moysis
818 2011 1007 2086 Ex.·Num.‚
1024 2014 1099 2076 turn
1119 2007 1333 2082 collectanei,
1357 2007 1451 2093 leges

138 2132 360 2199 nequaquam
383 2134 501 2178 omnes
520 2112 704 2181 concordes
725 2113 816 2180 inter
837 2134 873 2181 se
897 2113 906 2189 1
910 2137 948 2203 p.
973 2120 1016 2180 23
1039 2116 1142 2203 sqq.).
1168 2112 1343 2191 Quomodo
1366 2114 1450 2180 haec

141 2218 258 2283 omnia
272 2219 308 2283 in
322 2217 445 2306 praxin
463 2224 561 2285 erant
580 2218 802 2286 deducenda?
817 2226 902 2286 Ante
917 2220 1072 2286 exsilium
1088 2219 1281 2286 difficultati
1295 2242 1450 2286 occurre·

140 2323 224 2389 bant
248 2324 448 2413 prophetae.
478 2324 568 2392 Licet
593 2325 839 2394 collectaneum
864 2326 980 2416 plures
1008 2327 1126 2413 legum
1153 2328 1380 2393 mosaicarum
1408 2327 1452 2394 ad

140 2437 274 2519 tempus
299 2432 517 2503 concessisset
539 2432 788 2519 indulgentias,
813 2440 967 2523 essetque
992 2455 1073 2522 pars
1099 2433 1238 2512 thorae,
1264 2455 1351 2523 quae
1377 2440 1452 2500 tum

141 2544 228 2603 esset
242 2537 314 2603 sola
328 2538 478 2605 secunda
492 2540 611 2626 Moysis
625 2538 749 2621 oratio,
772 2540 959 2628 prophetae
975 2541 1049 2605 aevi
1070 2561 1207 2625 regum,
1227 2538 1454 2626 indulgentiis

141 2643 321 2730 neglectis,
349 2644 554 2711 severiorem
582 2645 697 2732 legum
730 2644 1005 2711 observationem
1039 2644 1232 2731 exigebant.
1268 2644 1450 2723 labebant,

143 2750 243 2817 unico
260 2750 336 2816 loco
355 2751 455 2819 131333
475 2750 588 2817 3113331
607 2751 790 2830 sacrificia,
806 2752 891 2818 festa
907 2750 1041 2818 statutis
1056 2751 1177 2817 diebus
1193 2749 1377 2828 celebrari,
1399 2772 1453 2815 sa·

141 2855 337 2926 cerdotibus
356 2863 396 2929 et,
407 2857 518 2924 levitis
533 2857 636 2946 pendi
651 2880 708 2937 ea,
730 2880 819 2946 3333
837 2856 905 2924 11113
921 2861 998 2945 lege
1018 2857 1258 2944 obtingebant.
1276 2856 1453 2923 Efficacior

140 2969 214 3030 tum
229 2971 303 3031 erat
316 2965 391 3030 viva
405 2964 653 3054 prophetarum
668 2964 850 3032 auctoritas
862 2985 966 3053 quam
981 2964 1094 3031 nudus
1105 2970 1228 3030 textus.
1245 2962 1346 3052 atqui
1367 2962 1451 3028 baec

141 3069 219 3136 viva
242 3056 427 3145 auctoritas
447 3070 571 3137 defecit
590 3069 686 3138 brevi
707 3076 784 3160 post
807 3070 980 3151 exsilium,
1006 3078 1108 3160 atque
1133 3069 1177 3137 ad
1199 3068 1451 3159 componendas

50 3216 52 3220 ·
140 3177 234 3263 leges
249 3199 286 3243 re
300 3183 358 3244 aut
373 3177 484 3267 specie
500 3177 748 3258 discordantes,
765 3184 902 3267 praeter
921 3177 1142 3244 traditionem
1157 3176 1309 3266 aliquam
1324 3177 1451 3242 incom-

141 3282 269 3372 pletam
293 3285 348 3372 (cf.
369 3283 495 3350 133313.
514 3284 905 3373 3,1·2),solasupererat
924 3285 1054 3350 incerta
1069 3282 1257 3349 scribarum
1283 3284 1451 3370 interpre-

141 3391 236 3456 tatio.
254 3389 345 3457 Unde
361 3413 393 3457 3.
410 3412 444 3476 g.
460 3391 662 3473 factumest,
679 3396 715 3458 ut
730 3394 931 3480 reputarent
946 3389 1091 3457 Hebraei
1102 3412 1137 3455 se
1152 3389 1230 3474 lege
1246 3389 1395 3475 obligari
1409 3388 1452 3453 ad

143 3497 229 3563 duas
255 3497 437 3585 quotannis
463 3497 627 3578 decimas,
655 3497 862 3586 quandoque
889 3503 957 3562 1333
985 3495 1165 3561 3313333133
1193 3494 1250 3583 (31.
1278 3494 1321 3560 331
1355 3499 1449 3561 11331.

146 3609 331 3690 naa-aa).
349 3626 429 3668 3333
449 3603 587 3692 praeter
602 3602 784 3689 vectigalia
803 3602 944 3687 regibus
963 3601 1157 3690 pendenda.
1179 3605 1260 3668 Erat
1279 3599 1367 3668 illud
1386 3601 1454 3668 uti-

144 3731 211 3798 quc
226 3731 330 3795 grave
346 3732 442 3775 onus.

187 3820 300 3904 Neque
331 3822 445 3881 tamen
474 3816 516 3880 de
546 3815 689 3902 singulis
717 3816 819 3904 plura
849 3815 979 3892 dicam,
1004 3813 1060 3880 sed
1089 3819 1128 3881 ut
1155 3814 1351 3900 generalem
1379 3822 1454 3901 post

143 3921 296 3990 exsilium
320 3944 434 3988 rernm
458 3921 689 3987 conditionem
716 3921 922 4010 perpendas,
948 3942 1043 4006 rogo.
1076 3920 1297 3986 llabebantur
1319 3925 1393 3983 tum
1419 3920 1453 3983 in

143 4029 255 4108 thora,
270 4029 293 4094 i.
310 4052 340 4094 e.
356 4030 392 4094 13
405 4029 647 4117 pentateucho,
660 4028 775 4112 legum
791 4032 976 4116 apparatus
987 4027 1069 4107 duo,
1084 4027 1225 4093 diversis
1241 4025 1453 4115 temporibus

144 4134 412 4215 accommodati,
433 4156 579 4223 qnorum
602 4138 724 4200 neuter
746 4134 937 4200 accuratius
961 4133 1173 4219 congruebat
1197 4132 1454 4199 necessitatibus

144 4241 237 4322 aevi,
256 4241 348 4330 quod
363 4249 438 4330 post
453 4242 608 4309 exsilium
627 4239 703 4306 luit.
723 4240 836 4306 1331331
857 4248 971 4306 autem
990 4262 1188 4328 persuasum
1209 4240 1401 4313 habebant,
1419 4261 1453 4303 se

144 4370 307 4436 exaequo
323 4349 432 4414 133331
446 4347 489 4414 331
504 4349 596 4434 leges
610 4346 685 4413 illas
700 4368 817 4411 omnes
830 4345 1072 4412 observandas
1091 4345 1177 4412 Satis
1192 4355 1276 4425 erat,
1293 4352 1452 4412 3133133-

145 4454 285 4520 deretur
313 4455 367 4520 lex
395 4454 510 4541 aliqua
534 4456 659 4544 scripta
689 4475 759 4519 esse
786 4454 822 4519 in
848 4453 938 4518 libro
968 4453 1103 4539 Moysis,
1134 4460 1168 4518 31
1199 4453 1317 4519 eadem
1350 4451 1451 4515 etiam

145 4560 342 4626 crederetur
366 4561 505 4626 omnino
533 4584 601 4626 esse
630 4560 853 4626 observanda.
877 4559 981 4645 Finge
1007 4559 1071 4624 tibi
1098 4558 1271 4625 bominem
1301 4557 1449 4625 Gallum,

147 4667 205 4754 qui
220 4668 285 4733 sibi
298 4667 403 4733 vitam
418 4673 551 4732 censeat
566 4690 633 4737 esse
648 4667 919 4754 componendam
935 4687 1012 4730 com
1028 4665 1214 4730 secuudum
1234 4663 1452 4748 antiquorum
