3366 5346
189 298 251 357 356
646 309 876 357 consacraneus
897 308 1052 353 sturnus.

232 446 432 514 Subiectum
447 447 664 536 sequentium
685 451 764 513 sunt
780 443 924 510 Hebraei
946 443 1132 508 universim
1155 465 1162 507 :
1186 441 1340 509 iudicum
1357 443 1510 511 urbano-

187 575 262 620 rum
278 553 316 620 in
337 576 372 620 re
395 552 494 640 gravi
514 551 677 619 dissensio
695 551 834 618 evidens
855 555 940 630 erat,
963 570 1040 615 cum
1064 570 1166 615 causa
1186 556 1348 635 ageretur
1367 551 1509 639 publice

186 659 221 725 in
236 659 384 740 loribus;
406 666 481 726 tum
502 681 556 725 res
571 657 843 724 transferebatur
865 655 907 722 ad
931 655 1033 722 altius
1048 654 1215 735 tribunal,
1234 657 1413 722 communi
1428 680 1509 724 con·

186 789 285 833 sensu
303 765 471 845 iudicum,
496 765 546 831 rei
561 769 594 830 et
616 763 749 854 populi.
774 786 806 830 v.
823 768 843 829 8
867 791 882 822 α
901 760 941 827 St'
956 760 1101 849 difficile
1118 761 1160 850 [et
1182 762 1396 851 orrrbtpuunz]
1411 763 1510 853 operat

187 885 218 938 te
243 901 276 953 »,
302 873 333 941 i.⁴
349 894 379 938 c.
402 872 431 938 si
455 870 631 938 difficilius
647 892 751 961 quam
774 873 812 935 ut
831 874 867 934 tu
889 866 1052 934 dirimere
1066 867 1186 957 possis,
1212 898 1227 929 (ι
1251 868 1420 936 iudicium
1435 894 1507 938 esse

184 977 400 1068 perspereris
421 977 512 1044 iuter
533 977 741 1065 sanquinem
760 987 793 1041 et
816 973 1031 1063 sarrpuineur,
1058 996 1199 1041 courum
1224 987 1255 1040 et
1278 999 1433 1059 corisum,
1460 977 1506 1044 le-

178 1107 283 1174 pram
296 1098 329 1151 et
343 1084 490 1174 lepram,
507 1097 540 1150 et
556 1082 711 1150 iudicum
727 1082 819 1148 intra
831 1091 949 1172 portas
965 1093 1042 1148 uras
1054 1079 1181 1147 videris
1197 1084 1293 1148 rerba
1310 1083 1443 1150 cariori
1460 1112 1476 1145 »
1495 1107 1504 1152 :

184 1195 336 1258 -Hanc
356 1190 501 1257 eandem
521 1191 636 1276 legem
657 1188 809 1255 inculcat
833 1189 995 1277 losaphat
1014 1195 1035 1254 2
1057 1194 1132 1254 Par.
1159 1194 1212 1269 19,
1231 1188 1288 1255 ubi
1307 1212 1340 1255 v.
1364 1191 1507 1257 1011aee

184 1297 315 1364 babet:
338 1298 453 1364 Omnis
467 1295 654 1377 eontentio,
675 1317 765 1385 quae
784 1294 959 1361 deleretur
982 1293 1025 1360 ad
1046 1316 1118 1374 vos,
1139 1300 1177 1360 ut
1201 1295 1429 1383 pronuntietis
1450 1297 1505 1365 iu·

184 1402 310 1471 dicium
327 1404 442 1486 lahre,
462 1399 662 1470 afratribus
678 1402 798 1468 vostris
817 1400 879 1490 qui
899 1399 1115 1467 habitantia
1138 1400 1293 1482 urbibus,
1313 1402 1404 1469 inter
1424 1425 1503 1470 san·

183 1510 327 1596 guinem
352 1515 386 1576 et
401 1509 605 1595 sanguinem
627 1508 673 1596 (et
695 1507 896 1596 universim)
917 1507 1008 1573 inter
1027 1507 1163 1575 theram
1189 1512 1223 1573 et
1246 1507 1337 1575 inter
1361 1509 1504 1576 manda-

183 1624 256 1682 tum
275 1616 330 1682 vcl
349 1621 514 1681 statutum
536 1616 589 1681 vel
612 1613 781 1681 iudicium
805 1620 870 1680 etc.
896 1617 1057 1680 Poterant
1075 1613 1179 1680 etiam
1199 1614 1292 1700 leges
1315 1620 1500 1682 lla-Num.

183 1722 298 1788 locum
313 1721 397 1788 dare
416 1720 533 1788 dubiis
552 1720 660 1800 iuris;¹
673 1719 849 1786 oriebatur
866 1726 981 1786 autem
996 1720 1064 1787 tale
1082 1703 1227 1787 dubium
1243 1724 1338 1787 tanto
1351 1721 1500 1804 faciliuS,

182 1827 211 1894 si
225 1827 303 1918 quis
319 1828 471 1916 aliquam
486 1826 688 1894 collectanei
704 1826 818 1913 legem
831 1825 1034 1916 appellaret,
1058 1849 1146 1915 quae
1166 1827 1261 1913 leges
1275 1831 1363 1895 certe
1377 1850 1448 1894 non
1463 1829 1504 1894 in

182 1933 342 1999 omnibus
371 1933 549 2000 evidenter
572 1932 805 2000 consonabant
826 1931 962 2019 legibus
989 1936 1191 2015 Ex.-Num.,
1218 1935 1255 2000 in
1294 1933 1503 2022 quibusdam

182 2039 435 2129 discrepabant.
456 2043 493 2106 st
513 2039 591 2107 licet
606 2039 854 2106 collectaneum
876 2037 1008 2105 editum
1029 2045 1114 2106 esset
1133 2038 1361 2127 potissimum,
1380 2046 1417 2106 ut
1441 2064 1502 2108 ne-

182 2146 396 2213 cessitatibus
410 2146 488 2212 aevi
505 2145 659 2212 iudicum
673 2145 881 2227 consuleret,
898 2167 1009 2234 neque
1027 2144 1143 2212 omnia
1160 2147 1234 2212 eius
1245 2151 1374 2213 statuta
1388 2154 1502 2214 essent

181 2258 349 2341 perpetuo
368 2251 520 2318 valitura
537 2251 674 2339 [altaria
694 2252 840 2341 privata,
864 2250 927 2316 bos
943 2251 1113 2340 paschalis
1133 2253 1224 2339 etc),
1245 2258 1359 2319 tamen
1375 2253 1501 2321 collec-

181 2363 321 2423 taneum
343 2357 445 2424 etiam
462 2378 584 2444 regum
599 2379 684 2424 aevo
700 2357 858 2423 habitum
874 2378 946 2423 esse
961 2378 1097 2424 sacrum
1112 2358 1166 2425 vel
1184 2358 1263 2425 inde
1285 2364 1389 2448 patet,
1406 2360 1501 2450 quod

181 2471 220 2530 ut
243 2463 410 2553 scriptum
432 2485 568 2530 sacrum
590 2463 694 2530 luerit
718 2469 977 2554 praeservatum
998 2469 1032 2530 et
1055 2486 1075 2530 a
1100 2466 1185 2532 lesia
1209 2465 1422 2533 confidenter
1444 2489 1501 2534 re-

182 2575 334 2660 ceptum.
759 2631 763 2639 .

224 2677 346 2763 Agitur
366 2700 397 2744 v.
421 2676 500 2744 8de
523 2676 782 2767 quaestionibus
807 2675 906 2757 iuris,
931 2699 1001 2744 non
1017 2677 1101 2743 lacti
1123 2677 1275 2765 (Grotius
1297 2677 1335 2744 in
1359 2678 1501 2746 :Critiei

180 2783 303 2871 Sacri).
326 2784 468 2861 Quando
483 2786 586 2851 unius
598 2784 686 2870 legis
700 2804 818 2849 seusus
831 2784 1012 2851 obscurior
1030 2805 1112 2864 esse,
1129 2788 1190 2850 ant
1204 2784 1320 2851 variae
1335 2785 1430 2872 leges
1443 2785 1500 2852 in-

179 2895 231 2955 ter
242 2912 277 2956 se
292 2911 451 2979 pugnare
467 2890 676 2969 viderentur,
697 2911 749 2956 res
764 2895 837 2956 erat
853 2889 1041 2956 deferenda
1056 2889 1101 2956 ad
1115 2889 1269 2958 tribunal
1283 2913 1496 2981 supremum.

178 2999 282 3060 Porro
307 3000 422 3062 noster
447 3000 556 3062 textus
578 3018 634 3062 eas
656 2994 817 3061 materias
843 2995 965 3062 dubias
990 2996 1100 3076 effert,
1124 3019 1212 3086 quae
1235 3002 1308 3065 tum
1331 2999 1499 3085 temporis

178 3100 392 3188 frequentius
413 3107 642 3180 recurrerent,
665 3107 846 3190 essentque
870 3101 918 3167 ad
939 3101 1092 3170 tribunal
1111 3125 1312 3193 supremum
1339 3102 1499 3170 deleren-

178 3206 244 3272 dae
261 3227 270 3272 ε
288 3206 378 3272 irater
391 3207 602 3295 sanquinem
622 3219 653 3274 et
667 3209 883 3296 sanquinem,
901 3208 1040 3296 quando
1057 3231 1104 3275 sc.
1124 3209 1362 3291 dubitabatur,
1381 3216 1496 3277 utrum

178 3312 291 3379 caedis
314 3312 492 3380 cuiusdam
516 3313 791 3381 circumstantiae
808 3335 893 3380 cum
915 3314 956 3381 iis
984 3314 1096 3404 potius
1121 3317 1386 3398 concordarent,
1407 3339 1497 3405 quae

179 3426 256 3501 tea
270 3443 342 3521 sq„
368 3443 515 3488 ancum
543 3421 596 3502 iis,
623 3443 712 3511 quae
736 3426 835 3503 19,ss
864 3443 915 3510 sq.
938 3420 1227 3505 describerentur,
1253 3422 1389 3489 lactane
1412 3411 1499 3490 esset

177 3527 297 3594 caedes
316 3529 454 3595 fortuito
475 3551 519 3594 an
541 3527 584 3594 dc
599 3527 769 3593 industria
790 3526 846 3615 (ol.
866 3526 1008 3616 Colm.);
1035 3527 1125 3594 inter
1140 3551 1281 3595 causam
1294 3540 1327 3595 et
1342 3551 1512 3614 causum,

176 3655 264 3720 quae
286 3636 454 3722 expressio
469 3634 605 3701 videtur
623 3633 838 3723 potissimum
861 3632 939 3700 iura
958 3633 1178 3723 proprietatis
1197 3634 1386 3724 respicerc;
1406 3635 1497 3702 iuter

173 3737 318 3827 ploqam
339 3753 372 3805 et
392 3740 549 3829 plepem,
572 3762 662 3829 quae
686 3741 828 3806 fortasse
850 3762 921 3806 non
942 3741 1031 3807 solas
1050 3742 1287 3830 percussiones
1309 3741 1371 3808 sed
1394 3764 1497 3810 omne

179 3867 289 3932 genus
307 3846 514 3914 iniuriarum
534 3849 719 3932 attingunt.
742 3845 851 3935 Plapo
871 3853 988 3913 autem
1008 3847 1043 3913 h.
1068 3846 1093 3914 l.
1118 3854 1209 3914 certe
1225 3870 1295 3915 non
1315 3855 1363 3914 est
1384 3848 1492 3938 lepra,

177 3952 220 4020 de
240 3978 309 4044 qua
327 3954 371 4020 ad
390 3955 478 4020 solos
497 3952 702 4032 sacerdotes,
722 3974 791 4018 non
809 3975 889 4019 vero
907 3954 952 4020 ad
974 3952 1104 4021 iudices
1119 3952 1296 4044 spectabat
1312 3954 1493 4021 iudicium.

220 4083 253 4127 v.
274 4069 292 4127 9
317 4090 332 4120 «
364 4060 548 4149 Verricsque
568 4058 615 4125 od
632 4058 824 4125 sacerdotes
844 4059 976 4126 levitici
996 4060 1133 4148 pencris
1158 4089 1187 4147 u,
1212 4100 1256 4110 —
1277 4048 1367 4125 nubn
1384 4076 1512 4139 utana,

177 4165 367 4233 sacerdotes
382 4168 529 4251 Levites,
555 4189 573 4231 c
600 4167 677 4232 Levi
698 4165 875 4233 oriundos.
897 4170 1028 4256 Deque
1048 4169 1261 4256 expressione
1277 4166 1430 4235 dicemus
1448 4169 1494 4236 ad

177 4294 253 4360 cap.
273 4279 325 4339 18.
343 4278 525 4361 Perpcram
543 4273 623 4361 Spr.
643 4293 650 4339 :
670 4271 717 4338 od
729 4272 936 4370 sacerdotem
952 4286 1013 4340 aru
1030 4273 1169 4340 teritum
1182 4285 1242 4340 ortt
1257 4273 1417 4340 iudicem.
1441 4275 1491 4341 Cl.

179 4384 292 4461 19,17‚
310 4383 436 4445 textum
459 4379 562 4447 huius
578 4383 689 4446 textus
704 4378 852 4446 similem
869 4419 913 4429 —
936 4408 951 4441 α
969 4394 1001 4446 et
1020 4379 1068 4446 ud
1080 4379 1241 4465 tumeam,
1260 4381 1321 4469 qui
1333 4379 1439 4469 suerit
1456 4380 1494 4447 iu

178 4483 238 4552 illo
250 4500 409 4576 ternpore,
421 4509 632 4577 petamusque
645 4489 686 4553 ab
698 4485 757 4569 eis,
772 4487 835 4575 qui
847 4486 1048 4553 irulirabunt
1062 4487 1124 4553 tibi
1135 4487 1257 4554 leuticii
1269 4487 1444 4553 veritatem
1461 4515 1492 4554 ».

178 4593 272 4671 Quod
296 4593 463 4661 iudicium
488 4598 507 4660 Ξ
528 4600 604 4661 Par.
631 4600 731 4675 19,10
752 4599 893 4660 voratur
916 4593 1122 4660 «iudicium
1144 4595 1243 4661 lahvc
1271 4624 1300 4677 »,
1319 4595 1401 4684 quia
1421 4601 1494 4661 erat

176 4701 398 4769 irrevocabile
419 4708 452 4768 ct
472 4702 573 4768 lahve
588 4701 678 4769 illud
699 4705 811 4767 ratum
825 4700 952 4767 habere
973 4701 1186 4769 cerrsebatur.
1210 4701 1365 4768 lrrderh.
1383 4700 1492 4768 l.non
