3366 5346
744 294 763 350 1
784 306 866 351 ason.
891 293 940 352 14.
1137 291 1141 306 ’
1463 297 1497 356 11

183 442 262 504 sunt
276 461 360 524 ergo
375 443 502 505 temere
513 439 693 507 incusandi
709 446 825 508 Patres
839 440 982 521 laudati,
999 439 1094 528 quod
1107 439 1326 507 traditionem
1348 443 1499 533 aliquam

183 545 389 634 receperint,
412 567 501 634 quae
522 551 593 612 tota
611 553 742 636 quanta
759 547 801 613 sit
820 548 947 637 spuria.
969 551 1086 636 Neque
1105 547 1178 612 solo
1193 548 1332 615 tandem
1349 549 1498 616 testimo·

181 651 239 718 nio
259 658 310 718 Ps.
328 651 453 719 Esdrae
468 653 591 719 nititur
604 653 666 720 illa
681 654 830 734 traditio,
851 656 912 744 qui
931 674 1150 743 nequaquam
1165 653 1316 721 affirmat
1332 655 1404 722 eius
1417 663 1502 722 stra-

181 757 234 843 gis
243 757 335 847 ipsos
348 759 450 825 eiiam
463 761 631 826 Hebraeos
644 761 748 827 fuisse
760 766 926 828 auctores.
941 760 1037 838 Quod
1050 759 1174 827 diserte
1187 761 1368 849 profitetur
1381 761 1499 851 Chrys.

183 863 232 953 (in
253 866 368 932 hletih.
387 871 483 932 Hom.
509 873 545 947 9;
573 869 620 933 M.
650 873 751 947 57,18
772 867 839 954 sq.)
866 886 873 932 :
900 896 916 928 «
943 873 1071 952 Segnes
1092 888 1171 933 cum
1194 873 1304 933 essent
1328 868 1444 935 ludaei
1469 874 1503 935 et

181 971 379 1059 frequenter
407 973 444 1037 in
467 972 680 1061 impietatem
707 973 918 1054 inciderent,
943 972 1027 1038 alios
1056 973 1196 1061 quidem
1225 973 1334 1040 libros
1355 974 1502 1064 dependi
1568 1034 1572 1042 .

181 1077 429 1166 permiserunt,
456 1078 543 1144 alios
568 1079 830 1146 combusserunt
853 1085 888 1145 et
911 1080 1163 1146 laceraverunt.
1185 1084 1253 1146 lloc
1276 1081 1405 1148 iactum
1430 1103 1500 1147 esse

181 1192 301 1251 narrat
316 1190 378 1251 ler.
394 1192 448 1266 36,
466 1184 553 1251 illud
574 1192 691 1251 auctor
707 1193 725 1253 t
746 1192 829 1272 Reg.
848 1185 976 1267 dicens,
992 1186 1233 1274 postmultum
1249 1192 1384 1276 tempus
1398 1209 1501 1274 aegre

182 1290 320 1357 tandem
341 1297 437 1358 Dent.
458 1297 632 1381 repertum
648 1314 718 1358 esse
734 1292 906 1359 defossum
921 1299 1024 1382 atque
1046 1291 1265 1382 deperditum
1287 1322 1316 1359 ».
1342 1293 1402 1360 Cui
1422 1315 1502 1359 con·

181 1402 280 1463 sonat
305 1396 502 1464 Theodoret.
523 1398 706 1485 (Praelatio
727 1399 762 1464 in
784 1398 978 1480 Canticum
997 1401 1044 1466 M.
1069 1402 1189 1481 81‚29;
1208 1438 1250 1448 -
1265 1400 1309 1465 ct.
1333 1399 1500 1466 Praelatio

182 1503 218 1568 in
239 1503 402 1584 Psalmos;
430 1506 476 1570 M.
504 1507 640 1588 eoacti
664 1513 813 1592 stragem
837 1505 983 1571 eandem
1008 1504 1184 1594 imputans
1205 1505 1322 1594 impiis
1347 1505 1498 1591 regibus,

181 1608 351 1698 imprimis
372 1616 550 1677 Manassae.
577 1615 663 1678 llaec
687 1613 811 1678 trustra
832 1612 925 1700 apud
944 1617 995 1677 Pa.
1019 1611 1161 1678 Esdram
1182 1611 1392 1700 requisieris.
1416 1616 1499 1678 Nota

180 1714 263 1782 item
287 1714 405 1805 Chrys.
430 1720 474 1803 (v.
494 1740 520 1783 s.
541 1741 574 1807 p.
598 1719 631 1806 9)
653 1718 761 1784 libros
776 1718 949 1784 affirmare
963 1719 1137 1785 restitutos
1151 1741 1221 1784 esse
1238 1741 1255 1784 e
1273 1717 1496 1807 frequentis,

182 1844 265 1908 ergo
282 1846 353 1890 non
368 1830 462 1890 tanto
478 1830 645 1912 quantum
662 1829 713 1891 Ps.
732 1825 852 1891 Esdras
867 1825 1013 1891 adstruit
1028 1825 1208 1892 miraculo.

219 2004 291 2062 Qttia
301 2017 368 2054 vero
381 2007 409 2053 in
424 2006 525 2054 Esdrce
541 2018 643 2056 nomon
659 2006 816 2064 incidimus,
832 2018 919 2056 unum
935 2008 986 2065 est,
999 2006 1073 2068 quod
1089 2006 1222 2055 lectorem
1237 2007 1266 2054 in
1280 2008 1338 2056 toto
1353 2007 1406 2056 hoc
1421 2020 1498 2056 com·

181 2093 320 2142 menterio
336 2106 404 2156 prae
421 2094 510 2143 oculis
530 2107 644 2144 servare
661 2094 863 2145 desideramus.
880 2094 1049 2145 Nullatenus
1069 2095 1098 2142 in
1116 2095 1318 2144 commentario
1337 2096 1501 2157 attingimus

181 2182 392 2244 quaestionem,
407 2194 443 2231 an
467 2181 573 2232 Esdras
591 2195 727 2232 canonem
750 2181 941 2233 Hebraeorum
967 2182 1119 2232 absolverit
1141 2181 1245 2232 :nobis
1265 2182 1299 2233 de
1318 2183 1379 2233 solo
1399 2184 1500 2246 penta-

181 2271 292 2330 teucho,
308 2271 356 2318 vix
369 2282 428 2320 non
440 2283 552 2334 semper
564 2271 599 2320 de
614 2271 675 2321 solo
690 2275 770 2322 neut.
783 2270 923 2333 agendum
938 2273 990 2321 est.
1006 2271 1133 2321 Exeunte
1148 2283 1220 2320 aevo
1236 2271 1342 2321 Esdrae
1358 2273 1500 2322 exstitisse

180 2359 400 2422 pentateuchum
408 2359 631 2409 substantialiter
642 2361 736 2420 talem,
746 2359 837 2423 qualis
848 2373 923 2409 nunc
932 2361 983 2420 est,
997 2360 1154 2410 concedunt
1163 2361 1247 2409 etiam
1258 2361 1346 2409 critici
1354 2359 1481 2411 moderni
1492 2373 1498 2407 :

181 2446 216 2497 ci.
232 2447 297 2497 Kree.
321 2446 333 2495 1
349 2459 375 2496 a.
397 2446 534 2498 30111111
548 2445 713 2510 concedunt,
726 2461 801 2498 anno
817 2447 866 2498 444
883 2448 1001 2498 Esdram
1014 2449 1195 2511 supposuisse
1212 2449 1387 2499 renovationi
1402 2447 1500 2498 loede-

181 2536 220 2585 ris
236 2531 261 2601 (2
281 2535 361 2585 Esdr.
378 2531 456 2597 8-10)
476 2537 709 2600 pentateuchum,
726 2536 766 2586 uti
789 2536 878 2586 iosias
897 2550 965 2587 suae
980 2537 1156 2586 renovationi
1171 2541 1357 2599 supposuerat
1377 2537 1498 2597 theram,

181 2623 247 2673 licet
267 2624 361 2687 aliqua
382 2624 470 2687 aliqui
490 2637 564 2674 anno
586 2623 636 2674 444
658 2625 847 2688 pentateucho
866 2624 957 2673 adhuc
980 2623 1103 2673 delaissa
1123 2629 1285 2685 autument;
1303 2625 1498 2687 pronuntiant,

183 2709 300 2761 Esdram
320 2728 331 2760 ι
354 2714 535 2763 canonizasse
552 2728 564 2760 »
581 2713 814 2776 pentateuchum,
831 2714 872 2762 uti
891 2711 982 2762 iosias
999 2728 1010 2757 ι
1027 2713 1233 2761 canonizaverit
1249 2727 1259 2758 1
1275 2713 1384 2761 theram
1402 2709 1498 2777 (thd.

182 2812 210 2863 p.
228 2800 260 2850 93
276 2799 341 2867 sept.
358 2802 446 2852 Porro
460 2802 581 2852 restituti
598 2803 689 2852 textus
705 2800 817 2851 laudem
833 2799 848 2850 4
864 2800 944 2850 Esdr.
961 2802 1010 2850 nni
1022 2800 1127 2850 Esdrae
1140 2800 1252 2859 tribuit;
1266 2813 1322 2863 quo
1336 2813 1394 2850 non
1407 2801 1499 2850 exclu-

183 2888 266 2950 ditur,
284 2889 401 2940 Esdram
425 2890 497 2940 alios
517 2890 649 2940 habuisse
665 2891 725 2940 eius
741 2889 845 2939 laboris
859 2890 965 2946 socios,
981 2891 1040 2938 sive
1059 2889 1192 2951 aequales
1208 2890 1268 2938 sive
1288 2891 1498 2948 antecessores,

181 2978 238 3026 imo
253 2990 309 3027 non
324 2978 492 3039 excluditur,
505 2991 643 3028 summam
656 2978 761 3028 laboris
770 2978 842 3027 alios
850 2979 1034 3041 praestitisse,
1047 2976 1164 3027 Esdram
1177 2978 1206 3025 in
1220 2977 1283 3041 lege
1295 2976 1501 3040 promulganda

181 3068 379 3130 potiusquam
400 3068 575 3117 restituenda
596 3068 701 3130 optime
723 3067 852 3116 meritum
877 3080 939 3116 esse
962 3066 996 3116 de
1020 3079 1051 3116 re
1071 3066 1181 3129 publiea
1200 3065 1383 3124 ludaeorum,
1407 3070 1500 3116 textus

185 3155 291 3206 sacert
312 3157 392 3206 Esdr.
409 3157 440 3217 7,
460 3155 490 3206 14
506 3155 589 3207 nobis
603 3158 699 3218 utique
714 3155 836 3206 ostendit
851 3155 968 3205 Esdram
989 3156 1081 3217 legem
1096 3156 1152 3204 iarn
1167 3155 1250 3217 plene
1271 3156 1428 3204 restitutam
1448 3155 1500 3204 ha·

181 3243 293 3294 bentem
311 3261 323 3292 e
338 3247 367 3294 in
381 3258 467 3294 manu
481 3258 533 3295 sua
550 3261 573 3305 1,
591 3249 695 3294 etcum
711 3245 764 3293 hac
777 3256 871 3294 coram
886 3256 953 3306 rege
970 3245 1124 3293 Artaxerxe
1139 3244 1328 3293 assistentem.
1344 3242 1436 3293 Labor
1448 3255 1499 3292 au·

181 3334 238 3382 tem
252 3333 299 3382 illc
314 3333 504 3384 restituendae
517 3334 591 3396 legis
605 3332 809 3396 quadamtenus
824 3334 971 3394 incoeptus
986 3339 1028 3381 cst
1043 3331 1151 3394 abipso
1163 3344 1230 3393 rege
1243 3331 1327 3391 lesia,
1339 3337 1500 3395 resumptus

181 3421 358 3483 potissimum
383 3423 412 3471 in
435 3422 592 3485 Babylonia
615 3420 680 3470 inde
702 3421 736 3470 ab
760 3422 823 3483 ipso
847 3421 938 3470 exsilii
958 3421 1055 3480 initio,
1078 3418 1223 3469 absolutus
1247 3419 1366 3469 tortasse
1384 3419 1419 3468 ab
1439 3421 1500 3481 ipso

182 3508 280 3560 Esdra.
303 3511 413 3568 Quando
433 3511 463 3559 de
484 3511 571 3559 Esdro
591 3509 743 3559 restitutore
757 3509 930 3573 pentateuchi
947 3508 1091 3570 loquimur,
1108 3508 1215 3556 nornine
1232 3507 1401 3569 deciperemus
1418 3514 1500 3556 totam

183 3595 261 3645 illum
276 3599 401 3661 epocham
412 3598 512 3663 potius,
530 3612 610 3660 quom
625 3598 797 3647 individuum
812 3596 891 3646 illum
904 3598 1002 3646 eurum.

227 3751 401 3818 Eiusmodi
426 3754 533 3840 igitur
561 3759 675 3840 strage
702 3753 818 3843 aliqua
842 3751 1048 3841 scriptorum
1072 3750 1302 3818 mosaicorum
1332 3749 1497 3833 admissa,

183 3856 260 3946 quis
279 3858 423 3945 negabit
434 3858 590 3950 potuisse
615 3860 861 3939 restitutorem,
884 3858 967 3924 dum
992 3863 1122 3924 textum
1151 3856 1360 3936 restitueret,
1384 3857 1500 3945 aliqua

183 3965 355 4046 omittere,
375 3964 527 4033 inserere
546 3966 630 4033 locis
651 3988 721 4033 non
742 3966 827 4048 suis,
846 3964 1058 4032 confundere
1079 3986 1149 4030 non
1170 3985 1211 4030 ea
1233 3962 1392 4052 quidem,
1410 3985 1498 4051 quae

182 4069 264 4137 fidei
284 4092 462 4139 morumve
484 4094 636 4140 errorem
659 4071 954 4152 inducerent,<sed
974 4093 1063 4160 quae
1084 4070 1279 4151 historiam,
1302 4069 1497 4137 orationum

183 4176 339 4243 ordinem
355 4183 389 4245 et
403 4178 528 4246 similia
548 4177 779 4267 attingerent?
792 4178 932 4266 Aliquos
955 4179 992 4243 in
1012 4198 1141 4244 canone
1162 4174 1288 4242 Esdrae
1310 4175 1498 4242 desiderari

183 4282 288 4350 libros
308 4284 518 4373 antiquiores
538 4285 738 4374 inspiratos,
755 4284 815 4373 qui
834 4307 880 4350 sc.
903 4284 940 4349 in
956 4289 1071 4349 nostro
1086 4304 1183 4348 sacro
1201 4287 1295 4349 textu
1313 4285 1461 4349 citentur
1481 4306 1499 4347 a

185 4389 320 4457 vidente
333 4391 387 4457 vel
401 4392 574 4480 propheta
588 4390 690 4457 fuisse
704 4389 901 4478 conscripti,
914 4389 975 4455 sed
990 4389 1057 4478 ipsi
1072 4411 1139 4454 uon
1158 4389 1227 4454 iam
1243 4395 1385 4468 exstent,
1405 4385 1498 4475 apud

183 4516 300 4563 omnes
320 4496 356 4562 in
376 4504 551 4586 comperto
574 4503 623 4564 est
646 4495 802 4584 (Cornely
825 4501 850 4562 l.
875 4501 940 4562 etti
962 4495 1056 4584 sqq.)
1082 4517 1089 4564 :
1115 4517 1184 4583 quo
1205 4493 1280 4559 iure
1301 4491 1495 4579 negaveris,

182 4601 333 4690 potuisse
345 4603 457 4670 omitti
472 4603 605 4692 aliquas
619 4603 789 4668 librorum
801 4601 909 4667 nostri
924 4601 1066 4667 canonis
1081 4601 1274 4690 pericopas,
1292 4598 1377 4664 alias
1390 4597 1500 4662 inseri

184 4706 261 4774 loco
275 4730 343 4776 non
359 4731 430 4793 suo,
445 4708 593 4798 potuisse
607 4710 727 4775 thorae
742 4705 878 4774 adnecti
892 4706 1062 4795 quaedam
1075 4729 1096 4772 a
1108 4708 1211 4773 thora
1225 4704 1360 4770 aliena?
1375 4700 1499 4778 Quodsi
