3366 5346
628 315 716 358 narr.
739 298 831 370 anta
853 315 915 366 spo.
1374 294 1428 352 stu

164 483 195 524 v.
223 467 262 525 to
280 487 295 517 «
315 461 412 523 Nunc
434 457 554 546 itaque
573 456 707 522 scribite
733 456 824 522 vobis
845 456 1016 522 cauticum
1034 450 1128 519 istud
1150 482 1165 513 u
1184 476 1257 542 cap.
1276 459 1330 533 ΒΞ,
1346 459 1380 518 tu
1399 459 1431 518 ct

120 571 226 646 tosue,
243 565 354 653 iuquit
373 566 453 645 bia,
476 572 589 630 tamen
605 586 636 630 v.
660 570 702 628 22
719 551 811 631 sislus
828 569 953 650 Moyses
968 562 1114 628 retertur
1128 559 1297 627 canticum
1320 560 1430 648 scrip-

119 674 217 749 sisse;
239 694 285 737 sc.
311 675 436 757 Moyses
459 669 547 735 illud
566 670 719 759 scripsit,
735 670 794 736 alii
821 669 1044 758 descripsere,
1070 674 1108 735 ut
1134 666 1326 757 cpluribus
1346 688 1429 754 apo·

117 776 260 866 graphis
275 781 365 842 totus
383 776 529 865 populus
543 775 737 857 doceretur,
752 775 953 842 immediate
972 796 1041 840 non
1060 797 1080 839 a
1099 773 1172 840 solo
1185 779 1296 861 Moyse
1310 771 1367 837 sed
1384 772 1428 838 ab

118 883 192 949 aliis
207 884 308 950 etiam
324 883 367 948 ab
386 882 462 971 ipso
480 881 740 962 constituendis3
763 910 778 943 «
803 896 834 948 et
849 881 965 949 docete
980 880 1072 970 filies
1089 877 1206 964 Israel,
1231 891 1269 944 ut
1292 879 1430 967 [memo-

118 990 201 1056 riter
216 1001 354 1056 teueaut
369 989 411 1077 et]
434 1011 489 1055 ονε
510 988 692 1055 decarzteut
714 1017 743 1055 s.
762 991 861 1056 Hebr.
880 1013 887 1057 :
908 1011 998 1078 poue
1016 987 1052 1053 in
1066 1009 1121 1052 ore
1141 1007 1270 1066 εονιονι,
1296 983 1355 1051 sed
1375 1006 1430 1069 eo-

117 1096 235 1186 pulam
253 1096 475 1185 praemittunt
490 1097 585 1163 Sam.
604 1099 703 1177 LXX,
718 1118 822 1184 quam
837 1095 925 1161 bene
949 1094 1046 1183 Vulq.
1063 1092 1175 1159 reddit
1190 1091 1429 1158 coniunctione

119 1215 155 1268 ut
178 1227 184 1271 :
209 1205 256 1270 ita
280 1201 427 1269 docendi
444 1207 533 1285 sunt,
552 1208 590 1268 ut
609 1202 758 1268 habeant
779 1203 815 1268 in
838 1225 910 1283 ore,
929 1223 1012 1287 ergo
1031 1200 1139 1266 multo
1161 1199 1271 1285 magis
1296 1198 1333 1264 in
1355 1219 1428 1264 me-

83 1386 89 1399 ·
118 1310 228 1375 moria
249 1329 256 1375 :
276 1338 291 1369 α
313 1321 346 1375 ct
360 1308 404 1375 sit
421 1307 508 1374 mibi
521 1331 657 1375 cotanen
673 1308 767 1375 istud
773 1331 841 1398 pro
855 1307 1049 1374 testimonio
1066 1306 1155 1372 iuter
1167 1305 1258 1394 filios
1276 1303 1425 1371 lsrael».

119 1444 134 1475 a
157 1414 298 1494 Quando
314 1438 377 1504 pro
392 1415 631 1503 iniquitatibus
646 1415 715 1482 suis
729 1415 896 1504 punivero
917 1437 990 1495 em,
1003 1435 1072 1479 non
1090 1417 1252 1501 poterunt
1263 1411 1426 1496 allegare,

117 1522 210 1611 quod
231 1545 300 1587 non
320 1522 518 1610 praemonui
535 1543 591 1587 eos
609 1546 626 1582 o
651 1522 785 1610 (Tost.).
805 1528 952 1588 Erronee
971 1521 1062 1586 LXX
1082 1542 1099 1585 e
1124 1542 1155 1584 v.
1179 1524 1218 1582 at
1240 1519 1308 1583 buc
1321 1523 1429 1583 trans-

116 1635 256 1695 sumunt
272 1615 364 1693 abab.
381 1650 413 1694 ν.
438 1633 479 1693 20
498 1616 518 1687 ¹«
542 1627 760 1695 Introdttcoru
778 1627 869 1694 enim
893 1650 970 1694 eum
992 1626 1029 1691 iu
1052 1638 1188 1706 terrum,
1213 1647 1276 1713 pro
1293 1646 1362 1714 quo
1376 1624 1429 1688 iu-

116 1735 192 1800 νοοῖ
202 1735 361 1824 patribus
384 1734 469 1816 eius,
487 1733 574 1800 lecte
593 1747 625 1800 et
650 1734 748 1801 melle
773 1746 992 1817 aequantem
1005 1754 1150 1822 crineque
1172 1730 1379 1799 comederint
1396 1742 1429 1794 et

116 1840 264 1906 saturati
287 1840 458 1930 crassique
479 1840 616 1928 feceriut
638 1869 653 1899 »
668 1895 675 1922 ,
693 1880 737 1891 —
758 1841 916 1908 etenim«
936 1839 1146 1906 abundantia
1168 1859 1284 1905 rerum
1305 1858 1429 1902 cores-

117 1944 207 2012 tollit
229 1952 262 2013 et
283 1945 529 2013 beneficiorum
551 1949 770 2014 immemores
793 1947 873 2013 tacit
895 1975 910 2007 ο
926 1946 1045 2034 (Post.)
1071 1984 1114 1993 -
1136 1973 1151 2005 α
1176 1930 1431 2010 avertenturad

116 2050 195 2117 (teos
216 2051 349 2117 alienos
373 2064 404 2118 et
430 2054 574 2119 sercicut
594 2054 652 2136 eis,
681 2053 925 2143 detrabeutque
945 2052 1031 2118 milti
1057 2080 1091 2131 o,
1120 2049 1319 2140 despicient,
1341 2047 1428 2113 abii-

116 2157 206 2224 oieut
219 2179 286 2235 me,
311 2186 326 2218 u
347 2170 380 2224 et
399 2159 535 2224 irritetur
553 2160 687 2246 sacient
699 2172 839 2249 pactum
855 2181 968 2225 meum
988 2190 1016 2224 ».
1038 2181 1070 2225 v.
1089 2164 1128 2223 at
1149 2158 1194 2222 Et
1208 2155 1284 2237 erit,
1304 2182 1320 2217 u
1333 2166 1428 2244 post-

115 2287 219 2353 quam
253 2265 446 2330 iuoeuerirtt
476 2287 554 2331 eum
582 2265 676 2332 mulo
712 2266 823 2332 nrrtlta
849 2279 881 2332 et
910 2260 1122 2355 afflictiones,
1154 2260 1369 2352 respondebit
1395 2258 1428 2325 ei

116 2371 287 2437 carrticum
304 2371 398 2437 istud
408 2394 470 2459 pro
488 2372 692 2456 testimonie,
715 2370 810 2462 quart
826 2371 925 2439 ncilla
945 2369 1070 2437 delebit
1090 2369 1212 2436 oblivio
1233 2391 1274 2435 ea
1298 2390 1354 2433 ονε
1375 2388 1426 2433 se-

116 2477 219 2541 minis
236 2477 292 2542 sui
308 2505 338 2542 u.
358 2479 498 2554 Quando
519 2479 682 2567 populus,
699 2478 859 2545 similiter
874 2485 978 2567 atque
998 2477 1156 2543 homines
1169 2475 1222 2541 itti
1234 2473 1424 2562 29,2t(9.3),

117 2582 300 2648 mirabitur
321 2588 354 2648 et
374 2591 603 2672 conqueretur
615 2584 657 2650 de
672 2585 775 2651 tantis
798 2586 908 2665 malis,
934 2585 999 2649 hoc
1015 2584 1228 2649 cicanticum
1246 2581 1425 2667 infaciem

116 2687 221 2776 (LXX
249 2679 357 2760 u=:eb;
384 2692 485 2756 Hebr.
514 2678 607 2769 ureb)
638 2690 869 2780 respondebit,
900 2696 933 2756 et
959 2689 1141 2755 testabitur
1162 2688 1250 2754 mitt
1279 2687 1324 2774 (V.
1357 2686 1424 2772 19),

115 2795 137 2859 i.
152 2817 181 2860 e.
198 2794 235 2860 in
248 2816 362 2861 meum
383 2796 547 2876 savorem,
564 2797 855 2864 ostendens'mala
869 2797 929 2862 illa
952 2795 1067 2862 omnia
1092 2817 1161 2861 esse
1177 2794 1301 2860 iustam
1321 2793 1425 2859 seele-

116 2923 192 2968 rum
216 2923 376 2991 poenam.
411 2905 509 2969 Hebr.
536 2924 544 2970 ι
568 2903 658 2983 Quia
688 2926 757 2968 uon
786 2902 954 2969 oblivioni
982 2901 1120 2968 debitur
1144 2923 1186 2967 ec
1205 2923 1262 2966 ore
1287 2898 1427 2966 seminis

115 3006 215 3073 cius:
241 3007 425 3075 docebitur
448 3014 492 3095 (v.
518 3009 571 3097 19)
595 3015 697 3099 atque
719 3009 797 3076 ideo
818 3009 983 3076 memoria
1004 3007 1179 3075 tenebitur
1198 3015 1231 3073 et
1250 3012 1429 3108 tamquam

116 3115 206 3181 testis
231 3114 309 3180 illos
329 3115 528 3181 contundet.
555 3120 673 3183 Textus
698 3116 876 3183 evidenter
895 3115 1067 3205 supponit,
1088 3115 1168 3180 licet
1190 3114 1232 3180 de
1249 3134 1289 3180 ea
1306 3135 1342 3180 re
1357 3134 1425 3179 non
1527 3127 1528 3131 ’

114 3220 272 3287 tradatur
287 3222 483 3311 explicitum
500 3221 713 3305 mandatum,
729 3223 898 3290 canticum
914 3223 1046 3289 statutis
1061 3220 1182 3288 diebus
1196 3221 1269 3286 fore
1282 3220 1427 3287 recitan-

114 3325 209 3403 dum,
228 3328 369 3393 sortasse
384 3329 433 3394 uti
450 3329 585 3393 tharam
604 3330 640 3394 in
661 3330 744 3394 testo
760 3329 1077 3395 tabernaculorum.
1097 3356 1112 3388 ι(
1130 3327 1208 3392 Scio
1228 3328 1317 3391 enim
1335 3325 1426 3412 copi-

116 3433 260 3497 tatioues
277 3432 361 3512 eius,
387 3456 474 3521 quoe
494 3436 653 3520 secturus
675 3434 718 3499 sit
740 3433 850 3517 bodie,
870 3447 1057 3520 autequam
1071 3431 1286 3497 introducam
1299 3453 1375 3497 euru
1390 3433 1426 3494 iu

115 3549 251 3619 terrarii,
279 3559 382 3627 quoru
412 3538 444 3603 ei
464 3537 640 3628 pollicitus
663 3561 737 3604 ,sum
768 3568 798 3604 ».
824 3539 946 3627 Nequit
973 3538 1094 3626 (Meu.)
1124 3536 1222 3602 bodie
1266 3537 1356 3602 trahi
1382 3535 1425 3601 ad

114 3643 195 3709 scio.
228 3648 326 3709 terte
356 3664 364 3708 t
399 3645 557 3732 Profecto
584 3645 656 3728 scio
685 3645 953 3734 intaqiuotiortes
981 3644 1066 3725 eius,
1096 3666 1183 3733 petas
1214 3642 1425 3730 irrtopiootur

115 3771 218 3829 rruue,
236 3749 349 3815 (tellure
366 3762 469 3816 aratra
490 3773 594 3840 quoru
609 3765 672 3818 etc.
688 3753 772 3829 Quia
790 3757 875 3817 [teus
889 3749 1052 3831 indolem,
1073 3750 1196 3840 populi
1214 3755 1423 3838 perspectam

117 3855 231 3935 babet,
258 3878 326 3945 qua
341 3856 369 3922 is
387 3855 456 3922 iam
478 3871 569 3924 nuru
594 3858 678 3944 agit,
701 3858 953 3924 inconstantem
974 3863 1077 3947 atque
1102 3856 1325 3937 mundanam,
1347 3856 1425 3921 ideo

115 3984 154 4027 ex
176 3961 239 4028 hae
261 3961 377 4028 indole
399 3963 582 4030 universim
607 3963 783 4053 praevidet
803 3963 903 4051 plura
924 3964 1060 4030 futurae
1075 3960 1323 4028 inconstantiae
1346 3983 1425 4049 pec-

113 4073 206 4149 cata,
226 4074 259 4134 et
281 4067 325 4134 ob
347 4069 431 4136 haee
450 4070 608 4159 praevisa
627 4071 797 4136 canticum
819 4069 914 4136 iubet
932 4091 1025 4135 nuno
1042 4067 1144 4135 scribi
1166 4073 1198 4134 et
1213 4067 1340 4149 doceri,
1359 4088 1426 4155 quo

115 4176 254 4242 recitato
277 4181 311 4242 et
334 4176 451 4242 audito
478 4176 695 4265 postmodum
717 4175 859 4243 Hebraei
883 4198 903 4243 a
924 4175 1073 4264 peccatis
1097 4180 1312 4241 revocentur.
1330 4195 1362 4240 ν.
1381 4179 1420 4239 ‘tt

116 4308 132 4340 «
147 4282 291 4372 Scripsit
306 4305 387 4371 erqo
400 4285 533 4372 Moyses
548 4282 718 4349 canticum
738 4311 753 4342 u
771 4282 808 4348 iu
821 4281 945 4348 dieillo
961 4309 976 4340 «
994 4292 1025 4346 et
1037 4279 1154 4346 docuit
1162 4278 1255 4370 filios
1270 4277 1378 4345 lsrael
1393 4307 1422 4345 ».

483 4514 693 4574 (Explicationem
710 4525 734 4562 v.
752 4516 781 4560 ‘23
798 4527 834 4572 sq.
853 4513 929 4559 habes
945 4528 968 4572 p.
985 4514 1031 4560 498
1047 4512 1107 4573 sq).

160 4702 341 4786 Postquam
370 4703 541 4768 canticum
572 4700 706 4790 scripsit
736 4705 866 4786 Moyses
897 4698 1082 4786 docuitque
1110 4698 1290 4785 populum,
1319 4719 1350 4762 v.
1383 4702 1425 4763 25
