3366 5346
211 305 250 366 33
761 313 975 359 ramoeuerro.

210 456 254 510 33.
268 457 328 508 Lex
341 455 470 506 deservo
485 453 520 504 ad
535 453 677 504 Hebraeos
690 451 810 516 prologo
825 454 906 503 Deut.
923 452 1003 513 33,15
1021 450 1073 517 (ie)
1088 466 1130 517 sq.
1147 479 1183 490 -
1196 466 1223 503 r.
1244 454 1275 504 45
1287 432 1336 509 tri.

210 546 254 596 34.
272 551 328 596 Lex
340 547 437 596 eontra
451 544 675 609 prostitutionem
690 555 799 592 sacram
812 542 894 592 Deut.
911 541 992 601 33,17
1007 537 1061 608 (18)
1077 555 1120 606 sq.
1133 568 1169 577 -
1180 555 1207 592 v.
1227 542 1258 592 17
1274 554 1316 606 sq.
1330 548 1372 594 ter
1387 539 1435 599 tab.

213 635 256 685 44.
274 634 332 685 Lex
347 633 382 684 aa
394 645 480 683 mura
492 633 572 683 neat.
590 631 634 692 44,
653 631 682 680 te
697 626 752 698 (44)
767 644 810 695 sq.
826 658 862 668 -
876 643 902 680 v.
922 630 953 681 re
968 611 1017 686 ab.

212 722 256 773 36.
273 721 332 773 Lex
346 721 381 772 de
394 713 522 772 vetomm
538 720 699 783 impletione
712 720 794 768 licut.
811 717 943 778 33,31-33
960 718 1123 785 (34311.-
1138 732 1165 769 v.
1183 719 1213 769 31
1235 726 1273 776 4).

213 810 256 861 37.
269 810 328 861 Lex
341 811 377 861 de
391 812 454 860 uvis
468 813 496 859 et
510 810 595 872 spicis
610 811 689 859 Dent.
703 805 842 874 3334135)
859 821 900 871 sq.
913 834 949 844 -
963 820 988 856 r.
1007 807 1041 858 34
1060 821 1103 872 sq.
1121 814 1159 864 4).

213 899 257 949 38.
274 899 333 950 Lex
344 899 380 949 de
391 911 478 949 uxore
493 898 640 961 repudiata
654 899 737 948 Deut.
754 896 862 957 34,1-4.
879 924 913 933 -
926 909 953 946 v.
973 898 983 947 l
1003 903 1042 953 4).

212 989 256 1040 33.
270 988 328 1039 Lex
341 988 375 1039 de
387 988 566 1050 exemptione
580 1001 597 1037 a
611 987 711 1037 militia
723 987 805 1037 Daui,
822 985 895 1039 345.
915 1012 947 1021 -
959 998 985 1036 v.
1002 987 1016 1035 5
1033 992 1071 1041 44.

213 1076 256 1128 lo.
273 1076 332 1127 Lex
345 1076 379 1126 de
393 1078 512 1140 pignere
528 1075 665 1129 1144434.
684 1075 709 1124 6.
724 1102 760 1111 -
771 1088 798 1124 v.
815 1075 830 1124 6
849 1054 898 1130 RS.

212 1165 243 1216 44
260 1165 319 1216 Lex
334 1164 369 1216 de
380 1165 476 1228 plagio
488 1165 569 1214 Deut.
585 1163 628 1224 34,
643 1164 671 1218 7.
690 1191 726 1200 -
739 1177 766 1213 v.
783 1164 799 1214 7
816 1169 854 1219 tp.

213 1254 256 1305 43.
273 1254 408 1304 Montium
421 1254 456 1303 (14
468 1253 546 1316 lepra
559 1255 640 1303 114444.
657 1252 701 1309 34,
714 1252 729 1302 8
744 1265 787 1315 eq.
803 1279 839 1289 -
852 1266 878 1301 v.
896 1252 912 1302 8
926 1251 1101 1308 4444134474.

213 1343 256 1394 43.
270 1341 331 1394 Lex
345 1343 380 1392 de
394 1343 511 1405 pignore
525 1344 656 1405 pauperis
670 1345 751 1391 beet.
764 1340 901 1401 34,10-13.
918 1367 954 1377 -
963 1355 992 1390 v.
1005 1341 1036 1390 111
1049 1346 1087 1396 t).

214 1430 257 1483 41.
273 1431 333 1482 Lex
347 1431 382 1481 de
396 1432 570 1480 meroonarlo
583 1442 706 1494 paupere
721 1431 803 1480 Dect.
821 1429 864 1487 34,
881 1429 910 1479 44
923 1443 966 1493 eq.
982 1455 1018 1467 -
1030 1443 1057 1479 v.
1075 1427 1104 1478 44
1118 1409 1168 1485 ab.

195 1504 197 1509 ’
215 1519 258 1571 te.
274 1520 333 1570 Lex
347 1518 384 1568 aa
398 1519 565 1569 damnandis
577 1518 613 1569 aa
627 1519 792 1582 supplicium
805 1519 888 1569 aaut.
901 1517 991 1580 aare.
1008 1543 1045 1555 -
1058 1532 1086 1568 v.
1106 1517 1138 1567 16
1153 1496 1202 1574 ab.

216 1608 261 1658 46.ι
276 1607 336 1658 Lex
350 1607 385 1658 de
396 1607 515 1668 advena,
528 1607 636 1676 pupille
648 1611 675 1657 et
689 1608 773 1657 vidua
788 1608 870 1657 11444.
887 1606 931 1667 34,
952 1607 982 1658 17
998 1619 1039 1670 sq.
1055 1632 1085 1643 -
1105 1618 1132 1657 v.
1154 1606 1185 1657 47
1202 1584 1252 1662 445.

214 1696 258 1747 47.
275 1696 334 1747 Lex
348 1696 437 1746 altera
451 1695 485 1745 de
497 1696 614 1757 advena,
631 1696 736 1759 pupillo
750 1701 779 1746 et
793 1695 878 1745 vidua
892 1696 974 1747 Deut.
991 1694 1034 1757 34,
1054 1695 1146 1745 lii-il.
1163 1721 1198 1731 —
1214 1709 1241 1745 v.
1261 1695 1302 1747 19.
1319 1695 1363 1746 30.
1381 1695 1412 1744 34
1433 1701 1473 1750 tn.

215 1785 259 1836 48,
276 1784 336 1836 Lex
349 1784 384 1834 (14
398 1786 467 1835 rixis
479 1782 559 1836 Deut.
575 1785 618 1845 35,
638 1784 693 1834 4-3.
710 1812 746 1820 -
760 1798 786 1833 v.
807 1785 815 1833 4
836 1791 874 1840 t).

216 1872 261 1924 49.
278 1872 337 1925 Lex
349 1873 384 1923 ‹le
399 1874 470 1925 bove
480 1875 627 1924 triturante
640 1874 721 1923 114444.
738 1873 782 1930 35,
801 1872 825 1923 l.
836 1899 872 1910 -
886 1886 913 1922 v.
932 1872 945 1923 4
963 1853 1012 1929 tab.

215 1962 258 2013 50.
274 1961 332 2012 Lex
342 1962 377 2012 de
391 1964 522 2025 coniugio
532 1962 665 2012 leviratus
681 1963 762 2013 11444.
778 1959 821 2021 35,
839 1963 916 2012 5-16.
932 1988 967 1999 -
981 1963 1035 2012 (4.5
1053 1968 1090 2017 t).

216 2050 259 2100 54.
277 2049 335 2100 Lex
347 2053 445 2101 eontra
461 2053 609 2101 mulierum
623 2052 821 2122 procaeitatem
837 2051 917 2100 Dent.
933 2051 977 2112 35,
997 2050 1025 2100 44
1043 2063 1086 2114 sq.
1102 2076 1137 2087 -
1152 2061 1179 2101 v.
1200 2050 1227 2100 ll
1249 2055 1288 2105 4).

216 2138 261 2189 53.
275 2138 335 2189 Lex
347 2138 381 2189 (14
396 2139 566 2202 ponderibus
576 2141 755 2189 et-mensuris
770 2140 851 2189 Dent.
870 2139 913 2193 35,
934 2138 1021 2188 1316.
1038 2165 1073 2175 -
1087 2152 1113 2188 v.
1131 2139 1162 2188 43
1180 2117 1229 2194 tal).

219 2226 410 2277 53.14ο44144444
424 2227 514 2290 quoad
532 2227 952 2287 Αι44414414441)444.35,17-19.
968 2254 1003 2264 -
1014 2233 1044 2276 ’4.
1065 2227 1094 2277 17
1111 2226 1171 2277 abs.
1188 2231 1261 2283 tint.

219 2313 263 2364 54.
280 2314 371 2378 Leges
385 2315 457 2366 duae
472 2315 779 2375 1)444.36,1-14.13-15
794 2315 829 2365 (14
840 2316 923 2365 rebus
938 2314 1025 2366 semel
1039 2317 1148 2365 tantum
1159 2315 1345 2379 praestandis,
1363 2314 1474 2377 quando
1489 2326 1528 2364 se.

256 2402 362 2454 familia
376 2416 504 2468 quaeque
519 2417 600 2454 suam
611 2405 730 2470 primum
747 2405 865 2454 interra
881 2405 1020 2469 promissa
1036 2410 1119 2455 nacta
1133 2405 1170 2455 sit
1186 2405 1404 2468 possessionem.
1421 2428 1455 2438 -
1470 2415 1496 2450 v.
1517 2401 1527 2450 4

258 2498 287 2547 i:
301 2498 368 2548 444311
376 2506 383 2554 ;
399 2506 427 2542 r.
447 2493 477 2544 43
495 2497 532 2548 i).

476 2681 498 2715 a.
511 2665 653 2714 INITIUM
664 2666 840 2715 CUIUSDAM
854 2666 991 2715 Iussisti
1005 2666 1104 2715 DEUT.
1118 2666 1275 2725 ieie-trae.

268 2807 298 2868 4.
320 2803 441 2868 Orator
459 2799 606 2890 explicat
626 2801 799 2867 concionis
816 2800 904 2882 eius,
922 2801 957 2865 in
979 2822 1047 2888 qua
1065 2799 1228 2889 loquitur,
1247 2799 1477 2888 propositum,
1497 2800 1535 2862 ut

222 2929 268 2973 se.
284 2907 433 2994 populus
446 2906 566 2972 foedus
581 2906 679 2971 feriat
693 2906 859 2992 (renovet)
873 2927 951 2972 eum
967 2907 1086 2988 lahve,
1104 2910 1199 2972 lieut.
1220 2910 1398 2984 ueto-19.

268 3019 300 3078 3.
326 3013 446 3076 044444
464 3012 586 3077 4444444
607 3011 673 3075 tria
693 3010 810 3098 Moysis
828 3010 964 3100 eloquia
983 3010 1176 3101 :primum
1196 3035 1264 3100 quo
1287 3009 1462 3099 lapidibus
1482 3010 1536 3075 in·

225 3116 329 3184 scribi
342 3117 435 3182 iubet
449 3117 586 3182 theram
602 3118 637 3181 in
653 3123 767 3182 monte
782 3117 897 3198 llebal,
915 3125 947 3183 41
961 3117 1128 3184 4444414444
1141 3117 1267 3198 efferri,
1286 3121 1379 3183 lleut.
1396 3121 1533 3195 37,1-8;

226 3221 431 3306 secundum,
454 3244 523 3311 quo
546 3221 738 3289 sacerdotes
761 3228 794 3288 et
818 3224 984 3312 populum
1008 3229 1047 3290 ut
1070 3223 1248 3291 attendant
1272 3223 1411 3301 invitat,
1437 3226 1534 3289 lieut.

226 3336 391 3418 ·2·1‚esq.;
409 3328 566 3410 tertium,
581 3352 650 3419 quo
669 3328 755 3397 ritus
768 3330 803 3395 in
822 3339 937 3397 monte
957 3330 1062 3397 llebal
1080 3330 1299 3420 peragendus
1316 3328 1533 3408 describitur,

226 3441 321 3503 Deut.
340 3442 515 3516 31,14-13.

268 3551 300 3611 3.
319 3542 532 3609 probabilius
543 3548 669 3623 orator,
684 3565 755 3609 non
767 3542 1080 3630 lloysesduodecim
1091 3542 1257 3610 adscribit
1266 3541 1535 3620 maledictiones,

227 3671 248 3715 a
262 3648 381 3714 Levitis
396 3654 429 3714 44
443 3670 463 3714 4
478 3650 605 3736 populo
619 3649 868 3716 alternantibus
883 3650 1158 3738 pronuntiandas
1171 3654 1267 3715 [leut.
1285 3655 1463 3730 imit-m.

416 3818 435 3864 l.
449 3815 537 3864 ACTA
549 3816 729 3863 SUPREMAE
742 3818 815 3864 DIEI
825 3818 929 3866 VITAE
941 3818 1065 3865 uersis
1077 3818 1176 3866 DEUT.
1192 3818 1347 3877 34143413.

272 3958 303 4018 1.
321 3951 503 4038 Eloquium
516 3948 670 4015 divinum
685 3955 778 4016 14444.
794 3958 830 4018 34
841 3957 894 4033 ,lt
912 3974 962 4041 sq.
981 3958 1023 4018 33
1040 3974 1091 4041 sq.
1110 3969 1117 4018 :
1134 3950 1235 4018 lahve
1250 3956 1384 4037 lloysen
1398 3969 1541 4015 monens

183 4136 186 4141 Ι
228 4055 270 4122 (44
286 4063 394 4122 morte
408 4079 468 4121 sua
488 4055 643 4145 proxime
658 4055 788 4138 futura,
806 4057 900 4123 iubet
920 4080 999 4124 cum
1018 4062 1113 4124 losue
1135 4056 1178 4123 ad
1194 4054 1455 4123 tabernaculum
1478 4076 1537 4120 44-

226 4161 363 4243 cedere,
381 4167 566 4251 losuenque
581 4160 672 4228 bono
687 4184 758 4228 esse
771 4164 886 4229 animo
901 4163 1009 4231 iubet.

273 4276 304 4334 3.
321 4267 502 4355 Eloquium
517 4266 672 4334 divinum
689 4273 784 4335 Deut.
803 4275 960 4352 31,16-34
980 4271 1105 4339 :lahve
1126 4274 1259 4357 Meysen
1275 4267 1371 4334 iubet
1390 4266 1540 4334 seribere

227 4376 415 4456 canticum,
434 4373 526 4463 quod
542 4373 586 4440 sit
600 4373 635 4439 iu
648 4376 879 4442 testimonium
894 4383 1013 4443 eontra
1028 4377 1213 4466 populum,
1230 4375 1258 4442 si
1273 4373 1413 4465 quando
1428 4395 1541 4463 pepu-

228 4483 315 4549 lusa
328 4481 431 4547 lahve
444 4479 619 4546 deiecerit.

271 4596 302 4656 3.
327 4593 452 4676 lloyses
467 4585 637 4654 canticum
655 4587 775 4655 scribit
793 4594 827 4656 et
848 4589 891 4655 ad
914 4589 1002 4656 latus
1023 4611 1122 4656 arcae
1141 4588 1277 4678 reponit
1298 4591 1394 4653 Deut.
1420 4591 1536 4668 3133.

227 4701 346 4765 25-30.
