3366 5346
177 305 236 363 362
629 317 859 362 corrrcraunuu
881 315 1038 361 senueris.

177 476 246 543 que
271 450 416 518 eurrdem
441 450 615 537 designari
638 450 764 536 legem.
793 453 907 538 Neque
931 449 1008 514 ideo
1035 449 1070 514 h.
1096 450 1118 514 l.
1140 449 1336 536 intelligere
1359 457 1501 540 oportet

177 566 288 639 Dent,
319 558 411 647 quod
440 557 588 623 Rabbini
620 557 824 645 posteriores
850 559 946 622 lleut.
979 555 1231 644 appellaverint
1255 572 1498 628 utranam:

177 667 262 732 haec
277 666 369 732 enim
385 664 571 753 appellatio
588 662 760 729 recentior
780 669 843 744 est,
860 661 903 728 ad
922 683 1095 729 summum
1112 661 1307 751 exprimens
1321 664 1502 732 Rabbino-

68 864 70 869 Ι
178 794 254 839 rum
270 771 479 859 opinionem,
496 770 530 837 b.
553 770 577 836 l.
595 774 628 836 et
648 774 711 835 los.
732 775 812 850 8,32
828 768 897 835 illis
913 768 1052 834 vocibus
1067 768 1244 855 designari
1258 775 1354 837 Dent.
1374 771 1500 861 Utique

179 881 234 945 rs.
270 880 343 942 lou.
372 899 442 942 non
476 875 645 943 intellexit
671 875 706 942 b.
740 875 764 942 l.
795 880 905 941 totum
938 874 1168 940 demonstrari
1196 880 1312 956 Dent,
1340 878 1501 945 scribens

180 1011 195 1045 a
222 984 405 1050 sectionem
421 983 509 1067 legis
526 981 627 1048 huius
647 1009 675 1046 ».
694 986 821 1071 Neque,
841 982 868 1046 si
889 979 964 1047 aliis
983 985 1079 1047 Dent.
1097 980 1180 1047 locis
1200 982 1287 1070 (1,5;
1310 988 1385 1065 t,8;
1402 990 1497 1064 223.

178 1097 210 1158 8.
226 1097 279 1156 26.
299 1090 354 1177 [z
370 1095 433 1155 los.
453 1087 562 1174 8‚32];
583 1092 697 1166 28,58.
718 1094 777 1167 613
794 1066 903 1167 2929'
916 1086 998 1173 [28D
1014 1087 1287 1176 expressionibus
1299 1087 1355 1154 lec
1366 1089 1452 1157 boec
1465 1098 1500 1158 et

179 1195 394 1285 (29,20[21};
417 1201 535 1277 30,10;
563 1198 769 1276 31‚au;10s.
801 1197 866 1279 1,8)
894 1192 948 1259 bic
975 1192 1059 1259 liber
1078 1192 1175 1283 lepis,
1203 1195 1297 1283 quod
1325 1218 1393 1263 non
1415 1219 1524 1265 con··

180 1303 344 1382 cedimus,
361 1301 553 1367 affirmetur
575 1300 723 1386 intelligi
740 1306 850 1381 licut,
866 1299 961 1365 illico
982 1301 1136 1388 sequitur
1155 1301 1191 1369 h.
1215 1300 1238 1369 l.
1257 1302 1406 1370 eundem
1427 1325 1500 1371 esse

180 1408 405 1498 expressionis
420 1429 567 1474 sensum.
583 1406 716 1474 Etenim
731 1407 976 1473 collectaneum
989 1406 1159 1473 recentius
1172 1413 1222 1474 est
1237 1407 1371 1497 reliquo
1385 1415 1498 1492 Dent,

180 1514 341 1603 legesque
366 1536 384 1580 e
408 1513 550 1581 diversis
574 1512 727 1580 lontibus
749 1513 919 1602 prolectas
941 1513 1183 1602 complectitur
1212 1536 1220 1580 :
1251 1513 1373 1582 eadem
1390 1516 1502 1602 igitur

180 1623 349 1711 expressio
376 1627 475 1701 1¹1,18
502 1643 553 1709 sq.
578 1642 647 1686 non
673 1621 863 1686 necessario
893 1618 987 1685 idem
1016 1618 1182 1708 scriptum
1205 1619 1363 1708 designat
1392 1628 1501 1711 etque

181 1733 236 1809 1,5
252 1733 317 1794 otc.
336 1731 399 1794 Res
412 1749 451 1793 ex
463 1727 538 1816 ipsa
550 1725 627 1812 lege
642 1731 802 1805 tnta-20
817 1724 1002 1793 deliniatur
1016 1732 1164 1814 oportet.

223 1834 285 1901 Ubi
298 1833 553 1923 expressionem
568 1831 667 1898 ebora
683 1831 764 1899 boec
777 1833 830 1899 vel
845 1830 899 1897 tic
916 1831 1001 1898 liber
1017 1831 1135 1898 tlecrne
1147 1833 1300 1918 gratuito
1314 1833 1500 1900 asseruerit

178 1940 304 2030 aliquis
329 1939 512 2026 designare
537 1939 647 2006 solum
667 1938 926 2022 collectaneum,
949 1939 1042 2028 quod
1066 1961 1136 2005 non
1165 1938 1264 2005 thora
1290 1939 1499 2029 appellatur,

177 2047 237 2113 sed
258 2054 273 2113 1
297 2052 380 2133 Reg.
408 2053 506 2128 1035
528 2044 725 2113 iudicitur:
752 2051 812 2111 aut
835 2044 944 2111 solam
959 2046 1071 2132 legem
1098 2050 1274 2129 inu-20,
1304 2067 1394 2134 quae
1416 2045 1502 2112 item

179 2152 276 2219 ebora
291 2176 403 2242 neque
419 2152 619 2220 inscribitur
633 2175 746 2241 noque
761 2152 1004 2233 subscribitur;
1019 2159 1079 2218 aut
1093 2156 1201 2219 totum
1219 2156 1331 2233 Dent,
1347 2175 1426 2219 cum
1442 2175 1502 2219 ne-

180 2265 284 2348 queat
312 2259 552 2339 demonstrari,
573 2259 636 2325 soli
666 2259 852 2347 aliquando
879 2263 973 2325 Dent.
996 2281 1016 2324 a
1039 2258 1325 2347 praecedentibus
1351 2265 1503 2348 quatuor

179 2365 279 2432 libris
290 2368 443 2456 praeciso
458 2387 585 2432 nomen
598 2365 701 2431 fuisse
718 2365 828 2453 thora.
843 2368 957 2453 Neque
973 2365 1094 2430 thorae
1109 2366 1248 2431 nomine
1265 2371 1365 2446 lma
1377 2387 1430 2454 sq.
1447 2366 1502 2431 in-

179 2473 291 2558 telligi
316 2478 424 2561 potest
444 2494 514 2538 una
533 2494 551 2536 e
577 2471 683 2538 thoris
703 2470 894 2537 minoribus
908 2475 985 2538 Lev.
1001 2475 1115 2555 Num,
1135 2494 1167 2538 v.
1185 2493 1220 2558 g.
1241 2472 1344 2538 thora
1363 2471 1503 2539 mundi-

180 2579 265 2647 tici:
283 2583 461 2645 nouerant
476 2579 542 2644 hae
561 2577 700 2644 seorsim
720 2583 876 2667 sumptae
893 2576 980 2642 tanti
999 2577 1176 2659 momenti,
1198 2583 1268 2645 uta
1282 2578 1399 2645 futuro
1419 2598 1502 2665 rege

182 2685 303 2753 ceteris
325 2684 573 2774 praetermissis
584 2707 672 2750 unae
683 2691 879 2751 constanter
891 2689 1001 2751 essent
1011 2684 1288 2773 perpendendae.
1303 2684 1432 2762 Quibus
1446 2707 1504 2752 ex·

182 2792 284 2858 clusis
294 2792 383 2856 nihil
399 2797 502 2857 restat
516 2791 581 2856 nisi
593 2791 693 2855 thora
708 2789 768 2854 illa.
784 2790 851 2857 κατ’
872 2795 979 2877 ὲξεχήν
999 2789 1195 2857 eonomine
1211 2790 1395 2880 appellata,
1412 2813 1504 2881 quae

183 2901 261 2975 tit
279 2898 381 2961 thora
402 2896 612 2978 inscribitur,
638 2901 791 2975 l,6-t,t0
811 2895 951 2984 speciali
971 2896 1152 2986 paraenesi
1174 2897 1378 2979 inculcatur,
1395 2896 1502 2984 scrip-

183 3007 255 3065 tum
273 3001 427 3066 omnium
443 3023 618 3067 sacrorum
634 3001 803 3066 librorum
824 3004 971 3069 maximc'
985 3025 1132 3084 sacrum,
1145 3008 1178 3070 et
1193 3003 1340 3070 restituti
1353 3001 1504 3069 foederis

185 3106 463 3192 augustissimum
487 3106 769 3186 instrumentum,
791 3106 926 3174 duabus
947 3117 1103 3175 constans
1124 3108 1281 3200 partibus
1302 3109 1501 3198 potissimis,

185 3212 370 3301 pentalogo
386 3219 419 3278 et
434 3211 744 3279 maledictionibus.
766 3219 872 3291 Quam
887 3214 958 3303 ipse
979 3220 1104 3302 Moyses
1121 3239 1141 3281 a
1158 3238 1193 3281 se
1212 3215 1372 3305 scriptam
1395 3215 1441 3281 ad
1454 3215 1505 3281 la·

185 3324 239 3386 tus
250 3341 349 3385 arcae
366 3317 526 3408 reposuit,
541 3318 739 3409 populoque
758 3320 860 3386 annis
879 3321 1063 3387 sabbaticis
1076 3321 1344 3411 praelegendam
1358 3321 1505 3388 manda-

184 3426 244 3508 vit,
267 3447 370 3515 quam
388 3430 507 3492 losuen
527 3425 623 3493 iussit
636 3425 773 3492 duobus
791 3427 979 3516 aliquando
998 3427 1173 3516 lapidibus
1192 3428 1394 3518 insculpere.
1411 3431 1505 3504 Quae

185 3532 300 3621 impiis
321 3532 458 3619 regibus
473 3533 551 3599 ideo
566 3532 669 3599 ctiam
689 3533 778 3599 iacta
793 3539 846 3600 est
861 3556 1028 3622 perquam
1050 3534 1179 3617 odiosa,
1197 3535 1291 3623 quod
1312 3534 1387 3624 ipso
1401 3534 1505 3621 regni

184 3640 284 3704 initio
304 3639 373 3703 illis
393 3640 647 3706 obtruderetur.
669 3644 720 3705 An
740 3662 820 3705 vero
840 3640 915 3725 regi
934 3647 1073 3729 practer
1093 3641 1317 3729 pentalogum
1343 3646 1376 3707 et
1395 3640 1504 3707 male-

186 3744 349 3811 dictiones
364 3746 467 3810 etiam
492 3744 715 3811 describenda
729 3745 834 3812 fuerit
847 3748 1041 3835 paraenesis
1061 3753 1283 3828 7,12-11,32,
1300 3768 1370 3813 non
1393 3747 1504 3813 ausim

185 3850 339 3919 definire.
361 3855 454 3935 Nego
472 3873 551 3917 vero
577 3851 838 3918 describendum
861 3852 963 3918 fuisse
988 3840 1246 3935 collectaneum,
1269 3876 1310 3920 eo
1334 3852 1429 3941 qnod
1456 3852 1505 3918 le-

184 3981 263 4045 gem
287 3963 448 4039 tnta-‘m
465 3957 578 4045 quoad
599 3959 825 4024 substantiam
844 3960 993 4025 tribuam
1010 3961 1111 4046 Moysi
1126 3960 1267 4039 auctori,
1286 3967 1319 4026 et
1333 3959 1506 4049 antiquio·

184 4086 256 4129 rem
274 4087 344 4129 esse
360 4063 542 4129 dolendam
555 4063 775 4130 collectanea.
796 4065 1061 4132 Describcndum
1077 4072 1151 4133 erat
1170 4066 1246 4152 regi
1260 4066 1506 4132 documentum

185 4191 254 4234 non
277 4169 375 4234 valde
399 4170 582 4258 prolixum,
605 4176 771 4258 perpetuo
793 4172 993 4252 valiturum,
1009 4172 1100 4261 quod
1129 4173 1343 4262 potissimum
1373 4171 1508 4238 cultum

186 4275 287 4339 lubre
303 4274 487 4340 inculcaret
509 4295 515 4340 :
538 4275 731 4341 cuiusmodi
750 4275 994 4344 documentum
1014 4286 1087 4345 erat
1109 4279 1311 4368 pentalogus
1335 4301 1412 4346 cum
1432 4300 1508 4345 ma-

188 4379 438 4447 ledictionibus,

231 4488 376 4553 Thoram
399 4487 433 4554 h.
454 4487 476 4552 l.
495 4510 563 4554 non
589 4490 737 4575 intelligi
761 4491 932 4579 prolixum
957 4492 1099 4581 aliquod
1124 4493 1384 4574 documentum,
1403 4491 1508 4581 quale

188 4600 237 4661 cst
257 4595 514 4684 pentateuchus,
531 4595 754 4662 confirmatur
769 4599 869 4662 etiam
891 4620 1057 4686 perpensa
1076 4598 1192 4666 indole
1212 4598 1387 4689 praecepti
1407 4604 1509 4680 l7,18

188 4725 238 4791 sq.
257 4701 473 4768 ltescribebat
494 4701 602 4788 igitur
626 4725 695 4781 rex,
714 4704 767 4768 vel
788 4726 867 4788 rege
882 4710 1060 4793 praesente
1083 4704 1155 4771 eius
1172 4705 1243 4773 rice
1262 4705 1347 4772 alius
1369 4705 1507 4794 aliquis,
