3366 5346
183 276 239 333 itta·
656 290 770 334 onxrro
792 289 899 335 uoxs1s
920 291 1023 336 11111111.

180 424 451 515 exploratoribus
466 424 669 514 profecturis
685 444 692 490 :
710 424 796 491 sicut
806 424 849 491 de
866 425 1009 493 urbibus
1024 425 1161 492 volebat
1176 423 1324 504 edoceri,
1343 429 1506 492 essentne

182 562 197 592 «
220 536 376 598 muratae
402 553 446 596 an
469 531 599 620 absque
622 530 729 597 muris
751 558 785 613 n,
802 529 850 598 ita
875 531 916 597 de
942 531 996 597 via
1018 531 1149 597 discere
1171 528 1347 620 cupiebat,
1367 534 1506 597 essetne

176 639 257 704 satis
271 642 355 704 tuta.
379 637 507 705 Clarius
530 638 565 704 b.
595 637 617 705 l.
643 658 747 723 quam
769 641 867 703 Num.
893 645 932 704 13
956 636 1151 718 edocemur,
1172 658 1261 726 quae
1282 635 1335 700 his
1358 635 1393 701 in
1414 637 1507 703 actis

176 750 290 834 partes
319 743 446 810 fuerint
485 743 605 833 populi
632 767 639 808 :
671 745 743 833 ipse
779 743 962 810 mittendos
998 744 1227 833 exploratores
1270 756 1502 830 suppesserat,

179 857 302 938 Moyses
324 849 453 940 populo
474 871 628 917 assensus
648 856 738 931 erat,
755 872 827 917 non
847 856 964 916 tamen
989 851 1074 939 quin
1096 855 1176 916 ante
1194 848 1402 938 (Num.l3,2)
1422 850 1505 916 lah-

180 980 244 1024 ren
259 957 497 1038 consuluisset,
517 956 610 1045 quod
626 957 804 1024 oraculum
828 957 864 1023 h.
892 958 914 1023 l.
939 962 1082 1024 tacetur.
1111 955 1212 1023 Nulla
1228 977 1367 1045 prorsus
1386 955 1424 1021 in
1446 955 1505 1022 his

180 1069 323 1154 apparet
347 1065 434 1130 ratio
461 1085 540 1130 eum
572 1066 631 1131 Dr.
658 1062 860 1130 adstruendi
889 1061 974 1130 duas
1000 1062 1151 1130 diversas
1177 1061 1331 1129 eiusdem
1357 1068 1505 1129 eventus

180 1171 394 1237 narrationes
418 1193 439 1238 a
462 1176 485 1237 P
508 1174 542 1236 et
572 1174 615 1236 JE
639 1168 872 1236 concinnatas.
895 1174 977 1236 Tota
1000 1169 1177 1237 diversitas
1197 1168 1278 1235 inde
1296 1168 1501 1258 explicatur,

181 1277 273 1366 quod
285 1282 410 1364 Moyses
424 1277 463 1343 in
477 1297 633 1343 sermone
650 1280 744 1342 Dent.
763 1280 918 1356 l‚6-t,t3
936 1276 1154 1366 prosequitur
1170 1275 1274 1365 fineen
1296 1275 1501 1357 oratorium,

180 1405 284 1473 quem
303 1383 501 1451 nullatenus
522 1382 795 1472 prosequebatur
815 1381 969 1450 narratio
988 1387 1088 1450 Num.
1105 1388 1157 1449 13.
1173 1387 1242 1448 ·l>er
1258 1383 1374 1459 omnia
1388 1386 1504 1448 osten-

181 1489 262 1556 dere
278 1489 400 1556 nititur
415 1494 555 1576 Moyses,
573 1510 652 1555 cum
667 1511 701 1556 se
716 1488 830 1579 ipsum
850 1490 994 1555 minime
1009 1489 1117 1576 egisse
1133 1488 1312 1576 tyrannice
1337 1487 1396 1554 sed
1411 1488 1503 1555 votis

181 1595 300 1684 populi
319 1595 428 1661 multa
444 1595 663 1676 concessisse,
680 1600 753 1661 tum
776 1595 945 1685 populum
964 1596 1075 1685 ipsum
1101 1599 1273 1662 auctorent
1295 1594 1400 1661 fuisse
1426 1615 1502 1661 ma·

179 1701 310 1784 lorum,
329 1723 417 1792 quae
439 1700 612 1791 imprimis
632 1701 775 1768 emissis
791 1701 1066 1791 exploratoribus
1087 1708 1169 1769 nata
1183 1707 1273 1768 sunt.

223 1831 255 1873 v.
279 1814 320 1873 23
344 1838 358 1869 1
386 1810 540 1902 Curiique
562 1807 650 1874 midi
670 1830 779 1874 sermo
799 1807 1006 1898 Ι111111111εεὶ,
1030 1807 1108 1875 misi
1133 1831 1175 1874 es
1201 1807 1294 1874 cobis
1318 1806 1501 1874 desederint

181 1914 285 1997 siros,
302 1915 455 2004 sinqnlos
480 1913 521 1980 de
548 1915 699 1981 tribubus
723 1915 796 1980 suis
817 1943 847 1982 n.
868 1939 899 1983 v.
925 1921 966 1982 11
995 1943 1010 1976 a
1034 1914 1101 1996 Qui
1119 1936 1195 1981 111111
1213 1913 1445 2004 perrosissent
1468 1927 1502 1980 et

179 2020 409 2088 ascendissent
433 2021 470 2086 in
495 2033 677 2104 montone,
696 2033 861 2088 verterunt
883 2044 990 2111 usqae
1014 2020 1061 2088 nd
1082 2020 1207 2088 Vallem
1232 2019 1327 2086 Botri
1345 2048 1361 2081 »
1383 2023 1498 2109 (Num.

180 2128 328 2216 13‚m)«
350 2141 397 2211 et,
417 2127 633 2194 consideratu
651 2140 836 2194 111111»-
858 2130 959 2195 Hebr.
979 2127 1180 2216 simpliciter
1197 2150 1254 2212 ea,
1275 2149 1320 2193 sc.
1344 2125 1439 2194 Valla
1455 2165 1502 2177 -

180 2257 212 2300 v.
232 2240 274 2300 Ξῖ)
293 2261 307 2293 a
330 2247 499 2300 crementes
522 2261 537 2294 »
557 2234 593 2298 in
614 2256 801 2300 niciensem
823 2263 838 2294 «
858 2232 899 2299 de
912 2233 1083 2321 fructibus
1105 2234 1192 2317 eius,
1213 2237 1264 2320 [at
1284 2233 1502 2300 ostenderent

129 2414 133 2421 Ι
181 2340 397 2426 ubertatem'j,
437 2339 629 2405 otterlernnt
660 2339 708 2406 ud
739 2362 802 2405 reos
832 2352 936 2428 atque
967 2338 1167 2406 eliserunt:
1192 2342 1360 2406 Bormest
1393 2352 1499 2419 terra,

180 2468 285 2535 peram
308 2445 475 2512 Dominus
495 2449 584 2513 Deus
602 2459 715 2511 noster
732 2445 876 2512 deterres
898 2458 946 2512 est
966 2444 1063 2512 nobis
1085 2473 1114 2514 n.
1134 2451 1278 2514 Tacatur
1293 2447 1328 2514 b.
1346 2447 1370 2513 l.
1388 2445 1501 2539 altera

180 2575 260 2642 pars
282 2574 422 2629 eorum,
443 2575 532 2642 quae
552 2553 783 2642 exploratores
807 2552 999 2619 retulerunt
1024 2558 1123 2620 Num.
1148 2559 1248 2635 1332
1275 2576 1326 2642 sq.
1347 2559 1389 2619 32
1404 2574 1498 2643 sqq.,

179 2666 281 2749 atque
300 2659 437 2727 nonnisi
456 2683 488 2726 v.
513 2665 556 2727 28
577 2660 713 2727 brevius
733 2658 870 2727 tandem
889 2665 921 2726 et
943 2661 1098 2726 oratione
1112 2659 1282 2727 indirecta
1302 2660 1496 2750 suppletur.

177 2772 230 2834 Sc.
252 2767 334 2855 finis
358 2766 503 2833 oratoris
528 2767 562 2832 h.
585 2766 609 2834 l.
632 2788 701 2832 non
723 2771 772 2833 est
793 2766 1043 2848 demonstrare,
1069 2788 1173 2855 quam
1196 2788 1313 2832 ansam
1334 2765 1498 2856 querela·

171 2859 272 2951 rum,
295 2873 353 2938 sed
382 2873 556 2962 quodnam
583 2878 828 2959 argumentum
855 2873 979 2961 plenae
999 2871 1081 2938 fidei
1108 2872 1362 2961 exploratorum
1394 2872 1499 2939 verba

177 2978 338 3043 Hebraeis
361 2978 672 3066 suppeditaverint3
709 2979 753 3044 ob
787 2977 935 3045 eundem
971 2978 1075 3044 finem
1099 2977 1226 3045 adiecit
1253 2979 1287 3044 h.
1325 2979 1348 3044 l.
1382 2985 1501 3046 orator

179 3083 285 3161 rerba
320 3104 425 3170 peram
451 3083 617 3148 Dominus
642 3086 731 3149 Dens
755 3095 869 3149 noster
899 3081 1119 3150 deterreres!
1144 3085 1252 3169 nobis,
1284 3107 1372 3174 quae
1396 3089 1497 3153 Num.

182 3194 281 3254 1328
304 3187 554 3256 desiderantur.
577 3189 719 3255 Nuntius
740 3189 994 3278 exploratorum
1010 3189 1238 3258 confirmabat
1256 3191 1379 3257 labvae
1400 3191 1500 3258 toties

181 3295 361 3383 repetitam
386 3293 623 3377 assertionem,
650 3300 777 3361 terram
804 3296 1008 3384 promissam
1033 3317 1103 3363 esse
1122 3295 1365 3363 lertilissimam
1375 3315 1388 3374 3·
1416 3318 1498 3363 con-

181 3401 342 3469 firmabat
363 3400 454 3468 idem
475 3400 644 3468 indirecte
659 3423 778 3468 omnes
796 3401 919 3469 lahvae
940 3402 1181 3492 promissiones
1205 3403 1321 3470 auxilii
1338 3401 1500 3470 Hebraeis

180 3508 312 3577 ferendi
328 3508 364 3574 in
378 3531 417 3575 ea
429 3515 523 3576 terra
537 3507 746 3598 occupanda.

225 3615 432 3681 Describitur
455 3639 569 3704 porro,
596 3614 769 3705 quomodo
789 3614 932 3682 Hebraei
959 3638 979 3683 a
1003 3616 1070 3682 fide
1090 3616 1127 3683 in
1152 3616 1278 3684 labven
1297 3614 1495 3683 defecerint.

182 3742 212 3785 v.
236 3727 277 3785 26
303 3750 317 3780 «
342 3724 387 3785 Er
408 3721 570 3787 noluistis
592 3721 787 3802 ascendere,
808 3721 867 3788 sed
887 3720 1057 3788 inereduli
1079 3722 1128 3789 ad
1147 3745 1334 3789 sermonem
1357 3720 1500 3788 Domini

180 3826 242 3893 Dei
254 3827 363 3893 nostri
380 3855 456 3887 1-
477 3827 525 3893 ita
544 3828 647 3894 etiam
664 3831 754 3894 LXX
766 3830 867 3918 Sym
889 3828 1014 3918 reliqui
1029 3831 1141 3896 nestri.
1162 3834 1319 3896 Ceterum
1339 3828 1498 3894 ultimum

179 3933 325 4001 incisum
348 3936 394 4000 ita
424 3933 530 4000 habet
559 3955 565 4001 :
595 3935 764 4001 restitistis
796 3934 961 4002 innodato
987 3935 1089 4003 11111111
1114 3937 1177 4002 Dei
1200 3935 1304 4002 cestr-i
1327 3975 1371 3984 -
1394 3957 1425 3999 v.
1455 3940 1498 3998 27

183 4067 197 4099 11
218 4041 458 4106 marnnomsiis
480 4042 516 4106 in
541 4039 770 4108 tabernaculis
791 4042 907 4108 uestris
925 4071 940 4102 »
963 4082 1007 4091 -
1031 4073 1045 4103 1
1073 4043 1196 4132 Geiper
1223 4067 1257 4131 p.
1278 4048 1499 4130 2911111111)-

180 4146 332 4234 ponebat
352 4135 494 4210 mirus:
510 4154 622 4212 ortum
653 4146 785 4213 duxisse
813 4171 852 4212 cx
877 4149 1031 4215 consulto
1050 4155 1181 4215 mutato
1203 4137 1361 4220 annixa,
1379 4158 1499 4212 contra

183 4255 288 4317 Deum
313 4265 475 4338 cestram,
499 4253 646 4319 voluisse
671 4253 817 4319 scribam
844 4256 1058 4342 supprimere
1080 4257 1206 4323 iactum
1222 4254 1336 4321 lsraeli
1356 4253 1499 4344 probro-

182 4378 270 4424 sum.
293 4360 443 4424 Gratuita
465 4359 667 4448 suppositio
693 4363 733 4426 In
752 4361 981 4426 tabernaculis
1005 4361 1125 4426 restris
1148 4362 1237 4428 idem
1261 4368 1376 4439 sonat,
1394 4365 1498 4446 atquo

182 4467 271 4530 inter
296 4486 371 4545 vos,
394 4465 565 4554 simulque
588 4466 702 4555 prodit
725 4466 873 4532 noluisse
903 4467 1070 4556 populum
1095 4468 1245 4534 collectis
1269 4465 1498 4534 tabernaculis

180 4571 295 4637 itineri
324 4594 358 4637 se
384 4570 466 4637 dare
494 4572 536 4637 ad
563 4571 837 4639 Clranaanitiden
866 4571 1096 4659 subigendam
1126 4604 1141 4635 »
1168 4576 1255 4662 (Dr.)
1285 4602 1365 4635 -11
1395 4584 1499 4661 atque

182 4678 345 4744 dicistis:
367 4678 449 4745 Odit
468 4701 529 4744 nos
545 4678 725 4758 Dominus,
742 4691 774 4743 e!
792 4676 917 4743 ideirco
939 4678 1058 4745 adurit
1081 4702 1141 4745 nos
1165 4681 1205 4746 111
1227 4694 1317 4746 terra
1335 4678 1495 4768 aeqypto,
