3366 5346
176 308 235 367 358
633 317 857 363 consacraneus
879 317 1037 362 siiturus.

175 454 238 546 qni
259 476 297 519 co
324 465 474 542 tenepore
500 480 534 535 v,
564 472 622 517 seu
646 450 759 518 verius
778 449 839 533 ibi,
860 480 876 511 «
901 451 1076 517 ministrat
1095 451 1241 518 Deretino
1265 456 1330 519 Dee
1357 466 1430 540 teo,
1458 468 1494 521 et

176 559 330 650 [decreto]
351 557 488 638 italicis,
513 556 680 624 ntorietnr
700 556 801 623 bomo
823 556 881 624 ille
905 570 937 624 et
958 559 1093 646 cesseras
1117 558 1250 625 vitalum
1274 558 1316 625 de
1332 560 1447 627 Israel
1461 590 1492 630 ».

176 668 286 735 Mortis
312 688 420 752 genus
441 687 513 731 non
537 663 753 730 describitur.
782 667 885 732 Hele.
915 667 1001 731 LXX
1027 663 1150 732 Chald.
1178 665 1258 754 Syr.
1289 678 1352 732 utet
1368 666 1494 752 indici,

176 779 295 841 contra
309 772 405 838 Sem.
425 769 525 860 anq.
543 783 576 836 et
591 769 709 836 indici.
725 771 758 837 si
773 771 870 860 prior
882 771 982 838 lectio
997 777 1083 839 esset
1098 776 1204 851 certa,
1222 771 1339 839 liceret
1352 774 1497 841 tortasse

176 880 314 959 inferre,
335 876 539 944 sententiam
557 899 663 967 prope
676 877 908 945 sanctuarium
927 877 1174 968 exquirendam
1190 878 1293 945 luisse
1314 902 1385 946 non
1400 903 1422 947 a
1436 904 1494 948 sa-

176 985 313 1052 cerdote
331 989 364 1050 et
385 983 512 1064 iudice,
528 983 588 1051 sed
608 982 851 1079 abalterutro.
869 1007 900 1052 v.
921 991 961 1051 13
978 1011 993 1045 n
1019 985 1242 1074 cunctusque
1258 986 1414 1075 populns
1433 1010 1499 1054 an·

176 1091 272 1159 diens
294 1089 439 1175 timebit,
464 1101 502 1156 nt
519 1088 637 1156 nullas
659 1087 817 1180 deinceps
837 1090 1040 1158 intumescat
1056 1091 1215 1181 superbie
1247 1119 1277 1177 »,
1306 1092 1499 1161 insolenter

178 1206 270 1285 agat.

538 1427 570 1487 9.
588 1422 658 1486 Lex
673 1418 715 1485 de
733 1422 928 1507 sepelient.
949 1425 1124 1501 tart-20.

223 1635 304 1722 Arq.
323 1632 519 1710 -Quando
534 1630 708 1699 lsraalitac
723 1648 871 1719 regnum
885 1631 1048 1713 condent,
1064 1653 1185 1718 regem
1198 1631 1377 1700 instituant
1389 1638 1500 1701 lsrae-

179 1740 275 1806 litam
300 1737 413 1821 illum,
441 1759 542 1828 quem
563 1739 663 1806 lahve
686 1737 928 1824 designaverit,
955 1737 1010 1804 cui
1031 1738 1068 1804 in
1090 1760 1200 1824 regno
1218 1739 1498 1809 succedanttilii.

177 1845 240 1924 Qui
254 1844 440 1912 abstinebit
458 1866 479 1911 a
501 1843 777 1935 multiplicandis
798 1844 904 1933 equis,
928 1843 1102 1926 uxoribus,
1122 1843 1248 1911 divitiis
1263 1849 1297 1911 et
1319 1867 1340 1912 a
1366 1846 1500 1936 populo

179 1952 215 2018 in
236 1956 430 2040 Aegyptum
450 1951 660 2018 reducendo.
688 1950 787 2017 luitio
807 1951 907 2038 regni
929 1950 1128 2017 solemniter
1154 1950 1277 2017 lahvae
1293 1951 1499 2040 obsequium

179 2057 410 2148 profitebitur,
428 2061 622 2125 constanter
635 2058 708 2126 eius
722 2057 836 2144 legem
852 2056 1077 2124 meditabitur
1091 2057 1191 2147 eique
1207 2056 1357 2124 fideliter
1371 2059 1500 2127 adhae-

178 2163 282 2231 rebit.
703 2160 705 2164 ’

226 2270 346 2335 Recole
367 2274 487 2336 losuen
509 2271 585 2358 (los.
614 2276 706 2352 11,u.
733 2269 766 2356 9)
789 2274 823 2336 et
841 2269 1004 2335 Davidem
1024 2268 1059 2358 (2
1084 2273 1165 2356 Reg.
1185 2269 1257 2358 8,t)
1274 2269 1500 2339 subnervasse

180 2396 283 2465 equos
297 2375 527 2442 inimicorum.
549 2380 673 2443 Tamen
691 2375 799 2443 David
819 2375 843 2443 l.
867 2397 896 2441 c.
914 2373 979 2441 sibi
999 2380 1138 2442 centum
1153 2397 1276 2442 currus
1295 2377 1498 2444 reservavit.

181 2485 305 2549 Currus
326 2487 360 2546 et
383 2482 572 2570 equitatum
595 2481 690 2573 apud
709 2482 879 2549 Hebraeos
900 2481 1067 2549 invexisse
1088 2481 1256 2550 dicendus
1273 2487 1323 2549 est
1344 2483 1497 2564 Sammo,

181 2588 240 2678 qui
260 2588 357 2667 haec,
384 2589 434 2653 uti
458 2589 563 2654 etium
584 2610 707 2656 uxores
730 2594 764 2656 et
783 2587 931 2671 divitias,
953 2587 1142 2676 plurimum
1162 2590 1269 2654 auxit.
1292 2593 1405 2677 Equos
1426 2591 1499 2680 ipse

180 2692 404 2784 comparabat
421 2715 461 2760 ex
480 2699 648 2784 Aegypto,
664 2694 725 2761 sed
738 2694 822 2761 item
838 2717 877 2761 ex
896 2694 1065 2761 universis
1080 2695 1197 2782 regnis
1218 2695 1449 2762 Hethaeorum
1466 2701 1502 2763 et

180 2805 344 2889 Syrorum
360 2801 393 2889 (3
408 2804 492 2887 Reg.
512 2806 612 2882 1038
632 2824 705 2890 sq.;
722 2806 832 2868 2Par.
852 2801 957 2890 md).
976 2806 1072 2868 Certe
1087 2800 1170 2868 inde
1185 2823 1206 2867 a
1221 2806 1330 2889 lloysa
1342 2808 1376 2868 et
1400 2806 1501 2869 losue

182 2906 324 2974 Hebraei
346 2906 593 2973 dimicaverant
614 2906 764 2996 pedites;
787 2929 890 2996 saepe
913 2912 1028 2973 nmen
1051 2906 1129 2996 (Ios.
1157 2906 1370 2990 1t,1u;1ud.
1397 2914 1501 2990 1‚1u;

183 3018 256 3095 t‚3;
281 3019 296 3077 1
323 3015 405 3097 Reg.
430 3019 507 3092 13,5
537 3016 605 3102 sq.)
635 3012 767 3101 experti
791 3019 902 3094 erant,
923 3036 1026 3103 quam
1052 3013 1172 3103 iniquo
1195 3013 1271 3081 loco
1294 3012 1505 3082 dimicarent

183 3138 261 3185 cum
287 3117 441 3183 hostibus
462 3139 583 3184 currus
610 3126 643 3185 et
667 3118 798 3208 equites
827 3118 1046 3186 habentibus.
1075 3125 1178 3187 Erant
1204 3142 1288 3206 ergo
1307 3120 1503 3187 necessario

183 3222 275 3314 apud
289 3223 457 3290 llcbracos
467 3245 550 3290 aevo
564 3223 718 3291 iudicum
732 3226 820 3292 divae
836 3224 902 3291 hac
913 3228 950 3291 in
966 3248 1001 3292 re
1016 3226 1208 3316 opiniones.
1230 3224 1297 3293 Alii
1312 3225 1504 3293 censebant

183 3330 344 3398 standum
364 3352 434 3397 esse
463 3330 614 3420 paternis
641 3331 806 3413 moribus,
836 3354 943 3421 equos
968 3338 1001 3398 et
1025 3354 1146 3399 currus
1172 3331 1404 3399 diminutores
1430 3355 1504 3400 esse

184 3437 372 3525 genuinam
391 3437 426 3503 in
447 3439 573 3505 lahven
592 3437 752 3506 fiduciam
775 3440 845 3528 (Ex.
874 3445 970 3520 15‚1;
991 3444 1086 3506 [teut.
1107 3445 1203 3521 11,t;
1228 3445 1279 3507 tls,
1304 3445 1400 3521 19‚8;
1421 3445 1501 3525 rto,

186 3543 259 3633 ¹⁰l3
274 3544 333 3610 alii
346 3544 519 3630 urgebant
532 3546 687 3612 humana
706 3545 821 3612 media
838 3544 882 3611 ad
897 3545 1040 3613 salutem
1056 3567 1125 3612 nou
1142 3566 1212 3613 esse
1227 3544 1453 3632 negligenda.

231 3649 360 3737 Duplex
382 3651 490 3736 igitur
511 3674 547 3717 sc
571 3653 670 3718 ollert
691 3651 822 3741 opinio,
840 3673 908 3741 quo
936 3661 1091 3742 tempore
1111 3653 1198 3719 hacc
1218 3658 1335 3718 nostra
1349 3652 1403 3718 lex
1420 3656 1505 3719 nata

186 3757 243 3822 sit.
266 3755 357 3822 Sicut
379 3762 478 3836 1t‚10
499 3763 561 3824 etc.
584 3765 704 3825 auctor
722 3764 831 3846 Moyse
851 3758 1018 3846 posterior
1039 3759 1193 3848 loquitur
1211 3759 1350 3825 nomine
1366 3759 1503 3846 hloysiS,

185 3860 234 3928 ita
253 3862 288 3927 h.
309 3860 333 3928 l.
351 3884 386 3928 se
403 3863 511 3948 fingat
530 3863 743 3931 institutione
765 3864 867 3950 regni
889 3865 1050 3954 priorem,
1073 3887 1151 3931 cum
1171 3871 1288 3931 tumen
1309 3863 1352 3931 sit
1371 3886 1508 3954 aequa-

186 3970 227 4035 lis
243 3969 435 4035 Salomonis
454 3969 508 4035 vel
532 3992 572 4035 co
593 3972 759 4059 posterior
779 3971 1093 4060 reprehendatque,
1118 3992 1220 4059 quem
1236 3973 1281 4038 ob
1302 3970 1421 4037 oculos
1442 3971 1507 4038 ha-

186 4075 278 4153 beat,
302 4075 427 4141 fastum
451 4097 574 4161 regum
599 4075 692 4143 luda.
720 4078 780 4142 Vel
804 4077 925 4143 vixerit
949 4083 1069 4144 auctor
1091 4100 1209 4143 revera
1232 4084 1311 4143 ante
1331 4077 1434 4163 regni
1448 4077 1509 4144 in-

188 4181 411 4248 stitutionem.
447 4187 539 4248 Hanc
574 4182 718 4248 alteram
755 4183 954 4271 opinionem
984 4183 1212 4251 defendimus.
1249 4184 1357 4249 Verba
1394 4207 1427 4250 v.
1465 4191 1509 4253 1t

188 4285 355 4352 sumimus
367 4287 468 4352 obvio
491 4310 593 4355 sensu
609 4294 788 4379 tamquam
802 4294 897 4357 trans
913 4291 1105 4371 Iordanem,
1124 4267 1207 4376 ergo
1227 4291 1271 4356 ab
1294 4290 1367 4378 ipso
1383 4293 1510 4380 Moyse

68 4378 95 4409 ‘⁵
187 4390 332 4480 prolata.
350 4398 465 4482 Neque
486 4417 549 4462 nos
572 4400 685 4463 movet
701 4397 864 4482 analogia
890 4403 967 4479 128
988 4419 1078 4487 sqq.,
1102 4397 1161 4463 ubi
1185 4402 1303 4462 errator
1321 4402 1433 4483 lloyse
1452 4420 1511 4466 re-

189 4499 319 4566 centior
342 4499 495 4588 loquitur
521 4503 557 4567 in
579 4524 727 4591 persona
752 4505 883 4591 lloysis,
907 4526 985 4570 cum
1012 4509 1107 4570 licut.
1136 4510 1237 4568 tt-to
1261 4525 1331 4568 non
1357 4505 1401 4569 sit
1438 4527 1512 4573 una

189 4606 341 4672 narratio
354 4629 423 4673 rino
443 4608 576 4675 calamo
592 4611 753 4676 continuo
767 4609 950 4699 descripta,
973 4610 1030 4676 sed
1047 4609 1091 4675 sit
1105 4610 1353 4703 collectaneum
1366 4610 1510 4697 legum,

189 4736 336 4804 cumque
353 4714 451 4782 nulla
476 4738 614 4805 prorsus
632 4716 676 4783 sit
696 4716 783 4783 ratio
807 4716 894 4803 legis
918 4722 1052 4783 nostrae
1080 4715 1193 4783 cidem
1211 4715 1424 4785 tribuendae
1444 4742 1513 4785 no·
