3366 5346
186 267 244 325 336
517 318 524 332 ,
638 276 869 320 corrrcraseun
891 276 1046 320 sannaus

186 425 300 483 tarum
331 434 518 500 vagorum,
551 412 736 497 egentium.
784 411 898 476 Levita
936 411 1076 492 thebae,
1114 412 1265 501 primum
1306 411 1343 477 in
1388 417 1505 479 monte

188 523 348 612 Ephraim
363 517 614 609 superstitionis
630 518 795 596 minister,
819 517 960 583 tandem
979 540 1038 583 sua
1059 540 1155 584 sacra
1175 518 1350 584 transtulit
1370 519 1408 583 in
1434 523 1505 584 Dan

189 630 273 710 Lais,
300 631 336 693 in
358 633 524 693 extremos
556 632 667 690 terrae
692 633 830 690 sanctae
857 624 952 689 fines.
978 624 1053 690 Fuit
1077 631 1192 691 autem
1223 624 1302 704 ille,
1335 624 1505 691 horribile

187 736 297 818 dictu,
328 734 494 799 lonathan
525 730 632 819 ipsius
664 731 781 816 Moysis
812 752 918 820 nepos
944 730 1031 818 (lud.
1061 730 1187 819 18,30).
1216 735 1311 798 [lent.
1341 737 1504 810 raram

188 863 253 931 sq.;
283 846 393 920 llffl.
429 846 470 904 29
499 843 708 922 suggerunt,
734 836 863 902 Levites
888 837 964 902 illos
992 859 1114 923 vagos,
1146 859 1314 926 pauperes
1348 844 1504 926 repertos

186 970 256 1014 esse
279 946 404 1035 passim
436 967 498 1034 per
524 944 643 1024 urbes,
668 965 737 1009 non
762 943 798 1009 in
822 941 902 1009 selis
928 949 968 1010 18
997 944 1139 1009 urbibus
1170 943 1325 1010 leviticis
1352 950 1501 1011 Putasne

186 1053 354 1119 llebraeos
381 1050 509 1137 insigni
536 1049 726 1116 reverentia
751 1055 990 1138 prosecuturos
1014 1051 1114 1116 luisse
1141 1051 1272 1116 levitas
1300 1050 1377 1115 illos
1407 1074 1502 1117 men-

186 1160 296 1239 111666,
323 1158 506 1248 epulorum
536 1156 753 1223 invitationes
778 1162 972 1245 captantes,
1004 1155 1073 1222 ime
1103 1155 1159 1222 vel
1189 1155 1280 1244 ipsos
1304 1155 1503 1224 sacerdotes

186 1265 386 1332 eorumdem
413 1271 574 1351 cognatos
600 1264 767 1349 sanguine
790 1268 893 1350 atque
916 1262 1104 1329 identidem
1129 1263 1232 1328 etiam
1258 1263 1434 1341 moribus?
1455 1269 1503 1330 Ex

187 1374 279 1439 hisee
296 1371 485 1439 rationibus
499 1370 627 1436 lactum
643 1376 710 1448 est,
731 1376 778 1450 ut,
796 1369 876 1434 solis
891 1370 1064 1436 fructuum
1085 1377 1195 1434 terrae
1211 1369 1354 1435 decimis
1367 1369 1499 1450 solutis,

188 1478 420 1567 primogenita
439 1475 602 1543 animalia
621 1475 889 1541 subintraverint
908 1477 943 1541 in
967 1476 1079 1541 locum
1097 1474 1308 1542 decimarum
1330 1497 1498 1562 gregum

190 1590 226 1651 ut
244 1584 429 1673 primitiae,
452 1583 693 1670 primogenita,
711 1581 878 1663 decimae,
896 1587 975 1647 veta
997 1587 1029 1646 et
1052 1580 1196 1647 donaria
1216 1582 1285 1647 iam
1305 1603 1326 1648 a
1346 1587 1413 1647 toto
1432 1605 1500 1670 po-

188 1690 270 1779 pule
285 1689 554 1768 comederentur,
573 1689 643 1755 cius
657 1687 761 1753 veluti
777 1687 918 1776 propria
932 1687 1155 1769 haberentur,
1176 1687 1307 1754 Levitae
1318 1688 1361 1753 ad
1377 1710 1499 1753 eorum

188 1795 465 1863 communionem
488 1817 526 1859 cx
548 1792 754 1859 liberalitate
774 1793 1051 1875 admitterentur,
1070 1817 1140 1860 non
1158 1794 1245 1862 iure.
1264 1798 1418 1873 Quaeres,
1434 1817 1499 1858 cur

187 1901 239 1969 his
264 1924 333 1967 non
354 1901 549 1967 obstiterint
570 1901 771 1988 prophetae.
800 1904 903 1966 Erant
932 1900 968 1965 hi
993 1901 1139 1967 tortasse
1169 1898 1271 1967 etiam
1295 1921 1438 1966 numero
1465 1905 1500 1966 ct

184 2008 386 2075 auctoritate
408 2006 588 2096 pauciores
606 2012 637 2093 (1
666 2010 749 2092 Reg.
773 2006 856 2091 3‚1).
882 2009 1064 2073 Praeterea
1084 2006 1223 2073 unicum
1248 2006 1419 2073 malorum
1433 2028 1499 2072 no·

184 2121 261 2181 rant
286 2099 404 2180 e'fficax
422 2112 631 2194 remedium,
647 2117 685 2177 ut
708 2135 767 2178 rex
787 2112 1051 2179 constitueretur
1067 2113 1102 2177 in
1127 2113 1241 2194 lsrael,
1265 2111 1325 2202 qui
1344 2112 1444 2178 firma
1464 2119 1499 2178 61

184 2220 352 2286 constanti
376 2219 576 2285 auctoritate
599 2224 736 2284 cunctos
761 2218 917 2303 adigeret
936 2219 978 2284 ad
999 2218 1114 2285 efficia
1135 2219 1222 2305 legis
1242 2217 1422 2308 explenda.
1446 2219 1497 2284 Ab

184 2326 249 2391 hoc
272 2347 340 2392 uno
368 2324 520 2390 remedio
542 2323 687 2389 salutem
707 2323 986 2413 auspicabantur,
1013 2325 1078 2391 hoc
1102 2347 1209 2392 unum
1235 2348 1255 2392 6
1282 2327 1385 2391 lahve
1410 2325 1498 2390 votis

183 2431 413 2520 expetebant:
433 2429 496 2495 nbi
515 2431 581 2496 hec
596 2451 704 2496 unum
725 2430 787 2496 sub
811 2430 936 2497 havide
951 2431 1143 2498 remedium
1157 2431 1248 2498 nacti
1263 2437 1353 2514 sunt,
1374 2453 1497 2498 manus

182 2537 341 2603 alacriter
357 2536 553 2625 applicuere
567 2535 787 2602 restituendis
799 2538 933 2603 statutis
947 2537 1116 2604 mosaicis.

226 2648 391 2710 Censuere
417 2642 543 2731 aliqui,
575 2641 743 2708 decimam
775 2642 939 2732 primitus
970 2643 1104 2711 absumi
1133 2644 1348 2711 consuevisse
1384 2644 1497 2733 epulis

181 2749 300 2829 sacrm,
319 2757 436 2839 postea
458 2755 665 2815 reservatam
692 2771 763 2815 csse
780 2750 943 2816 ministris
962 2749 1076 2832 sooria,
1090 2772 1174 2836 ergo
1192 2750 1306 2839 legem
1321 2756 1416 2817 Deul.
1440 2757 1492 2831 11,

182 2862 285 2921 rra-29
300 2855 532 2945 eretiqeiorcm
552 2877 623 2921 esse
644 2854 722 2938 lege
741 2859 839 2921 Num.
864 2862 916 2922 18.
936 2860 1040 2932 Quam
1062 2857 1323 2945 explicationem
1338 2860 1396 2922 Dr.
1416 2879 1495 2944 pro-

181 2961 317 3027 nuntiat
347 2984 416 3026 esse
440 2960 627 3026 faciliorem
655 2959 801 3049 ideoque
830 2961 1000 3028 veriorem
1028 2985 1035 3030 :
1069 2963 1169 3029 166116
1196 2965 1323 3052 quippe
1346 2961 1492 3029 ministri

180 3067 279 3146 sacri,
298 3088 385 3155 quae
406 3067 560 3132 omnium
586 3067 738 3154 primum
759 3068 835 3133 usui
854 3068 1029 3157 patebant,
1060 3069 1124 3135 sibi
1151 3075 1339 3136 reservant.
1368 3073 1492 3135 Verum

179 3171 289 3238 altera
304 3170 498 3261 explanatio
521 3171 631 3236 nihilo
650 3177 699 3237 est
720 3171 893 3240 difficilior
911 3195 918 3241 ε
936 3180 1066 3241 6666161
1084 3174 1210 3265 quippe
1223 3176 1412 3242 innumeris
1426 3175 1492 3241 im-

179 3277 299 3366 primis
318 3277 481 3344 historiae
497 3276 741 3344 eeclcsiasticae
762 3279 875 3360 laetis,
893 3302 962 3370 quo
976 3286 1129 3371 tempore
1148 3282 1274 3368 religio
1291 3283 1493 3369 languescat

177 3390 210 3450 et
220 3384 330 3451 clerus
340 3383 449 3450 iaceat
463 3390 664 3474 prostratus,
680 3385 780 3452 166116
792 3385 898 3452 161666
908 3387 993 3454 cleri
1008 3387 1190 3477 privilegia
1205 3410 1382 3478 usurpare.
1400 3392 1490 3473 Ergo

176 3513 244 3558 non
266 3496 314 3557 est
335 3491 423 3557 ratio
448 3491 535 3577 legis
554 3497 650 3558 Dent.
679 3499 718 3558 11
739 3490 965 3560 declarandae
986 3494 1187 3583 antiquioris
1206 3496 1283 3582 lege
1310 3499 1408 3561 Num.
1434 3500 1489 3559 18.

176 3599 208 3663 Si
237 3602 348 3662 tamen
374 3597 451 3686 quis
472 3598 651 3679 defendat,
681 3584 956 3687 patriarcharum
982 3622 1066 3666 aevo
1093 3600 1243 3668 decimas
1271 3607 1335 3669 etc.
1358 3600 1492 3667 absumi

174 3701 385 3768 consuevisse
408 3704 519 3791 epulis
537 3703 661 3785 sacris,
684 3712 801 3793 postea
823 3710 957 3793 llloyseu
981 3707 1128 3774 sanxisse
1148 3707 1270 3775 eadem
1283 3707 1492 3774 reservanda

176 3830 246 3875 esse
268 3807 432 3874 ministris
456 3808 572 3890 scoria,
601 3810 740 3877 tandem
764 3813 1067 3900 perturbatissimis
1092 3813 1245 3881 iudicum
1276 3813 1491 3903 temporibus

175 3915 342 4004 populum
363 3914 536 4005 relapsum
557 3937 628 3981 esse
649 3916 686 3981 in
708 3918 984 4004 patriarcharum
1007 3921 1311 4004 consuetudinem,
1329 3920 1490 4010 equidem

176 4043 247 4086 non
259 4020 399 4086 infitior.
419 4026 467 4087 116
482 4044 554 4086 enos·
568 4025 662 4089 Deut.
687 4027 726 4088 11
745 4025 810 4090 erit
825 4025 963 4112 quidem
979 4025 1155 4116 antiquior
1178 4048 1289 4109 more,
1307 4027 1366 4115 qui
1388 4031 1487 4092 Num.

180 4127 421 4208 18statuitur;
446 4126 505 4193 sed
531 4127 705 4193 16611661.
739 4135 779 4196 11
804 4136 870 4197 erit
893 4133 1061 4199 recentior
1091 4133 1166 4220 lege
1191 4138 1289 4200 Num.
1323 4138 1376 4199 18.
1400 4136 1490 4209 Quae

178 4229 305 4319 opinio,
323 4232 492 4299 llebraeos
513 4233 551 4298 in
570 4256 605 4299 re
629 4232 841 4302 decimarum
864 4244 943 4319 616,
969 4239 1020 4305 uti
1035 4239 1137 4306 etiam
1153 4239 1316 4306 altarium
1335 4238 1489 4328 privato·

176 4357 266 4416 rum,
293 4336 443 4425 relapsos
467 4361 536 4405 esse
563 4339 598 4404 in
626 4340 744 4428 praxin
777 4342 1071 4432 patriarcharum,
1097 4346 1233 4413 facilius
1258 4345 1403 4435 explicat
1428 4367 1490 4411 eur

179 4441 261 4509 baec
278 4442 408 4524 omnia,
425 4450 458 4510 et
473 4445 642 4535 imprimis
653 4446 780 4514 'altaria
795 4452 939 4539 privata,
965 4451 1008 4518 ad
1027 4460 1161 4543 tempus
1183 4458 1273 4520 certe
1294 4451 1439 4519 tolerare
1456 4457 1491 4517 et

175 4549 323 4639 probare
348 4550 525 4641 potuerint
548 4560 703 4620 auctores
726 4555 883 4644 inspirati
906 4564 938 4624 et
968 4561 1170 4647 prophetae.
1197 4563 1249 4627 Sc.
1274 4557 1489 4648 temporibus

161 4657 498 4746 perturbatissimis,
521 4659 646 4748 quihus
672 4661 892 4750 impossibilis
915 4671 1000 4732 esset
1020 4667 1172 4733 omnium
1190 4666 1307 4753 legum
1321 4665 1490 4732 mosaice-
