<?xml version="1.0" encoding="UTF-8"?>
<!DOCTYPE html PUBLIC "-//W3C//DTD XHTML 1.0 Transitional//EN"
    "http://www.w3.org/TR/xhtml1/DTD/xhtml1-transitional.dtd">
<html xmlns="http://www.w3.org/1999/xhtml" xml:lang="en" lang="en">
 <head>
  <title>
</title>
<meta http-equiv="Content-Type" content="text/html;charset=utf-8" />
  <meta name='ocr-system' content='tesseract 3.04.00' />
  <meta name='ocr-capabilities' content='ocr_page ocr_carea ocr_par ocr_line ocrx_word'/>
</head>
<body>
  <div class='ocr_page' id='page_1' title='image "./commentariusind00hummgoog/commentariusind00hummgoog_0286.png"; bbox 0 0 3366 5346; ppageno 0'>
   <div class='ocr_carea' id='block_1_1' title="bbox 704 293 1495 363">
    <p class='ocr_par' dir='ltr' id='par_1_1' title="bbox 704 293 1495 363">
     <span class='ocr_line' id='line_1_1' title="bbox 704 293 1495 363; baseline 0.005 -11"><span class='ocrx_word' id='word_1_1' title='bbox 704 309 794 352; x_wconf 74' lang='lat' dir='ltr'>auur.</span> <span class='ocrx_word' id='word_1_2' title='bbox 819 293 889 363; x_wconf 87' lang='grc'><strong>10,3</strong></span> <span class='ocrx_word' id='word_1_3' title='bbox 912 310 973 363; x_wconf 82' lang='lat' dir='ltr'>soe.</span> <span class='ocrx_word' id='word_1_4' title='bbox 1438 298 1495 356; x_wconf 72' lang='grc'>365</span> 
     </span>
    </p>
   </div>
   <div class='ocr_carea' id='block_1_2' title="bbox 180 442 1499 1495">
    <p class='ocr_par' dir='ltr' id='par_1_2' title="bbox 180 442 1499 1495">
     <span class='ocr_line' id='line_1_2' title="bbox 182 442 1495 535; baseline 0.002 -25"><span class='ocrx_word' id='word_1_5' title='bbox 182 445 317 511; x_wconf 86' lang='lat' dir='ltr'>tabulas</span> <span class='ocrx_word' id='word_1_6' title='bbox 331 445 462 511; x_wconf 84' lang='lat' dir='ltr'>suturas</span> <span class='ocrx_word' id='word_1_7' title='bbox 481 442 625 509; x_wconf 83' lang='lat' dir='ltr'>foederis</span> <span class='ocrx_word' id='word_1_8' title='bbox 638 442 893 522; x_wconf 75' lang='lat' dir='ltr'><strong>documentum,</strong></span> <span class='ocrx_word' id='word_1_9' title='bbox 909 443 1060 532; x_wconf 92' lang='lat' dir='ltr'>providit</span> <span class='ocrx_word' id='word_1_10' title='bbox 1077 467 1205 527; x_wconf 89' lang='lat' dir='ltr'>arcam,</span> <span class='ocrx_word' id='word_1_11' title='bbox 1223 446 1258 511; x_wconf 95' lang='lat' dir='ltr'>in</span> <span class='ocrx_word' id='word_1_12' title='bbox 1274 469 1341 535; x_wconf 90' lang='lat' dir='ltr'>qua</span> <span class='ocrx_word' id='word_1_13' title='bbox 1356 446 1495 514; x_wconf 90' lang='lat' dir='ltr'>tabulae</span> 
     </span>
     <span class='ocr_line' id='line_1_3' title="bbox 181 549 1497 639; baseline 0.003 -23"><span class='ocrx_word' id='word_1_14' title='bbox 181 551 411 617; x_wconf 71' lang='lat' dir='ltr'>conderentur</span> <span class='ocrx_word' id='word_1_15' title='bbox 439 556 472 616; x_wconf 91' lang='lat' dir='ltr'>et</span> <span class='ocrx_word' id='word_1_16' title='bbox 500 572 605 639; x_wconf 89' lang='lat' dir='ltr'>supra</span> <span class='ocrx_word' id='word_1_17' title='bbox 628 571 732 638; x_wconf 90' lang='lat' dir='ltr'>quam</span> <span class='ocrx_word' id='word_1_18' title='bbox 757 549 828 638; x_wconf 91' lang='lat' dir='ltr'>ipse</span> <span class='ocrx_word' id='word_1_19' title='bbox 854 549 1039 633; x_wconf 81' lang='lat' dir='ltr'><strong>habitaret,</strong></span> <span class='ocrx_word' id='word_1_20' title='bbox 1058 552 1192 618; x_wconf 87' lang='lat' dir='ltr'>tabulas</span> <span class='ocrx_word' id='word_1_21' title='bbox 1213 558 1247 618; x_wconf 91' lang='lat' dir='ltr'>et</span> <span class='ocrx_word' id='word_1_22' title='bbox 1266 575 1381 619; x_wconf 91' lang='lat' dir='ltr'>arcam</span> <span class='ocrx_word' id='word_1_23' title='bbox 1406 576 1497 620; x_wconf 90' lang='lat' dir='ltr'>com-</span> 
     </span>
     <span class='ocr_line' id='line_1_4' title="bbox 182 656 1499 746; baseline 0.003 -24"><span class='ocrx_word' id='word_1_24' title='bbox 182 657 273 723; x_wconf 85' lang='lat' dir='ltr'><strong>misit</strong></span> <span class='ocrx_word' id='word_1_25' title='bbox 290 679 390 724; x_wconf 89' lang='lat' dir='ltr'>ourae</span> <span class='ocrx_word' id='word_1_26' title='bbox 410 657 616 739; x_wconf 84' lang='lat' dir='ltr'>Levitarum,</span> <span class='ocrx_word' id='word_1_27' title='bbox 633 678 779 745; x_wconf 92' lang='lat' dir='ltr'>quorum</span> <span class='ocrx_word' id='word_1_28' title='bbox 800 656 872 745; x_wconf 89' lang='lat' dir='ltr'>ipse</span> <span class='ocrx_word' id='word_1_29' title='bbox 894 679 1057 746; x_wconf 90' lang='lat' dir='ltr'>praesens</span> <span class='ocrx_word' id='word_1_30' title='bbox 1078 660 1213 725; x_wconf 85' lang='lat' dir='ltr'>iuturus</span> <span class='ocrx_word' id='word_1_31' title='bbox 1234 665 1322 727; x_wconf 90' lang='lat' dir='ltr'>esset</span> <span class='ocrx_word' id='word_1_32' title='bbox 1344 660 1499 726; x_wconf 87' lang='lat' dir='ltr'>haeredi-</span> 
     </span>
     <span class='ocr_line' id='line_1_5' title="bbox 181 762 1499 854; baseline 0.002 -25"><span class='ocrx_word' id='word_1_33' title='bbox 181 770 241 829; x_wconf 90' lang='lat' dir='ltr'>tas.</span> <span class='ocrx_word' id='word_1_34' title='bbox 262 787 292 828; x_wconf 88' lang='lat' dir='ltr'>v.</span> <span class='ocrx_word' id='word_1_35' title='bbox 317 770 335 829; x_wconf 89' lang='lat'><strong>3</strong></span> <span class='ocrx_word' id='word_1_36' title='bbox 360 791 374 819; x_wconf 79' lang='lat' dir='ltr'>u</span> <span class='ocrx_word' id='word_1_37' title='bbox 394 764 471 830; x_wconf 85' lang='lat' dir='ltr'>Feci</span> <span class='ocrx_word' id='word_1_38' title='bbox 492 763 601 853; x_wconf 79' lang='lat' dir='ltr'>iqitnr·</span> <span class='ocrx_word' id='word_1_39' title='bbox 620 785 737 830; x_wconf 84' lang='lat' dir='ltr'>arram</span> <span class='ocrx_word' id='word_1_40' title='bbox 756 762 797 830; x_wconf 86' lang='lat' dir='ltr'>de</span> <span class='ocrx_word' id='word_1_41' title='bbox 816 763 919 853; x_wconf 76' lang='lat' dir='ltr'>liquis</span> <span class='ocrx_word' id='word_1_42' title='bbox 935 764 1055 846; x_wconf 84' lang='lat' dir='ltr'>setim;</span> <span class='ocrx_word' id='word_1_43' title='bbox 1071 787 1215 854; x_wconf 75' lang='lat' dir='ltr'>carneque</span> <span class='ocrx_word' id='word_1_44' title='bbox 1232 765 1398 832; x_wconf 76' lang='lat' dir='ltr'>dolassem</span> <span class='ocrx_word' id='word_1_45' title='bbox 1414 767 1499 834; x_wconf 75' lang='lat' dir='ltr'>(letas</span> 
     </span>
     <span class='ocr_line' id='line_1_6' title="bbox 181 869 1498 960; baseline 0.004 -25"><span class='ocrx_word' id='word_1_46' title='bbox 181 869 314 936; x_wconf 83' lang='lat' dir='ltr'>tubulus</span> <span class='ocrx_word' id='word_1_47' title='bbox 337 869 492 960; x_wconf 84' lang='lat' dir='ltr'>lapideas</span> <span class='ocrx_word' id='word_1_48' title='bbox 521 871 631 936; x_wconf 85' lang='lat' dir='ltr'>instar</span> <span class='ocrx_word' id='word_1_49' title='bbox 647 869 818 959; x_wconf 79' lang='lat' dir='ltr'>priorum,</span> <span class='ocrx_word' id='word_1_50' title='bbox 841 869 981 937; x_wconf 82' lang='lat' dir='ltr'><em>ascendi</em></span> <span class='ocrx_word' id='word_1_51' title='bbox 1001 872 1039 937; x_wconf 83' lang='lat' dir='ltr'>in</span> <span class='ocrx_word' id='word_1_52' title='bbox 1059 885 1208 938; x_wconf 79' lang='lat' dir='ltr'>arautem</span> <span class='ocrx_word' id='word_1_53' title='bbox 1235 873 1363 939; x_wconf 77' lang='lat' dir='ltr'>debens</span> <span class='ocrx_word' id='word_1_54' title='bbox 1382 898 1438 941; x_wconf 86' lang='lat' dir='ltr'>ens</span> <span class='ocrx_word' id='word_1_55' title='bbox 1463 875 1498 940; x_wconf 83' lang='lat' dir='ltr'>in</span> 
     </span>
     <span class='ocr_line' id='line_1_7' title="bbox 180 976 1498 1070; baseline 0.004 -28"><span class='ocrx_word' id='word_1_56' title='bbox 180 976 336 1043; x_wconf 81' lang='lat' dir='ltr'>erunibus</span> <span class='ocrx_word' id='word_1_57' title='bbox 354 1005 384 1044; x_wconf 74' lang='lat' dir='ltr'>a,</span> <span class='ocrx_word' id='word_1_58' title='bbox 401 1001 433 1044; x_wconf 89' lang='lat' dir='ltr'>v.</span> <span class='ocrx_word' id='word_1_59' title='bbox 453 983 471 1043; x_wconf 75' lang='lat' dir='ltr'>tr</span> <span class='ocrx_word' id='word_1_60' title='bbox 490 1005 505 1037; x_wconf 75' lang='lat' dir='ltr'>a</span> <span class='ocrx_word' id='word_1_61' title='bbox 523 977 734 1066; x_wconf 82' lang='lat' dir='ltr'>Scripsitque</span> <span class='ocrx_word' id='word_1_62' title='bbox 751 977 787 1042; x_wconf 85' lang='lat' dir='ltr'>in</span> <span class='ocrx_word' id='word_1_63' title='bbox 809 977 935 1043; x_wconf 81' lang='lat' dir='ltr'>tubulis</span> <span class='ocrx_word' id='word_1_64' title='bbox 955 978 1056 1045; x_wconf 69' lang='lat' dir='ltr'>insto</span> <span class='ocrx_word' id='word_1_65' title='bbox 1075 978 1122 1062; x_wconf 83' lang='lat' dir='ltr'>id,</span> <span class='ocrx_word' id='word_1_66' title='bbox 1140 977 1237 1068; x_wconf 82' lang='lat' dir='ltr'>quod</span> <span class='ocrx_word' id='word_1_67' title='bbox 1248 980 1498 1070; x_wconf 80' lang='lat' dir='ltr'>priusscripse-</span> 
     </span>
     <span class='ocr_line' id='line_1_8' title="bbox 180 1083 1495 1173; baseline 0.002 -24"><span class='ocrx_word' id='word_1_68' title='bbox 180 1096 244 1166; x_wconf 80' lang='lat' dir='ltr'>rat,</span> <span class='ocrx_word' id='word_1_69' title='bbox 263 1086 364 1150; x_wconf 76' lang='lat' dir='ltr'>verda</span> <span class='ocrx_word' id='word_1_70' title='bbox 377 1083 503 1164; x_wconf 84' lang='lat' dir='ltr'>decem,</span> <span class='ocrx_word' id='word_1_71' title='bbox 520 1106 607 1173; x_wconf 85' lang='lat' dir='ltr'>quae</span> <span class='ocrx_word' id='word_1_72' title='bbox 624 1083 757 1150; x_wconf 63' lang='lat' dir='ltr'>locutios</span> <span class='ocrx_word' id='word_1_73' title='bbox 772 1097 821 1151; x_wconf 78' lang='lat' dir='ltr'>est</span> <span class='ocrx_word' id='word_1_74' title='bbox 835 1085 1002 1152; x_wconf 75' lang='lat' dir='ltr'>Dominus</span> <span class='ocrx_word' id='word_1_75' title='bbox 1013 1084 1061 1152; x_wconf 88' lang='lat' dir='ltr'>nd</span> <span class='ocrx_word' id='word_1_76' title='bbox 1074 1108 1130 1152; x_wconf 85' lang='lat' dir='ltr'>eos</span> <span class='ocrx_word' id='word_1_77' title='bbox 1146 1087 1183 1152; x_wconf 87' lang='lat' dir='ltr'>in</span> <span class='ocrx_word' id='word_1_78' title='bbox 1196 1098 1310 1152; x_wconf 76' lang='lat' dir='ltr'>orente</span> <span class='ocrx_word' id='word_1_79' title='bbox 1324 1086 1366 1153; x_wconf 83' lang='lat' dir='ltr'>de</span> <span class='ocrx_word' id='word_1_80' title='bbox 1384 1086 1495 1152; x_wconf 84' lang='lat' dir='ltr'>medio</span> 
     </span>
     <span class='ocr_line' id='line_1_9' title="bbox 180 1189 1497 1280; baseline 0.005 -26"><span class='ocrx_word' id='word_1_81' title='bbox 180 1189 285 1280; x_wconf 64' lang='lat' dir='ltr'>ienis,</span> <span class='ocrx_word' id='word_1_82' title='bbox 303 1190 441 1280; x_wconf 80' lang='lat' dir='ltr'>quarrdo</span> <span class='ocrx_word' id='word_1_83' title='bbox 451 1191 602 1280; x_wconf 79' lang='lat' dir='ltr'>pepnlus</span> <span class='ocrx_word' id='word_1_84' title='bbox 618 1203 844 1280; x_wconf 76' lang='lat' dir='ltr'>conpreqntrrs</span> <span class='ocrx_word' id='word_1_85' title='bbox 860 1203 920 1276; x_wconf 85' lang='lat' dir='ltr'>est,</span> <span class='ocrx_word' id='word_1_86' title='bbox 938 1205 971 1258; x_wconf 83' lang='lat' dir='ltr'>et</span> <span class='ocrx_word' id='word_1_87' title='bbox 989 1191 1085 1263; x_wconf 82' lang='lat' dir='ltr'><em>dedit</em></span> <span class='ocrx_word' id='word_1_88' title='bbox 1100 1215 1156 1259; x_wconf 85' lang='lat' dir='ltr'>eas</span> <span class='ocrx_word' id='word_1_89' title='bbox 1171 1193 1259 1260; x_wconf 78' lang='lat' dir='ltr'>milri</span> <span class='ocrx_word' id='word_1_90' title='bbox 1274 1223 1302 1259; x_wconf 83' lang='lat' dir='ltr'>u.</span> <span class='ocrx_word' id='word_1_91' title='bbox 1319 1217 1353 1260; x_wconf 85' lang='lat' dir='ltr'>v.</span> <span class='ocrx_word' id='word_1_92' title='bbox 1370 1200 1389 1260; x_wconf 83' lang='lat'>5</span> <span class='ocrx_word' id='word_1_93' title='bbox 1405 1221 1421 1254; x_wconf 92' lang='lat'>«</span> <span class='ocrx_word' id='word_1_94' title='bbox 1437 1197 1497 1260; x_wconf 84' lang='lat' dir='ltr'>He-</span> 
     </span>
     <span class='ocr_line' id='line_1_10' title="bbox 181 1296 1496 1388; baseline 0.005 -27"><span class='ocrx_word' id='word_1_95' title='bbox 181 1320 363 1387; x_wconf 82' lang='lat' dir='ltr'>rersusque</span> <span class='ocrx_word' id='word_1_96' title='bbox 384 1296 424 1363; x_wconf 86' lang='lat' dir='ltr'>de</span> <span class='ocrx_word' id='word_1_97' title='bbox 443 1310 558 1364; x_wconf 73' lang='lat' dir='ltr'>morule</span> <span class='ocrx_word' id='word_1_98' title='bbox 576 1296 737 1366; x_wconf 82' lang='lat' dir='ltr'>descendi</span> <span class='ocrx_word' id='word_1_99' title='bbox 756 1310 788 1364; x_wconf 87' lang='lat' dir='ltr'>et</span> <span class='ocrx_word' id='word_1_100' title='bbox 803 1299 907 1386; x_wconf 84' lang='lat' dir='ltr'>posui</span> <span class='ocrx_word' id='word_1_101' title='bbox 922 1299 1055 1365; x_wconf 81' lang='lat' dir='ltr'>tubulus</span> <span class='ocrx_word' id='word_1_102' title='bbox 1076 1302 1111 1365; x_wconf 83' lang='lat' dir='ltr'>in</span> <span class='ocrx_word' id='word_1_103' title='bbox 1134 1323 1262 1384; x_wconf 83' lang='lat' dir='ltr'>urcem,</span> <span class='ocrx_word' id='word_1_104' title='bbox 1286 1322 1390 1388; x_wconf 68' lang='lat' dir='ltr'>petum</span> <span class='ocrx_word' id='word_1_105' title='bbox 1403 1301 1496 1388; x_wconf 78' lang='lat' dir='ltr'>sece-</span> 
     </span>
     <span class='ocr_line' id='line_1_11' title="bbox 180 1403 1358 1495; baseline 0.003 -26"><span class='ocrx_word' id='word_1_106' title='bbox 180 1428 267 1488; x_wconf 85' lang='lat' dir='ltr'>rem,</span> <span class='ocrx_word' id='word_1_107' title='bbox 285 1427 373 1494; x_wconf 75' lang='lat' dir='ltr'>perne</span> <span class='ocrx_word' id='word_1_108' title='bbox 388 1403 561 1493; x_wconf 70' lang='lat' dir='ltr'>lectoresque</span> <span class='ocrx_word' id='word_1_109' title='bbox 576 1403 625 1469; x_wconf 82' lang='lat' dir='ltr'>ibi</span> <span class='ocrx_word' id='word_1_110' title='bbox 642 1417 730 1488; x_wconf 81' lang='lat' dir='ltr'>srrnt,</span> <span class='ocrx_word' id='word_1_111' title='bbox 748 1405 839 1471; x_wconf 77' lang='lat' dir='ltr'>sieut</span> <span class='ocrx_word' id='word_1_112' title='bbox 857 1404 945 1472; x_wconf 79' lang='lat' dir='ltr'>milri</span> <span class='ocrx_word' id='word_1_113' title='bbox 956 1406 1132 1495; x_wconf 80' lang='lat' dir='ltr'>praecepit</span> <span class='ocrx_word' id='word_1_114' title='bbox 1148 1407 1310 1472; x_wconf 78' lang='lat' dir='ltr'>Dominus</span> <span class='ocrx_word' id='word_1_115' title='bbox 1329 1435 1358 1472; x_wconf 77' lang='lat' dir='ltr'>a.</span> 
     </span>
    </p>
   </div>
   <div class='ocr_carea' id='block_1_3' title="bbox 579 1645 1102 1720">
    <p class='ocr_par' dir='ltr' id='par_1_3' title="bbox 579 1645 1102 1720">
     <span class='ocr_line' id='line_1_12' title="bbox 579 1645 1102 1720; baseline 0.004 -29"><span class='ocrx_word' id='word_1_116' title='bbox 579 1645 755 1705; x_wconf 80' lang='lat' dir='ltr'><strong>Fragmentum</strong></span> <span class='ocrx_word' id='word_1_117' title='bbox 771 1646 890 1720; x_wconf 79' lang='lat' dir='ltr'>itinerarii</span> <span class='ocrx_word' id='word_1_118' title='bbox 905 1647 979 1694; x_wconf 84' lang='lat' dir='ltr'>Dent.</span> <span class='ocrx_word' id='word_1_119' title='bbox 998 1649 1050 1708; x_wconf 84' lang='lat' dir='ltr'>10,o</span> <span class='ocrx_word' id='word_1_120' title='bbox 1067 1662 1102 1707; x_wconf 82' lang='lat' dir='ltr'>aq.</span> 
     </span>
    </p>
   </div>
   <div class='ocr_carea' id='block_1_4' title="bbox 179 1829 1524 3197">
    <p class='ocr_par' dir='ltr' id='par_1_4' title="bbox 179 1829 1524 3197">
     <span class='ocr_line' id='line_1_13' title="bbox 225 1829 1492 1921; baseline -0.002 -25"><span class='ocrx_word' id='word_1_121' title='bbox 225 1829 632 1919; x_wconf 88' lang='lat' dir='ltr'>Sequentesduosversus</span> <span class='ocrx_word' id='word_1_122' title='bbox 646 1831 933 1921; x_wconf 78' lang='lat' dir='ltr'>interpretaturus</span> <span class='ocrx_word' id='word_1_123' title='bbox 951 1832 1060 1899; x_wconf 80' lang='lat' dir='ltr'>Calor.</span> <span class='ocrx_word' id='word_1_124' title='bbox 1081 1852 1089 1898; x_wconf 89' lang='lat'>:</span> <span class='ocrx_word' id='word_1_125' title='bbox 1106 1859 1122 1893; x_wconf 89' lang='lat'>«</span> <span class='ocrx_word' id='word_1_126' title='bbox 1136 1839 1245 1920; x_wconf 81' lang='lat' dir='ltr'>Aegre</span> <span class='ocrx_word' id='word_1_127' title='bbox 1257 1832 1445 1899; x_wconf 84' lang='lat' dir='ltr'><strong>admodum</strong></span> <span class='ocrx_word' id='word_1_128' title='bbox 1462 1860 1492 1915; x_wconf 80' lang='lat' dir='ltr'>u,</span> 
     </span>
     <span class='ocr_line' id='line_1_14' title="bbox 181 1928 1524 2026; baseline 0.003 -26"><span class='ocrx_word' id='word_1_129' title='bbox 181 1936 309 2024; x_wconf 90' lang='lat' dir='ltr'>inquit,</span> <span class='ocrx_word' id='word_1_130' title='bbox 334 1964 349 1996; x_wconf 78' lang='grc' dir='ltr'>α</span> <span class='ocrx_word' id='word_1_131' title='bbox 382 1936 571 2002; x_wconf 88' lang='lat' dir='ltr'>divinando</span> <span class='ocrx_word' id='word_1_132' title='bbox 599 1938 826 2026; x_wconf 84' lang='lat' dir='ltr'>assequimur,</span> <span class='ocrx_word' id='word_1_133' title='bbox 850 1937 933 2026; x_wconf 94' lang='lat' dir='ltr'>quid</span> <span class='ocrx_word' id='word_1_134' title='bbox 963 1944 1097 2024; x_wconf 72' lang='lat' dir='ltr'>Moysen</span> <span class='ocrx_word' id='word_1_135' title='bbox 1128 1938 1279 2023; x_wconf 82' lang='lat' dir='ltr'>coegerit</span> <span class='ocrx_word' id='word_1_136' title='bbox 1308 1928 1524 2005; x_wconf 38' lang='lat' dir='ltr'>orationem*</span> 
     </span>
     <span class='ocr_line' id='line_1_15' title="bbox 180 2042 1496 2134; baseline 0.002 -27"><span class='ocrx_word' id='word_1_137' title='bbox 180 2064 276 2109; x_wconf 90' lang='lat' dir='ltr'>suam</span> <span class='ocrx_word' id='word_1_138' title='bbox 301 2043 365 2108; x_wconf 89' lang='lat' dir='ltr'>hac</span> <span class='ocrx_word' id='word_1_139' title='bbox 388 2044 584 2110; x_wconf 84' lang='lat' dir='ltr'>narratione</span> <span class='ocrx_word' id='word_1_140' title='bbox 604 2042 824 2132; x_wconf 82' lang='lat' dir='ltr'>intercipere.</span> <span class='ocrx_word' id='word_1_141' title='bbox 843 2042 908 2110; x_wconf 86' lang='lat' dir='ltr'>Sed</span> <span class='ocrx_word' id='word_1_142' title='bbox 931 2044 1054 2111; x_wconf 91' lang='lat' dir='ltr'>intima</span> <span class='ocrx_word' id='word_1_143' title='bbox 1078 2045 1134 2111; x_wconf 84' lang='lat' dir='ltr'>uei</span> <span class='ocrx_word' id='word_1_144' title='bbox 1153 2045 1296 2111; x_wconf 89' lang='lat' dir='ltr'>consilia</span> <span class='ocrx_word' id='word_1_145' title='bbox 1316 2049 1496 2134; x_wconf 90' lang='lat' dir='ltr'>penetrare</span> 
     </span>
     <span class='ocr_line' id='line_1_16' title="bbox 179 2148 1496 2239; baseline 0.002 -26"><span class='ocrx_word' id='word_1_146' title='bbox 179 2150 347 2215; x_wconf 81' lang='lat' dir='ltr'>natusest</span> <span class='ocrx_word' id='word_1_147' title='bbox 376 2149 526 2229; x_wconf 89' lang='lat' dir='ltr'>homini,</span> <span class='ocrx_word' id='word_1_148' title='bbox 547 2149 694 2238; x_wconf 88' lang='lat' dir='ltr'>satisque</span> <span class='ocrx_word' id='word_1_149' title='bbox 721 2149 763 2215; x_wconf 92' lang='lat' dir='ltr'>ad</span> <span class='ocrx_word' id='word_1_150' title='bbox 790 2149 998 2236; x_wconf 81' lang='lat' dir='ltr'>exigendum</span> <span class='ocrx_word' id='word_1_151' title='bbox 1026 2148 1228 2239; x_wconf 78' lang='lat' dir='ltr'>obsequium</span> <span class='ocrx_word' id='word_1_152' title='bbox 1249 2155 1405 2219; x_wconf 88' lang='lat' dir='ltr'>nostrum</span> <span class='ocrx_word' id='word_1_153' title='bbox 1435 2152 1496 2216; x_wconf 89' lang='lat' dir='ltr'>ha-</span> 
     </span>
     <span class='ocr_line' id='line_1_17' title="bbox 181 2255 1496 2346; baseline 0.002 -26"><span class='ocrx_word' id='word_1_154' title='bbox 181 2255 334 2322; x_wconf 90' lang='lat' dir='ltr'>bendum</span> <span class='ocrx_word' id='word_1_155' title='bbox 357 2262 422 2336; x_wconf 84' lang='lat' dir='ltr'>est,</span> <span class='ocrx_word' id='word_1_156' title='bbox 444 2255 472 2321; x_wconf 91' lang='lat' dir='ltr'>si</span> <span class='ocrx_word' id='word_1_157' title='bbox 492 2256 689 2322; x_wconf 83' lang='lat' dir='ltr'>noverimus</span> <span class='ocrx_word' id='word_1_158' title='bbox 711 2257 914 2345; x_wconf 88' lang='lat' dir='ltr'>scripturam</span> <span class='ocrx_word' id='word_1_159' title='bbox 934 2279 995 2345; x_wconf 92' lang='lat' dir='ltr'>per</span> <span class='ocrx_word' id='word_1_160' title='bbox 1011 2279 1129 2324; x_wconf 88' lang='lat' dir='ltr'>omnes</span> <span class='ocrx_word' id='word_1_161' title='bbox 1149 2257 1202 2324; x_wconf 92' lang='lat' dir='ltr'>sui</span> <span class='ocrx_word' id='word_1_162' title='bbox 1221 2263 1335 2346; x_wconf 90' lang='lat' dir='ltr'>partes</span> <span class='ocrx_word' id='word_1_163' title='bbox 1356 2256 1496 2323; x_wconf 85' lang='lat' dir='ltr'>eanoni-</span> 
     </span>
     <span class='ocr_line' id='line_1_18' title="bbox 180 2361 1494 2453; baseline 0.001 -26"><span class='ocrx_word' id='word_1_164' title='bbox 180 2383 255 2427; x_wconf 90' lang='lat' dir='ltr'>cam</span> <span class='ocrx_word' id='word_1_165' title='bbox 273 2363 511 2429; x_wconf 86' lang='lat' dir='ltr'>auctoritatem</span> <span class='ocrx_word' id='word_1_166' title='bbox 535 2362 600 2428; x_wconf 91' lang='lat' dir='ltr'>sibi</span> <span class='ocrx_word' id='word_1_167' title='bbox 617 2361 791 2447; x_wconf 89' lang='lat' dir='ltr'>vindicare</span> <span class='ocrx_word' id='word_1_168' title='bbox 817 2390 846 2429; x_wconf 86' lang='lat'>».</span> <span class='ocrx_word' id='word_1_169' title='bbox 869 2367 999 2452; x_wconf 86' lang='lat' dir='ltr'>Reapse</span> <span class='ocrx_word' id='word_1_170' title='bbox 1017 2363 1055 2430; x_wconf 88' lang='lat' dir='ltr'>hi</span> <span class='ocrx_word' id='word_1_171' title='bbox 1080 2363 1149 2430; x_wconf 93' lang='lat' dir='ltr'>duo</span> <span class='ocrx_word' id='word_1_172' title='bbox 1166 2386 1282 2430; x_wconf 88' lang='lat' dir='ltr'>versus</span> <span class='ocrx_word' id='word_1_173' title='bbox 1300 2386 1320 2429; x_wconf 94' lang='lat' dir='ltr'>a</span> <span class='ocrx_word' id='word_1_174' title='bbox 1339 2362 1494 2453; x_wconf 83' lang='lat' dir='ltr'>proximo</span> 
     </span>
     <span class='ocr_line' id='line_1_19' title="bbox 181 2469 1494 2559; baseline 0.001 -26"><span class='ocrx_word' id='word_1_175' title='bbox 181 2474 339 2534; x_wconf 85' lang='lat' dir='ltr'>contextu</span> <span class='ocrx_word' id='word_1_176' title='bbox 364 2469 499 2557; x_wconf 90' lang='lat' dir='ltr'>penitus</span> <span class='ocrx_word' id='word_1_177' title='bbox 523 2479 602 2534; x_wconf 87' lang='lat' dir='ltr'>suut</span> <span class='ocrx_word' id='word_1_178' title='bbox 627 2470 745 2535; x_wconf 85' lang='lat' dir='ltr'>alieni.</span> <span class='ocrx_word' id='word_1_179' title='bbox 767 2469 890 2554; x_wconf 72' lang='lat' dir='ltr'>Agitur</span> <span class='ocrx_word' id='word_1_180' title='bbox 912 2470 949 2536; x_wconf 93' lang='lat' dir='ltr'>in</span> <span class='ocrx_word' id='word_1_181' title='bbox 976 2470 1044 2536; x_wconf 88' lang='lat' dir='ltr'>iltis</span> <span class='ocrx_word' id='word_1_182' title='bbox 1070 2470 1112 2536; x_wconf 92' lang='lat' dir='ltr'>de</span> <span class='ocrx_word' id='word_1_183' title='bbox 1132 2469 1261 2559; x_wconf 91' lang='lat' dir='ltr'>populo</span> <span class='ocrx_word' id='word_1_184' title='bbox 1289 2470 1390 2536; x_wconf 87' lang='lat' dir='ltr'>tertia</span> <span class='ocrx_word' id='word_1_185' title='bbox 1414 2492 1494 2558; x_wconf 92' lang='lat' dir='ltr'>per-</span> 
     </span>
     <span class='ocr_line' id='line_1_20' title="bbox 182 2576 1492 2665; baseline 0.002 -25"><span class='ocrx_word' id='word_1_186' title='bbox 182 2597 276 2653; x_wconf 90' lang='lat' dir='ltr'>sona,</span> <span class='ocrx_word' id='word_1_187' title='bbox 295 2597 370 2640; x_wconf 92' lang='lat' dir='ltr'>eum</span> <span class='ocrx_word' id='word_1_188' title='bbox 391 2597 486 2641; x_wconf 91' lang='lat' dir='ltr'>secus</span> <span class='ocrx_word' id='word_1_189' title='bbox 506 2582 620 2640; x_wconf 88' lang='lat' dir='ltr'>orator</span> <span class='ocrx_word' id='word_1_190' title='bbox 635 2576 677 2640; x_wconf 92' lang='lat' dir='ltr'>de</span> <span class='ocrx_word' id='word_1_191' title='bbox 690 2576 816 2663; x_wconf 91' lang='lat' dir='ltr'>populo</span> <span class='ocrx_word' id='word_1_192' title='bbox 837 2599 972 2664; x_wconf 86' lang='lat' dir='ltr'>semper</span> <span class='ocrx_word' id='word_1_193' title='bbox 986 2576 1147 2664; x_wconf 89' lang='lat' dir='ltr'>loquatur</span> <span class='ocrx_word' id='word_1_194' title='bbox 1166 2577 1313 2642; x_wconf 88' lang='lat' dir='ltr'>secunda</span> <span class='ocrx_word' id='word_1_195' title='bbox 1333 2598 1492 2665; x_wconf 89' lang='lat' dir='ltr'>persona.</span> 
     </span>
     <span class='ocr_line' id='line_1_21' title="bbox 180 2681 1492 2770; baseline 0.001 -25"><span class='ocrx_word' id='word_1_196' title='bbox 180 2704 213 2747; x_wconf 84' lang='lat' dir='ltr'>v.</span> <span class='ocrx_word' id='word_1_197' title='bbox 237 2687 256 2747; x_wconf 89' lang='lat'>5</span> <span class='ocrx_word' id='word_1_198' title='bbox 281 2688 397 2747; x_wconf 90' lang='lat' dir='ltr'>orator</span> <span class='ocrx_word' id='word_1_199' title='bbox 416 2681 617 2748; x_wconf 88' lang='lat' dir='ltr'>versabatur</span> <span class='ocrx_word' id='word_1_200' title='bbox 636 2681 674 2746; x_wconf 92' lang='lat' dir='ltr'>in</span> <span class='ocrx_word' id='word_1_201' title='bbox 697 2685 812 2746; x_wconf 90' lang='lat' dir='ltr'>monte</span> <span class='ocrx_word' id='word_1_202' title='bbox 836 2681 939 2761; x_wconf 88' lang='lat' dir='ltr'>Sinai,</span> <span class='ocrx_word' id='word_1_203' title='bbox 957 2705 989 2747; x_wconf 91' lang='lat' dir='ltr'>v.</span> <span class='ocrx_word' id='word_1_204' title='bbox 1009 2689 1028 2746; x_wconf 84' lang='grc'><strong>6</strong></span> <span class='ocrx_word' id='word_1_205' title='bbox 1045 2682 1212 2770; x_wconf 88' lang='lat' dir='ltr'>profectio</span> <span class='ocrx_word' id='word_1_206' title='bbox 1235 2683 1273 2747; x_wconf 90' lang='lat' dir='ltr'>fit</span> <span class='ocrx_word' id='word_1_207' title='bbox 1293 2683 1335 2748; x_wconf 90' lang='lat' dir='ltr'>de</span> <span class='ocrx_word' id='word_1_208' title='bbox 1358 2682 1492 2761; x_wconf 89' lang='lat' dir='ltr'>Beroth,</span> 
     </span>
     <span class='ocr_line' id='line_1_22' title="bbox 180 2786 1496 2876; baseline 0 -24"><span class='ocrx_word' id='word_1_209' title='bbox 180 2787 255 2853; x_wconf 91' lang='lat' dir='ltr'>loco</span> <span class='ocrx_word' id='word_1_210' title='bbox 275 2787 330 2853; x_wconf 88' lang='lat' dir='ltr'>eui</span> <span class='ocrx_word' id='word_1_211' title='bbox 347 2793 445 2853; x_wconf 85' lang='lat' dir='ltr'>Num.</span> <span class='ocrx_word' id='word_1_212' title='bbox 464 2793 565 2865; x_wconf 85' lang='lat'>33,30</span> <span class='ocrx_word' id='word_1_213' title='bbox 586 2810 637 2876; x_wconf 93' lang='lat' dir='ltr'>sq.</span> <span class='ocrx_word' id='word_1_214' title='bbox 654 2786 741 2852; x_wconf 90' lang='lat' dir='ltr'>nihil</span> <span class='ocrx_word' id='word_1_215' title='bbox 758 2786 898 2854; x_wconf 91' lang='lat' dir='ltr'>omnino</span> <span class='ocrx_word' id='word_1_216' title='bbox 921 2789 1087 2854; x_wconf 91' lang='lat' dir='ltr'>memoria</span> <span class='ocrx_word' id='word_1_217' title='bbox 1107 2787 1254 2873; x_wconf 83' lang='lat' dir='ltr'>dig&#39;num</span> <span class='ocrx_word' id='word_1_218' title='bbox 1271 2793 1383 2853; x_wconf 90' lang='lat' dir='ltr'>aetum</span> <span class='ocrx_word' id='word_1_219' title='bbox 1399 2787 1496 2854; x_wconf 90' lang='lat' dir='ltr'>attri-</span> 
     </span>
     <span class='ocr_line' id='line_1_23' title="bbox 181 2894 1493 2983; baseline -0.002 -23"><span class='ocrx_word' id='word_1_220' title='bbox 181 2894 309 2960; x_wconf 90' lang='lat' dir='ltr'>buitur.</span> <span class='ocrx_word' id='word_1_221' title='bbox 332 2894 397 2960; x_wconf 87' lang='lat' dir='ltr'>Sed</span> <span class='ocrx_word' id='word_1_222' title='bbox 417 2917 448 2959; x_wconf 90' lang='lat' dir='ltr'>v.</span> <span class='ocrx_word' id='word_1_223' title='bbox 476 2900 516 2960; x_wconf 89' lang='grc'>10</span> <span class='ocrx_word' id='word_1_224' title='bbox 541 2917 591 2983; x_wconf 89' lang='lat' dir='ltr'>sq.</span> <span class='ocrx_word' id='word_1_225' title='bbox 615 2899 731 2960; x_wconf 89' lang='lat' dir='ltr'>orator</span> <span class='ocrx_word' id='word_1_226' title='bbox 750 2899 866 2960; x_wconf 90' lang='lat' dir='ltr'>tamen</span> <span class='ocrx_word' id='word_1_227' title='bbox 888 2895 1004 2961; x_wconf 92' lang='lat' dir='ltr'>adhuc</span> <span class='ocrx_word' id='word_1_228' title='bbox 1025 2899 1180 2960; x_wconf 87' lang='lat' dir='ltr'>versatur</span> <span class='ocrx_word' id='word_1_229' title='bbox 1196 2894 1233 2961; x_wconf 91' lang='lat' dir='ltr'>in</span> <span class='ocrx_word' id='word_1_230' title='bbox 1253 2900 1369 2960; x_wconf 91' lang='lat' dir='ltr'>monte</span> <span class='ocrx_word' id='word_1_231' title='bbox 1389 2894 1493 2973; x_wconf 86' lang='lat' dir='ltr'>Sinai,</span> 
     </span>
     <span class='ocr_line' id='line_1_24' title="bbox 180 2998 1496 3090; baseline -0.001 -25"><span class='ocrx_word' id='word_1_232' title='bbox 180 3024 212 3066; x_wconf 88' lang='lat' dir='ltr'>v.</span> <span class='ocrx_word' id='word_1_233' title='bbox 240 3009 260 3069; x_wconf 89' lang='lat'>8</span> <span class='ocrx_word' id='word_1_234' title='bbox 284 3023 333 3090; x_wconf 90' lang='lat' dir='ltr'>sq.</span> <span class='ocrx_word' id='word_1_235' title='bbox 361 3007 521 3067; x_wconf 88' lang='lat' dir='ltr'>narratur</span> <span class='ocrx_word' id='word_1_236' title='bbox 540 3006 714 3090; x_wconf 89' lang='lat' dir='ltr'>assumpta</span> <span class='ocrx_word' id='word_1_237' title='bbox 742 2999 787 3066; x_wconf 90' lang='lat' dir='ltr'>ad</span> <span class='ocrx_word' id='word_1_238' title='bbox 807 3022 904 3067; x_wconf 88' lang='lat' dir='ltr'>sacra</span> <span class='ocrx_word' id='word_1_239' title='bbox 929 3001 1116 3068; x_wconf 89' lang='lat' dir='ltr'>ministeria</span> <span class='ocrx_word' id='word_1_240' title='bbox 1145 3000 1255 3067; x_wconf 91' lang='lat' dir='ltr'>tribus</span> <span class='ocrx_word' id='word_1_241' title='bbox 1282 3001 1378 3083; x_wconf 83' lang='lat' dir='ltr'>Levi,</span> <span class='ocrx_word' id='word_1_242' title='bbox 1403 2998 1496 3089; x_wconf 81' lang='lat' dir='ltr'>quod</span> 
     </span>
     <span class='ocr_line' id='line_1_25' title="bbox 179 3106 1496 3197; baseline -0.001 -24"><span class='ocrx_word' id='word_1_243' title='bbox 179 3107 262 3173; x_wconf 88' lang='lat' dir='ltr'>item</span> <span class='ocrx_word' id='word_1_244' title='bbox 279 3108 323 3174; x_wconf 87' lang='lat' dir='ltr'>ad</span> <span class='ocrx_word' id='word_1_245' title='bbox 347 3115 497 3174; x_wconf 86' lang='lat' dir='ltr'>montem</span> <span class='ocrx_word' id='word_1_246' title='bbox 518 3107 613 3175; x_wconf 91' lang='lat' dir='ltr'>Sinai</span> <span class='ocrx_word' id='word_1_247' title='bbox 634 3108 842 3174; x_wconf 81' lang='lat' dir='ltr'>factumest.</span> <span class='ocrx_word' id='word_1_248' title='bbox 865 3131 898 3173; x_wconf 91' lang='lat' dir='ltr'>v.</span> <span class='ocrx_word' id='word_1_249' title='bbox 927 3115 946 3173; x_wconf 89' lang='lat'><strong>6</strong></span> <span class='ocrx_word' id='word_1_250' title='bbox 968 3131 1019 3197; x_wconf 92' lang='lat' dir='ltr'>sq.</span> <span class='ocrx_word' id='word_1_251' title='bbox 1042 3106 1219 3175; x_wconf 90' lang='lat' dir='ltr'>evidenter</span> <span class='ocrx_word' id='word_1_252' title='bbox 1243 3113 1293 3173; x_wconf 91' lang='lat' dir='ltr'>est</span> <span class='ocrx_word' id='word_1_253' title='bbox 1317 3107 1496 3191; x_wconf 84' lang='lat' dir='ltr'>fragmen-</span> 
     </span>
    </p>
   </div>
   <div class='ocr_carea' id='block_1_5' title="bbox 180 3204 1606 3304">
    <p class='ocr_par' dir='ltr' id='par_1_5' title="bbox 180 3204 1606 3304">
     <span class='ocr_line' id='line_1_26' title="bbox 180 3204 1606 3304; baseline -0.001 -24"><span class='ocrx_word' id='word_1_254' title='bbox 180 3219 252 3281; x_wconf 93' lang='lat' dir='ltr'>tum</span> <span class='ocrx_word' id='word_1_255' title='bbox 280 3215 446 3281; x_wconf 89' lang='lat' dir='ltr'>itinerarii</span> <span class='ocrx_word' id='word_1_256' title='bbox 478 3215 706 3282; x_wconf 86' lang='lat' dir='ltr'>Hebraeorum</span> <span class='ocrx_word' id='word_1_257' title='bbox 737 3213 1008 3304; x_wconf 85' lang='lat' dir='ltr'>correspondens</span> <span class='ocrx_word' id='word_1_258' title='bbox 1037 3220 1134 3280; x_wconf 92' lang='lat' dir='ltr'>Num.</span> <span class='ocrx_word' id='word_1_259' title='bbox 1166 3220 1341 3293; x_wconf 65' lang='lat' dir='ltr'>asso-33.</span> <span class='ocrx_word' id='word_1_260' title='bbox 1370 3215 1492 3280; x_wconf 88' lang='lat' dir='ltr'>Beroth</span> <span class='ocrx_word' id='word_1_261' title='bbox 1575 3204 1606 3218; x_wconf 74' lang='grc'>”</span> 
     </span>
    </p>
   </div>
   <div class='ocr_carea' id='block_1_6' title="bbox 179 3319 1496 4786">
    <p class='ocr_par' dir='ltr' id='par_1_6' title="bbox 179 3319 1496 4786">
     <span class='ocr_line' id='line_1_27' title="bbox 180 3319 1495 3409; baseline -0.001 -23"><span class='ocrx_word' id='word_1_262' title='bbox 180 3321 389 3388; x_wconf 88' lang='lat' dir='ltr'>Beneiaaoan</span> <span class='ocrx_word' id='word_1_263' title='bbox 406 3321 498 3388; x_wconf 91' lang='lat' dir='ltr'>idem</span> <span class='ocrx_word' id='word_1_264' title='bbox 519 3327 567 3387; x_wconf 92' lang='lat' dir='ltr'>est</span> <span class='ocrx_word' id='word_1_265' title='bbox 583 3327 685 3409; x_wconf 87' lang='lat' dir='ltr'>atque</span> <span class='ocrx_word' id='word_1_266' title='bbox 700 3321 923 3399; x_wconf 73' lang='lat' dir='ltr'>beneiaacan,</span> <span class='ocrx_word' id='word_1_267' title='bbox 941 3343 1020 3386; x_wconf 90' lang='lat' dir='ltr'>cum</span> <span class='ocrx_word' id='word_1_268' title='bbox 1040 3319 1103 3385; x_wconf 83' lang='lat' dir='ltr'>filii</span> <span class='ocrx_word' id='word_1_269' title='bbox 1120 3326 1241 3386; x_wconf 88' lang='lat' dir='ltr'>laaoan</span> <span class='ocrx_word' id='word_1_270' title='bbox 1257 3321 1414 3386; x_wconf 88' lang='lat' dir='ltr'>censendi</span> <span class='ocrx_word' id='word_1_271' title='bbox 1427 3320 1495 3385; x_wconf 90' lang='lat' dir='ltr'>sint</span> 
     </span>
     <span class='ocr_line' id='line_1_28' title="bbox 180 3424 1494 3516; baseline -0.003 -24"><span class='ocrx_word' id='word_1_272' title='bbox 180 3449 289 3516; x_wconf 91' lang='lat' dir='ltr'>prope</span> <span class='ocrx_word' id='word_1_273' title='bbox 309 3450 385 3493; x_wconf 93' lang='lat' dir='ltr'>suos</span> <span class='ocrx_word' id='word_1_274' title='bbox 404 3433 525 3515; x_wconf 90' lang='lat' dir='ltr'>puteos</span> <span class='ocrx_word' id='word_1_275' title='bbox 544 3426 726 3493; x_wconf 88' lang='lat' dir='ltr'>incoluisse</span> <span class='ocrx_word' id='word_1_276' title='bbox 748 3427 911 3514; x_wconf 50' lang='lat' dir='ltr'>(donst),</span> <span class='ocrx_word' id='word_1_277' title='bbox 934 3432 1059 3492; x_wconf 84' lang='lat' dir='ltr'>Mosera</span> <span class='ocrx_word' id='word_1_278' title='bbox 1078 3424 1198 3492; x_wconf 92' lang='lat' dir='ltr'>eadem</span> <span class='ocrx_word' id='word_1_279' title='bbox 1219 3430 1268 3490; x_wconf 90' lang='lat' dir='ltr'>est</span> <span class='ocrx_word' id='word_1_280' title='bbox 1288 3446 1376 3512; x_wconf 87' lang='lat' dir='ltr'>quae</span> <span class='ocrx_word' id='word_1_281' title='bbox 1393 3428 1494 3488; x_wconf 84' lang='lat' dir='ltr'>Mose-</span> 
     </span>
     <span class='ocr_line' id='line_1_29' title="bbox 183 3528 1495 3620; baseline -0.001 -24"><span class='ocrx_word' id='word_1_282' title='bbox 183 3535 273 3613; x_wconf 90' lang='lat' dir='ltr'>roth,</span> <span class='ocrx_word' id='word_1_283' title='bbox 296 3533 435 3598; x_wconf 89' lang='lat' dir='ltr'>nomina</span> <span class='ocrx_word' id='word_1_284' title='bbox 456 3533 597 3619; x_wconf 80' lang='lat' dir='ltr'>Gadgad</span> <span class='ocrx_word' id='word_1_285' title='bbox 613 3538 647 3599; x_wconf 92' lang='lat' dir='ltr'>et</span> <span class='ocrx_word' id='word_1_286' title='bbox 661 3533 839 3599; x_wconf 83' lang='lat' dir='ltr'>ietebatha</span> <span class='ocrx_word' id='word_1_287' title='bbox 858 3531 1041 3620; x_wconf 87' lang='lat' dir='ltr'>utrobique</span> <span class='ocrx_word' id='word_1_288' title='bbox 1061 3531 1244 3597; x_wconf 88' lang='lat' dir='ltr'>habentur.</span> <span class='ocrx_word' id='word_1_289' title='bbox 1265 3528 1329 3595; x_wconf 89' lang='lat' dir='ltr'>Sed</span> <span class='ocrx_word' id='word_1_290' title='bbox 1344 3528 1495 3596; x_wconf 88' lang='lat' dir='ltr'>dissonat</span> 
     </span>
     <span class='ocr_line' id='line_1_30' title="bbox 181 3634 1494 3704; baseline -0.001 -1"><span class='ocrx_word' id='word_1_291' title='bbox 181 3638 262 3703; x_wconf 91' lang='lat' dir='ltr'>item</span> <span class='ocrx_word' id='word_1_292' title='bbox 283 3645 397 3703; x_wconf 87' lang='lat' dir='ltr'>noster</span> <span class='ocrx_word' id='word_1_293' title='bbox 415 3645 524 3703; x_wconf 83' lang='lat' dir='ltr'>textus</span> <span class='ocrx_word' id='word_1_294' title='bbox 545 3662 566 3704; x_wconf 90' lang='lat' dir='ltr'>a</span> <span class='ocrx_word' id='word_1_295' title='bbox 590 3644 683 3704; x_wconf 86' lang='lat' dir='ltr'>textu</span> <span class='ocrx_word' id='word_1_296' title='bbox 711 3643 808 3704; x_wconf 91' lang='lat' dir='ltr'>Num.</span> <span class='ocrx_word' id='word_1_297' title='bbox 827 3645 879 3704; x_wconf 87' lang='lat'>33.</span> <span class='ocrx_word' id='word_1_298' title='bbox 902 3642 1026 3703; x_wconf 84' lang='lat' dir='ltr'>Mosera</span> <span class='ocrx_word' id='word_1_299' title='bbox 1050 3636 1213 3702; x_wconf 88' lang='lat' dir='ltr'>scribitur</span> <span class='ocrx_word' id='word_1_300' title='bbox 1235 3657 1305 3701; x_wconf 92' lang='lat' dir='ltr'>non</span> <span class='ocrx_word' id='word_1_301' title='bbox 1325 3639 1404 3702; x_wconf 90' lang='lat' dir='ltr'>ante</span> <span class='ocrx_word' id='word_1_302' title='bbox 1433 3634 1494 3702; x_wconf 91' lang='lat' dir='ltr'>sed</span> 
     </span>
     <span class='ocr_line' id='line_1_31' title="bbox 183 3742 1496 3833; baseline -0.001 -24"><span class='ocrx_word' id='word_1_303' title='bbox 183 3750 259 3833; x_wconf 90' lang='lat' dir='ltr'>post</span> <span class='ocrx_word' id='word_1_304' title='bbox 275 3745 494 3824; x_wconf 88' lang='lat' dir='ltr'>Beneiaaoan,</span> <span class='ocrx_word' id='word_1_305' title='bbox 511 3745 601 3833; x_wconf 92' lang='lat' dir='ltr'>quod</span> <span class='ocrx_word' id='word_1_306' title='bbox 622 3745 763 3833; x_wconf 92' lang='lat' dir='ltr'>quidem</span> <span class='ocrx_word' id='word_1_307' title='bbox 779 3767 854 3810; x_wconf 94' lang='lat' dir='ltr'>cum</span> <span class='ocrx_word' id='word_1_308' title='bbox 874 3743 982 3811; x_wconf 83' lang='lat' dir='ltr'>Cebn.</span> <span class='ocrx_word' id='word_1_309' title='bbox 1000 3742 1132 3809; x_wconf 88' lang='lat' dir='ltr'>scribae</span> <span class='ocrx_word' id='word_1_310' title='bbox 1152 3742 1261 3809; x_wconf 89' lang='lat' dir='ltr'>errori</span> <span class='ocrx_word' id='word_1_311' title='bbox 1275 3742 1417 3809; x_wconf 86' lang='lat' dir='ltr'>attribui</span> <span class='ocrx_word' id='word_1_312' title='bbox 1432 3765 1496 3832; x_wconf 92' lang='lat' dir='ltr'>po-</span> 
     </span>
     <span class='ocr_line' id='line_1_32' title="bbox 181 3851 1492 3938; baseline -0.002 -22"><span class='ocrx_word' id='word_1_313' title='bbox 181 3857 255 3918; x_wconf 88' lang='lat' dir='ltr'>test.</span> <span class='ocrx_word' id='word_1_314' title='bbox 272 3856 450 3917; x_wconf 86' lang='lat' dir='ltr'>Praeterea</span> <span class='ocrx_word' id='word_1_315' title='bbox 462 3856 575 3917; x_wconf 87' lang='lat' dir='ltr'>autem</span> <span class='ocrx_word' id='word_1_316' title='bbox 590 3855 737 3917; x_wconf 83' lang='lat' dir='ltr'>Moserae</span> <span class='ocrx_word' id='word_1_317' title='bbox 753 3851 1058 3917; x_wconf 86' lang='lat' dir='ltr'>adscribiturmors</span> <span class='ocrx_word' id='word_1_318' title='bbox 1076 3855 1199 3931; x_wconf 80' lang='lat' dir='ltr'>Aaron,</span> <span class='ocrx_word' id='word_1_319' title='bbox 1215 3872 1304 3938; x_wconf 89' lang='lat' dir='ltr'>quae</span> <span class='ocrx_word' id='word_1_320' title='bbox 1320 3854 1418 3914; x_wconf 93' lang='lat' dir='ltr'>Num.</span> <span class='ocrx_word' id='word_1_321' title='bbox 1438 3855 1492 3929; x_wconf 75' lang='lat'>20,</span> 
     </span>
     <span class='ocr_line' id='line_1_33' title="bbox 180 3956 1494 4048; baseline -0.005 -25"><span class='ocrx_word' id='word_1_322' title='bbox 180 3965 222 4024; x_wconf 67' lang='lat'>²22</span> <span class='ocrx_word' id='word_1_323' title='bbox 237 3981 312 4048; x_wconf 90' lang='lat' dir='ltr'>sqq.</span> <span class='ocrx_word' id='word_1_324' title='bbox 325 3977 331 4037; x_wconf 94' lang='lat'>;</span> <span class='ocrx_word' id='word_1_325' title='bbox 346 3963 447 4038; x_wconf 83' lang='lat'>33,38</span> <span class='ocrx_word' id='word_1_326' title='bbox 462 3957 571 4023; x_wconf 85' lang='lat' dir='ltr'>monti</span> <span class='ocrx_word' id='word_1_327' title='bbox 583 3962 648 4023; x_wconf 83' lang='lat' dir='ltr'>tior</span> <span class='ocrx_word' id='word_1_328' title='bbox 658 3957 867 4024; x_wconf 85' lang='lat' dir='ltr'>attribuitur.</span> <span class='ocrx_word' id='word_1_329' title='bbox 882 3956 1022 4041; x_wconf 86' lang='lat' dir='ltr'>Gadgad</span> <span class='ocrx_word' id='word_1_330' title='bbox 1035 3956 1309 4046; x_wconf 86' lang='lat' dir='ltr'>nonappellatur</span> <span class='ocrx_word' id='word_1_331' title='bbox 1321 3985 1336 4016; x_wconf 89' lang='lat'>«</span> <span class='ocrx_word' id='word_1_332' title='bbox 1351 3977 1450 4023; x_wconf 91' lang='lat' dir='ltr'>mons</span> <span class='ocrx_word' id='word_1_333' title='bbox 1464 3983 1494 4037; x_wconf 77' lang='lat' dir='ltr'>u,</span> 
     </span>
     <span class='ocr_line' id='line_1_34' title="bbox 179 4062 1496 4149; baseline -0.003 -17"><span class='ocrx_word' id='word_1_334' title='bbox 179 4065 238 4132; x_wconf 88' lang='lat' dir='ltr'>sed</span> <span class='ocrx_word' id='word_1_335' title='bbox 261 4064 435 4131; x_wconf 87' lang='lat' dir='ltr'>letabatha</span> <span class='ocrx_word' id='word_1_336' title='bbox 456 4063 648 4130; x_wconf 88' lang='lat' dir='ltr'>accuratius</span> <span class='ocrx_word' id='word_1_337' title='bbox 669 4063 888 4130; x_wconf 86' lang='lat' dir='ltr'>describitur.</span> <span class='ocrx_word' id='word_1_338' title='bbox 908 4062 1079 4130; x_wconf 87' lang='lat' dir='ltr'>Habemus</span> <span class='ocrx_word' id='word_1_339' title='bbox 1096 4063 1205 4149; x_wconf 82' lang='lat' dir='ltr'>igitur</span> <span class='ocrx_word' id='word_1_340' title='bbox 1225 4064 1260 4129; x_wconf 92' lang='lat' dir='ltr'>h.</span> <span class='ocrx_word' id='word_1_341' title='bbox 1285 4063 1309 4127; x_wconf 91' lang='lat' dir='ltr'>l.</span> <span class='ocrx_word' id='word_1_342' title='bbox 1332 4084 1402 4128; x_wconf 91' lang='lat' dir='ltr'>non</span> <span class='ocrx_word' id='word_1_343' title='bbox 1429 4085 1496 4128; x_wconf 93' lang='lat' dir='ltr'>nu-</span> 
     </span>
     <span class='ocr_line' id='line_1_35' title="bbox 181 4169 1495 4261; baseline -0.002 -24"><span class='ocrx_word' id='word_1_344' title='bbox 181 4173 260 4238; x_wconf 92' lang='lat' dir='ltr'>dam</span> <span class='ocrx_word' id='word_1_345' title='bbox 277 4172 513 4261; x_wconf 87' lang='lat' dir='ltr'>repetitionem</span> <span class='ocrx_word' id='word_1_346' title='bbox 530 4175 637 4238; x_wconf 86' lang='lat' dir='ltr'>textus</span> <span class='ocrx_word' id='word_1_347' title='bbox 655 4175 752 4237; x_wconf 90' lang='lat' dir='ltr'>Num.</span> <span class='ocrx_word' id='word_1_348' title='bbox 775 4176 946 4252; x_wconf 64' lang='lat' dir='ltr'>aueo-33,</span> <span class='ocrx_word' id='word_1_349' title='bbox 965 4169 1023 4236; x_wconf 92' lang='lat' dir='ltr'>sed</span> <span class='ocrx_word' id='word_1_350' title='bbox 1044 4170 1187 4236; x_wconf 88' lang='lat' dir='ltr'>alteram</span> <span class='ocrx_word' id='word_1_351' title='bbox 1210 4169 1362 4236; x_wconf 89' lang='lat' dir='ltr'>eiusdem</span> <span class='ocrx_word' id='word_1_352' title='bbox 1378 4191 1495 4235; x_wconf 89' lang='lat' dir='ltr'>reeen-</span> 
     </span>
     <span class='ocr_line' id='line_1_36' title="bbox 180 4276 1494 4367; baseline -0.003 -23"><span class='ocrx_word' id='word_1_353' title='bbox 180 4278 322 4345; x_wconf 88' lang='lat' dir='ltr'>sionem.</span> <span class='ocrx_word' id='word_1_354' title='bbox 342 4284 444 4361; x_wconf 87' lang='lat' dir='ltr'>Quae,</span> <span class='ocrx_word' id='word_1_355' title='bbox 461 4278 554 4367; x_wconf 94' lang='lat' dir='ltr'>quod</span> <span class='ocrx_word' id='word_1_356' title='bbox 574 4276 755 4367; x_wconf 86' lang='lat' dir='ltr'>pericopae</span> <span class='ocrx_word' id='word_1_357' title='bbox 771 4283 970 4359; x_wconf 74' lang='lat'>9,25-10,11</span> <span class='ocrx_word' id='word_1_358' title='bbox 995 4283 1110 4343; x_wconf 89' lang='lat' dir='ltr'>assuta</span> <span class='ocrx_word' id='word_1_359' title='bbox 1128 4276 1171 4342; x_wconf 91' lang='lat' dir='ltr'>sit</span> <span class='ocrx_word' id='word_1_360' title='bbox 1191 4297 1360 4366; x_wconf 87' lang='lat' dir='ltr'>perquam</span> <span class='ocrx_word' id='word_1_361' title='bbox 1379 4276 1494 4364; x_wconf 90' lang='lat' dir='ltr'>inepte</span> 
     </span>
     <span class='ocr_line' id='line_1_37' title="bbox 182 4381 1494 4473; baseline -0.002 -24"><span class='ocrx_word' id='word_1_362' title='bbox 182 4391 215 4450; x_wconf 86' lang='lat' dir='ltr'>ct</span> <span class='ocrx_word' id='word_1_363' title='bbox 233 4392 368 4473; x_wconf 87' lang='lat' dir='ltr'>praeter</span> <span class='ocrx_word' id='word_1_364' title='bbox 382 4406 517 4451; x_wconf 91' lang='lat' dir='ltr'>omnem</span> <span class='ocrx_word' id='word_1_365' title='bbox 539 4389 745 4465; x_wconf 86' lang='lat' dir='ltr'>contextum,</span> <span class='ocrx_word' id='word_1_366' title='bbox 764 4383 903 4450; x_wconf 91' lang='lat' dir='ltr'>omnine</span> <span class='ocrx_word' id='word_1_367' title='bbox 922 4382 1094 4450; x_wconf 88' lang='lat' dir='ltr'>censenda</span> <span class='ocrx_word' id='word_1_368' title='bbox 1113 4387 1164 4451; x_wconf 90' lang='lat' dir='ltr'>est</span> <span class='ocrx_word' id='word_1_369' title='bbox 1183 4405 1252 4448; x_wconf 87' lang='lat' dir='ltr'>esse</span> <span class='ocrx_word' id='word_1_370' title='bbox 1269 4381 1393 4450; x_wconf 88' lang='lat' dir='ltr'>dubiae</span> <span class='ocrx_word' id='word_1_371' title='bbox 1414 4404 1494 4448; x_wconf 90' lang='lat' dir='ltr'>auo·</span> 
     </span>
     <span class='ocr_line' id='line_1_38' title="bbox 182 4489 1488 4581; baseline -0.005 -25"><span class='ocrx_word' id='word_1_372' title='bbox 182 4491 346 4574; x_wconf 81' lang='lat' dir='ltr'>toritatis;</span> <span class='ocrx_word' id='word_1_373' title='bbox 364 4493 423 4581; x_wconf 89' lang='lat' dir='ltr'>qui</span> <span class='ocrx_word' id='word_1_374' title='bbox 441 4492 567 4558; x_wconf 89' lang='lat' dir='ltr'>dubiae</span> <span class='ocrx_word' id='word_1_375' title='bbox 584 4492 798 4559; x_wconf 87' lang='lat' dir='ltr'>auctoritatis</span> <span class='ocrx_word' id='word_1_376' title='bbox 812 4495 921 4556; x_wconf 87' lang='lat' dir='ltr'>textus</span> <span class='ocrx_word' id='word_1_377' title='bbox 937 4491 1057 4579; x_wconf 89' lang='lat' dir='ltr'>nequit</span> <span class='ocrx_word' id='word_1_378' title='bbox 1072 4489 1173 4556; x_wconf 91' lang='lat' dir='ltr'>obiici</span> <span class='ocrx_word' id='word_1_379' title='bbox 1193 4490 1298 4555; x_wconf 83' lang='lat' dir='ltr'>textui</span> <span class='ocrx_word' id='word_1_380' title='bbox 1316 4493 1413 4554; x_wconf 81' lang='lat' dir='ltr'>Num.</span> <span class='ocrx_word' id='word_1_381' title='bbox 1431 4493 1488 4564; x_wconf 60' lang='lat'>³203</span> 
     </span>
     <span class='ocr_line' id='line_1_39' title="bbox 182 4597 1490 4686; baseline -0.006 -23"><span class='ocrx_word' id='word_1_382' title='bbox 182 4604 236 4677; x_wconf 88' lang='grc'>33,</span> <span class='ocrx_word' id='word_1_383' title='bbox 254 4620 364 4686; x_wconf 88' lang='lat' dir='ltr'>neque</span> <span class='ocrx_word' id='word_1_384' title='bbox 385 4598 444 4664; x_wconf 91' lang='lat' dir='ltr'>illo</span> <span class='ocrx_word' id='word_1_385' title='bbox 464 4621 651 4681; x_wconf 88' lang='lat' dir='ltr'>movemur,</span> <span class='ocrx_word' id='word_1_386' title='bbox 675 4603 713 4664; x_wconf 94' lang='lat' dir='ltr'>ut</span> <span class='ocrx_word' id='word_1_387' title='bbox 732 4602 852 4666; x_wconf 89' lang='lat' dir='ltr'>eontra</span> <span class='ocrx_word' id='word_1_388' title='bbox 871 4597 962 4664; x_wconf 92' lang='lat' dir='ltr'>huno</span> <span class='ocrx_word' id='word_1_389' title='bbox 982 4601 1041 4663; x_wconf 91' lang='lat' dir='ltr'>aut</span> <span class='ocrx_word' id='word_1_390' title='bbox 1060 4601 1223 4663; x_wconf 81' lang='lat' dir='ltr'>Moseram</span> <span class='ocrx_word' id='word_1_391' title='bbox 1247 4599 1490 4683; x_wconf 91' lang='lat' dir='ltr'>postponamus</span> 
     </span>
     <span class='ocr_line' id='line_1_40' title="bbox 179 4701 1490 4786; baseline -0.006 -14"><span class='ocrx_word' id='word_1_392' title='bbox 179 4704 319 4772; x_wconf 88' lang='lat' dir='ltr'>stationi</span> <span class='ocrx_word' id='word_1_393' title='bbox 332 4705 552 4786; x_wconf 87' lang='lat' dir='ltr'>Beneiaacan,</span> <span class='ocrx_word' id='word_1_394' title='bbox 566 4711 626 4772; x_wconf 91' lang='lat' dir='ltr'>aut</span> <span class='ocrx_word' id='word_1_395' title='bbox 638 4711 808 4772; x_wconf 80' lang='lat' dir='ltr'>Aaronem</span> <span class='ocrx_word' id='word_1_396' title='bbox 818 4726 887 4771; x_wconf 94' lang='lat' dir='ltr'>non</span> <span class='ocrx_word' id='word_1_397' title='bbox 902 4705 937 4771; x_wconf 92' lang='lat' dir='ltr'>in</span> <span class='ocrx_word' id='word_1_398' title='bbox 955 4709 1068 4770; x_wconf 88' lang='lat' dir='ltr'>monte</span> <span class='ocrx_word' id='word_1_399' title='bbox 1084 4708 1151 4768; x_wconf 89' lang='lat' dir='ltr'>llor</span> <span class='ocrx_word' id='word_1_400' title='bbox 1165 4701 1233 4766; x_wconf 87' lang='lat' dir='ltr'>vita</span> <span class='ocrx_word' id='word_1_401' title='bbox 1248 4702 1402 4766; x_wconf 86' lang='lat' dir='ltr'>functum</span> <span class='ocrx_word' id='word_1_402' title='bbox 1418 4719 1490 4764; x_wconf 90' lang='lat' dir='ltr'>esse</span> 
     </span>
    </p>
   </div>
   <div class='ocr_carea' id='block_1_7' title="bbox 0 0 1688 5346">
    <p class='ocr_par' dir='ltr' id='par_1_7' title="bbox 0 0 1688 5346">
     <span class='ocr_line' id='line_1_41' title="bbox 0 0 1688 5346; baseline 0 1"><span class='ocrx_word' id='word_1_403' title='bbox 0 0 1688 5346; x_wconf 95' lang='lat' dir='ltr'> </span> 
     </span>
    </p>
   </div>
  </div>
 </body>
</html>
