3366 5346
177 284 217 342 80
444 343 457 367 ·
586 340 588 345 ,
730 293 938 338 turnoneerro.

179 453 248 496 non
272 431 314 496 sit.
338 428 558 519 postmodum
583 451 600 494 c
624 429 726 494 thora
750 427 898 493 excisum
923 447 1052 514 neque,
1081 422 1179 512 quod
1203 420 1378 501 novimus,
1403 422 1499 489 aliud

177 536 343 603 iudicium
363 535 464 622 regni
482 536 648 625 scriptum
667 536 704 600 in
724 536 798 600 eius
816 533 929 599 locum
953 530 1143 611 suffectum,
1163 536 1277 595 tamen
1300 551 1360 595 eae
1380 529 1499 596 indul-

177 644 328 729 gentiae,
351 665 437 731 quas
455 642 499 708 ob
519 640 756 731 praecedentis
778 639 854 706 aevi
874 636 1125 705 vicissitudines
1143 646 1358 702 concesserat
1374 635 1500 704 collec-

176 757 329 827 taneum,
348 753 408 813 aut
420 768 540 813 omnes
557 752 615 814 aut
631 746 769 834 aliquae
786 744 983 812 auctoribus
1000 742 1179 831 prophetia
1194 741 1289 807 fuere
1306 748 1499 809 revocatae,

176 854 417 941 abrogabatur
431 876 451 919 a
471 852 648 941 prophetis
662 852 807 920 facultas
823 850 988 918 offerendi
1006 847 1173 915 sacrificia
1187 848 1289 914 labve
1304 848 1379 914 aliis
1394 849 1497 914 etiam

176 960 269 1041 locis,
288 981 393 1050 quam
414 959 506 1048 apud
525 959 760 1025 sanctuarium
780 957 988 1035 maximum3
1008 975 1077 1021 non
1097 960 1213 1021 tamen
1234 953 1328 1020 illico
1348 953 1497 1041 abroga-

177 1067 289 1139 batur.
304 1067 475 1155 cumipse
493 1065 628 1132 Salomo
651 1070 762 1131 near.
785 1069 840 1144 1,6
859 1062 1075 1152 approbante
1094 1061 1197 1128 lahve
1213 1060 1380 1127 sacrificia
1395 1061 1495 1127 obtu-

176 1173 254 1239 lerit
275 1172 311 1238 in
333 1173 419 1238 collo
443 1172 594 1238 Gabaon.
619 1170 858 1238 solemnitates
884 1191 1020 1236 annuae
1040 1168 1177 1234 statutis
1199 1189 1219 1231 a
1240 1172 1349 1255 Moyse
1371 1166 1496 1233 diebus

177 1279 455 1360 celebrabantur,
474 1277 689 1345 sacerdotum
711 1285 744 1344 et
765 1277 945 1343 levitarum
968 1273 1081 1342 officia
1100 1280 1134 1341 et
1154 1273 1230 1339 iura
1246 1280 1404 1340 accurate
1426 1273 1495 1338 cir-

129 1390 132 1397 '
178 1385 508 1465 cumscribebantur,
527 1390 591 1451 ete.
607 1390 659 1451 Sc.
677 1383 756 1450 tiva
771 1383 823 1450 lex
840 1381 972 1449 lsraelis
990 1403 1061 1447 non
1076 1387 1150 1448 erat
1165 1379 1385 1464 merediana,
1406 1401 1494 1469 quac

177 1492 313 1572 occidit,
331 1491 388 1558 sed
402 1491 502 1558 litera
515 1490 639 1579 spiritu
656 1490 858 1580 prophetico
874 1488 1044 1579 explicata
1058 1495 1092 1554 et
1103 1487 1265 1578 perfecta.

223 1600 360 1688 Accepit
386 1597 495 1683 igitur
520 1598 622 1664 thora
651 1598 781 1663 maiora
805 1607 993 1685 atiqmento
1021 1595 1210 1661 successiva
1237 1593 1318 1660 duo.
1346 1598 1495 1670 Quorum

179 1708 444 1790 augmentorum
458 1703 598 1770 adverte
613 1709 780 1792 tempora.
799 1707 873 1769 Non
886 1702 976 1768 enim
992 1701 1241 1791 prophetarum
1256 1699 1361 1766 cuivis
1375 1699 1499 1786 obtigit

177 1832 239 1876 sua
261 1810 380 1897 Moysis
400 1809 632 1877 voluminibus
656 1809 784 1876 addere
810 1808 1005 1890 volumina,
1032 1806 1092 1874 sed
1114 1805 1260 1893 singulis
1283 1805 1497 1873 ordientibus

177 1916 339 1983 historiae
356 1915 489 1982 Israelis
508 1914 728 2002 gravioribus
742 1915 882 2005 epochis
896 1913 933 1981 id
948 1914 1009 1982 uni
1026 1911 1161 1981 cuidam
1176 1911 1305 1998 insigni
1321 1911 1395 1979 viro
1413 1934 1496 1979 con-

176 2022 373 2090 cedebatur.
392 2021 536 2088 Addidit
553 2022 673 2104 thorae
688 2044 750 2089 sua
767 2026 863 2115 losue
878 2020 1067 2111 incipiente
1086 2042 1169 2087 aevo
1181 2018 1346 2098 iudicum,
1364 2017 1498 2085 addidit

176 2127 245 2195 alia
265 2128 402 2195 Samuel
422 2128 607 2216 incipiente
625 2150 710 2195 aevo
731 2112 856 2214 regum
881 2150 888 2196 :
914 2127 1102 2194 conieceris
1117 2126 1206 2208 fere,
1234 2126 1304 2192 alia
1325 2124 1496 2214 quaedam

178 2234 295 2301 addita
313 2256 383 2300 esse
403 2234 591 2324 incipiente
614 2241 689 2323 post
707 2235 917 2301 destructum
941 2255 1088 2320 regnum
1109 2255 1199 2300 novo
1219 2254 1315 2299 aevo.
1340 2231 1406 2298 Sed
1425 2254 1498 2297 non

178 2340 250 2405 sine
265 2339 381 2406 solidis
396 2340 589 2408 rationibus
605 2342 783 2420 concedes
799 2347 1015 2407 sacrosancto
1030 2341 1150 2406 thorae
1170 2339 1262 2429 apud
1282 2359 1396 2405 arcam
1412 2360 1497 2426 apo-

179 2445 315 2536 grapho
341 2438 459 2535 aliqua
480 2446 599 2513 addita
626 2469 699 2513 esse
729 2445 877 2514 (latrante
899 2468 1021 2534 regum
1048 2468 1151 2531 aete,
1178 2445 1310 2535 aliqua,
1334 2444 1493 2533 inquam,

180 2574 247 2618 non
264 2551 396 2618 minora
412 2551 461 2618 uti
476 2558 572 2620 Deut.
598 2558 778 2634 28,l⁷·t58‚
795 2554 856 2620 scd
876 2554 1050 2640 integrum
1065 2552 1193 2618 librum
1212 2549 1426 2641 bipartitum.

224 2659 282 2724 Vix
299 2658 461 2725 credendi
476 2664 555 2726 sunt
568 2660 674 2726 David
691 2660 744 2745 (ci.
769 2666 788 2725 3
809 2663 893 2747 Reg.
911 2666 985 2741 233
1006 2668 1021 2726 1
1039 2664 1113 2727 Par.
1131 2658 1256 2746 eata),
1274 2657 1423 2737 Salom0‚
1443 2656 1498 2723 vel

179 2764 303 2854 aliquis
322 2765 491 2855 propheta
505 2767 628 2834 horum
645 2789 767 2851 regum
783 2766 936 2855 aequalis
949 2765 1038 2834 illud
1054 2765 1299 2832 documentum
1318 2763 1367 2830 ita
1384 2762 1499 2831 lundi-

178 2876 232 2937 tus
251 2871 416 2937 mutaturi
427 2873 544 2950 luisse,
561 2873 653 2961 quod
667 2872 805 2941 Samuel
818 2893 937 2939 reeens
949 2873 1020 2939 vita
1032 2873 1168 2938 iunctus
1181 2876 1365 2960 tantaeque
1380 2875 1497 2937 aucto-

179 2976 287 3041 ritatis
313 2978 483 3064 propheta
512 2978 618 3044 veluti
648 3001 711 3067 pro
739 3000 866 3066 magna
888 2979 1009 3046 charta
1034 2978 1135 3065 regni
1158 2984 1356 3067 reposuerat
1381 2999 1496 3044 eoram

180 3082 292 3147 lalrve.
316 3086 392 3147 Post
411 3082 627 3149 Salomonem
648 3083 826 3150 discissum
850 3091 900 3152 est
923 3107 1081 3169 regnum,
1108 3092 1220 3152 secuta
1240 3091 1320 3151 sunt
1341 3090 1497 3174 tempora

180 3186 421 3272 agitatissima‚
455 3187 631 3275 religionis
665 3191 842 3276 neglectus
872 3191 1056 3280 plurimus
1088 3198 1163 3258 Non
1184 3191 1252 3257 illis
1284 3190 1497 3281 temporibus

180 3293 311 3360 maiora
335 3300 523 3381 augmenta
545 3297 691 3385 sumpsit
711 3297 822 3365 thora.
846 3302 917 3364 Non
937 3298 1128 3388 quidquam
1149 3303 1240 3364 certe
1260 3298 1362 3365 losias
1377 3298 1495 3364 thorae

179 3407 334 3489 repertae
349 3401 495 3482 addidit,
521 3401 583 3469 scd
600 3401 710 3491 ipsam
726 3403 841 3490 legem
861 3427 881 3472 a
899 3433 914 3465 α
932 3405 1086 3493 patribus
1111 3433 1125 3463 a
1148 3408 1180 3494 (l
1201 3408 1283 3490 Reg.
1304 3404 1419 3492 2213)
1440 3425 1496 3471 ne·

179 3506 326 3592 glectam
346 3509 398 3574 sui
412 3509 561 3576 foederis
579 3508 741 3576 adhibuit
760 3511 1037 3578 instrumentum.
1060 3511 1151 3578 Nulli
1166 3533 1285 3577 eorum
1308 3532 1430 3596 regum
1443 3510 1496 3576 vel

181 3613 428 3699 prophetarum
458 3616 603 3682 similem
634 3616 726 3683 circa
761 3616 897 3683 theram
926 3623 1121 3707 susceptum
1154 3617 1310 3684 laborem
1340 3616 1497 3685 attribuit

180 3717 360 3891 scriptura,
386 3719 523 3807 qualem
547 3722 706 3790 attribuit
731 3729 827 3790 losue
855 3730 888 3789 et
907 3723 1074 3807 Samueli;
1095 3725 1166 3791 imo
1184 3724 1273 3791 nulli
1292 3723 1495 3791 ludaeorum

180 3829 231 3891 tra
259 3825 331 3891 itio.

215 4067 282 4116 Pius
297 4070 488 4134 rextcscptat
503 4069 518 4120 2
536 4070 600 4119 Par.
619 4071 679 4127 tw
693 4086 755 4136 sqq.
768 4075 959 4133 circummisit,
972 4077 1019 4138 qui
1032 4075 1166 4126 docerent
1180 4077 1313 4139 populum
1330 4089 1340 4120 e
1361 4071 1499 4123 habentes

179 4155 279 4203 librum
295 4157 393 4207 thorae
412 4159 500 4209 Jahve
517 4174 546 4219 t,
564 4171 628 4209 eum
644 4172 682 4209 sc.
700 4161 817 4222 librum,
837 4164 886 4225 qut
902 4170 967 4226 post
981 4164 1098 4226 Moysen
1112 4177 1129 4213 a
1150 4163 1281 4215 Samuele
1295 4174 1383 4227 prope
1404 4174 1497 4212 aream

178 4243 319 4306 repositus
340 4245 445 4305 fuerat,
463 4249 567 4311 quique
591 4247 684 4298 Icsiae
702 4250 768 4299 item
789 4252 914 4314 ternpore
935 4252 1034 4303 eodem
1053 4253 1102 4302 illo
1126 4254 1239 4302 nonime
1260 4252 1463 4316 appellabatur,
1481 4265 1498 4301 a

179 4330 273 4393 Moyse
292 4334 426 4395 seriptum
443 4337 471 4385 et
485 4348 502 4385 a
516 4335 649 4387 Samuele
664 4338 839 4389 collectaneo
859 4342 988 4401 auctum,
1004 4343 1220 4391 instrumentum
1232 4340 1353 4391 foederis
1372 4354 1389 4390 a
1403 4339 1499 4402 Moyse

178 4420 299 4471 restituti
309 4424 337 4471 et
351 4422 386 4472 ab
402 4424 459 4473 Asa
473 4427 601 4476 renovati
619 4427 697 4479 tata
715 4424 772 4493 (ubl
786 4441 934 4494 perperam
949 4430 1035 4493 Vulg.
1051 4429 1129 4480 addit
1150 4447 1162 4479 r
1179 4431 1214 4482 de
1230 4443 1307 4482 more
1324 4427 1359 4495 r).
1376 4430 1497 4479 Rursum

179 4508 347 4560 edocebatur
362 4514 483 4575 populus
498 4514 675 4566 conditiones
688 4515 809 4569 laederis
821 4530 920 4570 recens
932 4521 1076 4580 renovati,
1091 4533 1146 4583 quo
1156 4518 1267 4570 fidelius
1281 4520 1350 4570 illud
1361 4520 1496 4570 servaret.

178 4623 214 4636 -
234 4598 288 4650 Scd
306 4599 320 4648 l
336 4600 406 4664 Reg.
426 4601 471 4663 11,
496 4603 540 4664 ta;
559 4604 573 4653 ’Ξ
590 4605 653 4655 Par.
678 4605 721 4665 23,
742 4607 768 4656 ll
787 4620 843 4658 non
863 4608 957 4671 agitur
982 4607 1016 4658 de
1035 4608 1116 4659 thora
1137 4623 1144 4657 .·
1171 4615 1231 4658 loce
1254 4621 1312 4659 non
1335 4608 1498 4657 induebatur

179 4700 247 4740 sane
262 4688 420 4741 diademate
434 4696 461 4742 et
476 4693 567 4742 thora.
585 4700 658 4752 ΝΤ]
674 4696 869 4759 testimoninm,
882 4709 939 4748 non
955 4703 997 4749 est
1012 4697 1082 4748 liber
1096 4699 1207 4757 thorae,
1220 4697 1270 4749 sed
1285 4697 1336 4747 Ex.
1347 4698 1424 4757 ‘tart
1441 4701 1495 4747 ete.
