3366 5346
188 288 244 349 100
736 299 946 343 rsrnooucrro.

184 441 355 526 inspectus
380 458 469 503 unus
495 434 657 524 idemque
687 440 794 500 textus
826 433 869 499 sit
895 455 973 500 cum
1002 434 1231 522 pentateucho
1260 434 1408 502 esdrino.
1436 436 1500 502 uhi

185 551 347 611 tlanasses
373 544 535 610 statuitur
564 541 746 609 Nehemiae
771 539 939 629 aequalis,
968 540 1139 607 evanescit
1165 540 1267 606 simul
1296 540 1498 623 difficultaS,

187 649 454 740 pentateuchum
487 653 576 715 Sam.
615 647 766 735 antiquis
798 646 1057 713 characteribus
1090 668 1160 712 csse
1189 654 1383 730 exaratum,
1416 648 1500 716 dum

188 766 339 846 tempore
355 754 538 823 Alexandri
559 754 674 821 ludaei
694 754 763 820 iam
787 751 995 852 assueverint
1014 751 1202 841 scripturae
1222 754 1422 841 quadratae.

229 870 299 941 Qua
317 868 432 929 nostra
451 861 615 951 opinione
635 861 677 927 de
697 867 861 948 tempore,
880 881 948 949 quo
969 859 1173 925 Samaritani
1193 882 1354 949 accepere
1376 868 1500 950 penta-

183 971 355 1049 teuchum,
383 966 606 1035 confirmatur
631 966 730 1046 illud,
756 967 848 1055 quod
870 988 904 1055 p.
930 973 972 1033 96
992 987 1043 1054 sq.
1069 965 1352 1053 suggerebamus,
1373 967 1500 1057 scripta

184 1077 331 1143 mosaica
344 1077 485 1141 fortasse
501 1074 556 1140 vel
571 1079 649 1141 ante
662 1071 871 1147 destructam
887 1072 1009 1139 urbem
1020 1072 1054 1137 in
1069 1071 1274 1161 quibusdam
1286 1075 1499 1164 apographis

182 1184 219 1249 in
240 1204 346 1250 unum
371 1186 532 1268 congesta
553 1179 716 1247 exstitisse
737 1179 1014 1268 pentateuchum.
1040 1178 1164 1255 Quodsi
1188 1179 1281 1245 enim
1304 1179 1339 1246 id
1364 1181 1495 1247 factum

182 1297 267 1355 esset
287 1294 359 1356 tum
378 1288 481 1376 plane
500 1291 669 1365 recenter,
690 1286 760 1351 imo
782 1286 826 1351 ab
846 1284 920 1374 ipso
940 1285 1056 1366 Esdra,
1076 1286 1218 1352 fortasse
1238 1291 1414 1370 Manasses,
1436 1290 1498 1376 qui

182 1395 363 1462 schismate
383 1395 427 1460 ab
442 1394 547 1461 Esdra
566 1393 750 1460 recedebat
769 1391 910 1481 eiusque
930 1392 1166 1459 auctoritatem
1185 1392 1404 1481 repudiabat,
1423 1415 1498 1459 non

182 1503 305 1568 Esdrae
330 1501 467 1567 thoram
494 1521 590 1567 suam
620 1499 767 1579 fecisset,
796 1499 855 1565 sed
887 1497 991 1564 aliam
1024 1497 1169 1564 minoris
1199 1499 1298 1565 molis
1328 1500 1494 1589 aliquam.

181 1607 281 1673 Aliud
301 1607 376 1695 ipse
396 1606 558 1672 censebat
578 1606 816 1672 auctoritatem
836 1605 973 1686 Esdrae‚
996 1603 1091 1671 aliud
1111 1605 1352 1672 auctoritatem
1375 1615 1498 1695 penta-

180 1713 309 1780 teuchi.
332 1712 453 1779 Esdras
468 1711 601 1796 veroin
616 1711 717 1777 thora
732 1710 892 1797 augenda
912 1711 983 1777 fere
999 1710 1070 1797 egit
1085 1711 1248 1800 idipsum,
1266 1713 1357 1801 quod
1376 1720 1497 1799 egerat

180 1820 328 1886 Samuel.
347 1819 481 1885 Samuel
500 1819 594 1904 leges
612 1817 825 1900 collectanei,
849 1839 995 1906 quarum
1015 1818 1200 1906 pleraeque
1220 1840 1256 1884 se
1276 1825 1385 1886 essent
1403 1820 1495 1884 anti-

178 1925 325 2016 qui0res.
352 1925 472 1991 thorae
496 1924 615 2012 lloysis
640 1925 828 1998 accensuit;
854 1924 918 1990 hac
947 1924 1050 1990 thora
1070 1930 1171 1990 aucta
1196 1923 1333 1990 videtur
1361 1932 1373 1991 1
1404 1929 1490 2012 lteg.

181 2040 281 2111 11‚15
296 2054 376 2099 usus
393 2054 466 2099 esse
484 2033 520 2097 in
538 2030 735 2098 renovando
753 2032 929 2098 occasione
947 2030 1093 2097 instituti
1107 2030 1212 2119 primi
1232 2032 1322 2118 regis
1341 2030 1493 2114 foedere,

179 2138 230 2206 uti
250 2139 370 2205 eadem
399 2144 488 2205 certe
512 2137 557 2204 ad
582 2136 729 2203 eundem
747 2137 859 2203 finem
884 2158 964 2204 usus
985 2143 1035 2202 cst
1062 2136 1176 2204 losias.
1199 2137 1319 2203 Esdras
1343 2160 1422 2204 usus
1446 2146 1496 2205 est

180 2245 367 2334 exemplari
382 2245 499 2332 aliquo
515 2245 635 2310 thorae
649 2243 844 2332 antiquiore
859 2266 905 2323 se,
923 2243 960 2308 in
975 2242 1068 2331 quod
1083 2250 1244 2329 congesta
1257 2251 1356 2310 erant
1370 2244 1495 2333 scripta

182 2350 327 2418 mosaica
340 2350 467 2431 onmia,
481 2372 590 2438 coque
604 2371 684 2416 usus
697 2356 745 2415 est
757 2348 947 2415 renovandi
959 2349 1108 2416 foederis
1120 2349 1360 2418 instrumento.
1373 2351 1495 2418 Esdras

183 2485 198 2518 a
217 2455 463 2524 canonizavit»
484 2456 752 2546 pentateuchum
771 2456 832 2534 ita,
851 2455 903 2521 uti
921 2456 1056 2523 Samuel
1074 2486 1089 2517 «
1111 2456 1373 2523 canonizaverat
1389 2487 1405 2518 n
1421 2458 1493 2523 col-

179 2564 384 2631 lectancnm.

225 2675 292 2738 Cur
306 2693 385 2737 vero
399 2670 520 2737 Esdras
534 2669 622 2736 illud
642 2669 818 2759 exemplar
835 2669 908 2736 aliis
927 2669 1114 2759 praetulit?
1131 2673 1292 2750 Fortasse,
1311 2670 1404 2759 quod
1424 2671 1494 2738 alia

177 2801 244 2845 non
257 2778 400 2845 haberet
415 2799 422 2845 :
439 2776 657 2866 nequeenim
671 2783 781 2843 totum
795 2776 946 2865 aliquem
961 2783 1166 2865 apparatum
1177 2778 1492 2866 manuscriptorum

177 2885 294 2951 ludaei
309 2885 394 2949 urhe
408 2884 577 2948 destructa
590 2882 798 2969 Babylonem
815 2888 1088 2971 asportaverunt,
1103 2882 1336 2950 conficiendae
1350 2883 1493 2949 editioni

180 2991 317 3056 criticae
346 2989 466 3054 thorae
493 2987 672 3067 idoneum;
699 2988 759 3053 sed
781 3011 821 3053 ea
843 2988 1067 3077 exemplaria,
1096 3011 1184 3077 quae
1205 2990 1312 3055 furori
1340 2989 1491 3078 primum

178 3117 299 3182 regum
316 3117 355 3160 ac
369 3099 485 3183 postea
500 3092 629 3158 excidio
643 3093 737 3159 urbis
751 3101 860 3160 essent
874 3093 1058 3161 subtracta.
1073 3094 1106 3161 si
1119 3095 1221 3184 plura
1234 3118 1318 3184 prae
1332 3096 1493 3164 manibus

180 3200 303 3268 habuit
323 3200 444 3266 Esdras
462 3199 684 3287 exemplaria,
708 3221 768 3266 cur
790 3201 854 3266 hoc
877 3222 985 3267 unum
1010 3201 1192 3290 praetulit?
1216 3203 1374 3283 fortasse,
1399 3203 1491 3292 quod

182 3307 257 3374 aliis
272 3313 357 3374 essct
379 3306 489 3392 magis
507 3305 695 3392 integrum,
714 3305 804 3394 quod
823 3306 968 3372 sciretur
987 3307 1083 3373 nulla
1100 3308 1229 3375 hahere
1248 3309 1385 3399 scripta,
1403 3333 1491 3400 quae

180 3414 332 3502 genuina
361 3420 394 3480 ct
418 3412 566 3480 mosaica
592 3434 661 3478 non
687 3419 815 3493 essent,
840 3412 932 3500 quod
957 3436 1063 3502 penes
1088 3414 1244 3481 homines
1272 3417 1393 3482 eximie
1418 3416 1492 3505 pios

179 3524 282 3607 longo
303 3530 455 3609 tempore
475 3525 683 3587 asservatum
704 3519 868 3584 maiorem
890 3517 1063 3585 videretur
1083 3522 1209 3586 mereri
1228 3520 1344 3587 fidem.
1371 3528 1491 3589 Exem-

180 3629 268 3717 plar,
291 3628 379 3714 quod
407 3628 484 3714 plus
504 3626 646 3693 haberet
667 3625 871 3715 scriptorum
894 3625 1035 3691 indubie
1058 3649 1250 3705 sacrorum,
1281 3629 1421 3696 fortasse
1447 3630 1491 3697 ob

181 3756 256 3800 eam
276 3733 384 3820 ipsam
404 3734 572 3797 rationem
593 3732 813 3798 indicabatur
830 3754 900 3798 esse
921 3733 1197 3821 praeferendum.
1220 3740 1309 3812 Este,
1332 3757 1404 3801 non
1424 3736 1491 3802 sint

179 3863 239 3907 eac
258 3839 397 3905 criticae
417 3837 565 3904 rationes
587 3860 594 3906 :
617 3845 713 3905 crant
733 3840 873 3905 fortasse
894 3839 1043 3927 optimae
1063 3840 1222 3929 opinione
1243 3841 1315 3908 cius
1332 3841 1407 3908 aevi
1430 3843 1491 3908 ho-

179 3950 328 4027 minum3
355 3943 499 4013 humani
526 3966 605 4010 vero
631 3945 763 4032 ingenii
787 3945 1061 4013 imbecillitatem
1087 3947 1272 4036 supplebat
1294 3950 1350 4014 bei
1380 3950 1492 4038 provi·

179 4053 305 4118 dentia.

224 4166 274 4229 nt.
293 4180 406 4224 nonne
423 4159 549 4224 erravit
568 4157 688 4223 Esdras
707 4159 842 4223 thoram
862 4158 980 4245 Moysis
999 4164 1161 4249 reputans
1183 4183 1252 4227 esse
1275 4169 1386 4228 totum
1402 4185 1489 4252 pcn-

180 4264 395 4329 tateuchum‘l
409 4265 657 4331 l‘entatcnchus
673 4286 791 4330 revera
806 4271 879 4330 erat
893 4265 1004 4345 thora,
1023 4288 1068 4331 se.
1085 4266 1184 4333 thora
1200 4268 1364 4353 legitimis
1379 4269 1490 4336 incre·

180 4370 302 4436 mentis
327 4376 441 4443 atleta.
467 4393 537 4437 non
564 4371 654 4437 enim
678 4370 853 4458 prophetis
880 4372 1152 4459 repugnantibus
1175 4397 1349 4441 censemus
1373 4377 1489 4442 omnia

179 4477 316 4545 tandem
336 4477 462 4566 scripta
483 4476 629 4542 mosaica
647 4477 685 4542 in
703 4499 811 4543 unum
831 4478 1100 4567 pentateuchum
1120 4481 1293 4548 coaluisse.
1313 4483 1424 4547 Thera
1438 4505 1483 4550 sc.

178 4585 238 4651 illu
251 4606 318 4651 non
337 4583 417 4650 data
431 4584 544 4650 fuerat
558 4582 716 4649 llcbraeis
732 4589 906 4672 tamquam
923 4583 1022 4650 litera
1038 4593 1184 4669 mortua,
1203 4588 1315 4677 qualis
1330 4589 1486 4656 editioni-

178 4693 241 4758 bus
263 4691 386 4758 criticis
406 4689 542 4758 definiri
566 4689 757 4767 consuevit,
780 4690 839 4757 scd
859 4698 1034 4781 tamquam
1056 4693 1144 4760 liber
1161 4695 1198 4761 in
1222 4696 1381 4764 manibus
1404 4719 1485 4785 pro-
