<?xml version="1.0" encoding="UTF-8"?>
<!DOCTYPE html PUBLIC "-//W3C//DTD XHTML 1.0 Transitional//EN"
    "http://www.w3.org/TR/xhtml1/DTD/xhtml1-transitional.dtd">
<html xmlns="http://www.w3.org/1999/xhtml" xml:lang="en" lang="en">
 <head>
  <title>
</title>
<meta http-equiv="Content-Type" content="text/html;charset=utf-8" />
  <meta name='ocr-system' content='tesseract 3.04.00' />
  <meta name='ocr-capabilities' content='ocr_page ocr_carea ocr_par ocr_line ocrx_word'/>
</head>
<body>
  <div class='ocr_page' id='page_1' title='image "./commentariusind00hummgoog/commentariusind00hummgoog_0409.png"; bbox 0 0 3366 5346; ppageno 0'>
   <div class='ocr_carea' id='block_1_1' title="bbox 236 269 1096 331">
    <p class='ocr_par' dir='ltr' id='par_1_1' title="bbox 236 269 1096 331">
     <span class='ocr_line' id='line_1_1' title="bbox 236 269 1096 331; baseline 0.001 -4"><span class='ocrx_word' id='word_1_1' title='bbox 236 269 295 328; x_wconf 80' lang='lat'><strong>380</strong></span> <span class='ocrx_word' id='word_1_2' title='bbox 687 284 919 331; x_wconf 70' lang='lat' dir='ltr'><strong>cursuscursus</strong></span> <span class='ocrx_word' id='word_1_3' title='bbox 941 285 1096 330; x_wconf 75' lang='lat' dir='ltr'><strong>senueris.</strong></span> 
     </span>
    </p>
   </div>
   <div class='ocr_carea' id='block_1_2' title="bbox 232 415 1558 1893">
    <p class='ocr_par' dir='ltr' id='par_1_2' title="bbox 232 415 1558 1893">
     <span class='ocr_line' id='line_1_2' title="bbox 280 415 1558 508; baseline -0.002 -25"><span class='ocrx_word' id='word_1_4' title='bbox 280 420 392 484; x_wconf 90' lang='lat' dir='ltr'><strong>Prima</strong></span> <span class='ocrx_word' id='word_1_5' title='bbox 417 418 641 508; x_wconf 81' lang='lat' dir='ltr'><strong>explicatione</strong></span> <span class='ocrx_word' id='word_1_6' title='bbox 662 442 693 485; x_wconf 94' lang='lat' dir='ltr'><strong>v.</strong></span> <span class='ocrx_word' id='word_1_7' title='bbox 717 427 774 488; x_wconf 72' lang='lat' dir='ltr'><strong>cn</strong></span> <span class='ocrx_word' id='word_1_8' title='bbox 796 419 971 501; x_wconf 84' lang='lat' dir='ltr'><strong>absoluta,</strong></span> <span class='ocrx_word' id='word_1_9' title='bbox 999 443 1030 485; x_wconf 94' lang='lat' dir='ltr'><strong>v.</strong></span> <span class='ocrx_word' id='word_1_10' title='bbox 1058 425 1077 483; x_wconf 83' lang='lat'><strong>7</strong></span> <span class='ocrx_word' id='word_1_11' title='bbox 1098 417 1250 484; x_wconf 91' lang='lat' dir='ltr'><strong>declarat</strong></span> <span class='ocrx_word' id='word_1_12' title='bbox 1276 415 1439 484; x_wconf 80' lang='lat' dir='ltr'>collector</span> <span class='ocrx_word' id='word_1_13' title='bbox 1463 415 1558 482; x_wconf 90' lang='lat' dir='ltr'><strong>hanc</strong></span> 
     </span>
     <span class='ocr_line' id='line_1_3' title="bbox 236 522 1554 615; baseline 0 -25"><span class='ocrx_word' id='word_1_14' title='bbox 236 525 502 615; x_wconf 73' lang='lat' dir='ltr'><strong>explicationem</strong></span> <span class='ocrx_word' id='word_1_15' title='bbox 528 526 572 613; x_wconf 89' lang='lat' dir='ltr'><strong>(v.</strong></span> <span class='ocrx_word' id='word_1_16' title='bbox 601 525 633 614; x_wconf 83' lang='grc'><strong>11)</strong></span> <span class='ocrx_word' id='word_1_17' title='bbox 653 526 849 592; x_wconf 91' lang='lat' dir='ltr'><strong>habendam</strong></span> <span class='ocrx_word' id='word_1_18' title='bbox 870 548 940 592; x_wconf 91' lang='lat' dir='ltr'><strong>esse</strong></span> <span class='ocrx_word' id='word_1_19' title='bbox 961 548 1026 615; x_wconf 91' lang='lat' dir='ltr'><strong>pro</strong></span> <span class='ocrx_word' id='word_1_20' title='bbox 1049 522 1212 591; x_wconf 81' lang='lat' dir='ltr'><strong>mandato</strong></span> <span class='ocrx_word' id='word_1_21' title='bbox 1237 523 1356 603; x_wconf 70' lang='lat' dir='ltr'><strong>(ntsn).</strong></span> <span class='ocrx_word' id='word_1_22' title='bbox 1378 545 1442 613; x_wconf 92' lang='lat' dir='ltr'><strong>pro</strong></span> <span class='ocrx_word' id='word_1_23' title='bbox 1459 522 1554 611; x_wconf 84' lang='lat' dir='ltr'><strong>lege,</strong></span> 
     </span>
     <span class='ocr_line' id='line_1_4' title="bbox 237 627 1558 720; baseline 0 -25"><span class='ocrx_word' id='word_1_24' title='bbox 237 654 342 720; x_wconf 88' lang='lat' dir='ltr'><strong>quam</strong></span> <span class='ocrx_word' id='word_1_25' title='bbox 365 631 497 699; x_wconf 92' lang='lat' dir='ltr'><strong>iudices</strong></span> <span class='ocrx_word' id='word_1_26' title='bbox 516 638 704 720; x_wconf 90' lang='lat' dir='ltr'><strong>sequantur</strong></span> <span class='ocrx_word' id='word_1_27' title='bbox 724 632 761 699; x_wconf 91' lang='lat' dir='ltr'><strong>in</strong></span> <span class='ocrx_word' id='word_1_28' title='bbox 781 631 1012 700; x_wconf 91' lang='lat' dir='ltr'><strong>diiudicandis</strong></span> <span class='ocrx_word' id='word_1_29' title='bbox 1025 630 1136 699; x_wconf 90' lang='lat' dir='ltr'><strong>causis</strong></span> <span class='ocrx_word' id='word_1_30' title='bbox 1151 629 1355 697; x_wconf 85' lang='lat' dir='ltr'><strong>occisorum.</strong></span> <span class='ocrx_word' id='word_1_31' title='bbox 1375 653 1405 697; x_wconf 94' lang='lat' dir='ltr'><strong>v.</strong></span> <span class='ocrx_word' id='word_1_32' title='bbox 1424 635 1476 694; x_wconf 82' lang='lat'><strong>7«</strong></span> <span class='ocrx_word' id='word_1_33' title='bbox 1495 627 1558 694; x_wconf 87' lang='lat' dir='ltr'><strong>Id-</strong></span> 
     </span>
     <span class='ocr_line' id='line_1_5' title="bbox 236 735 1556 827; baseline -0.002 -23"><span class='ocrx_word' id='word_1_34' title='bbox 236 738 325 804; x_wconf 82' lang='lat' dir='ltr'><strong>circo</strong></span> <span class='ocrx_word' id='word_1_35' title='bbox 339 738 514 827; x_wconf 76' lang='lat' dir='ltr'><strong>praecipio</strong></span> <span class='ocrx_word' id='word_1_36' title='bbox 533 737 596 803; x_wconf 79' lang='lat' dir='ltr'><strong>tibi</strong></span> <span class='ocrx_word' id='word_1_37' title='bbox 612 765 627 800; x_wconf 88' lang='lat'>»</span> <span class='ocrx_word' id='word_1_38' title='bbox 648 737 775 821; x_wconf 80' lang='lat' dir='ltr'><strong>diceus,</strong></span> <span class='ocrx_word' id='word_1_39' title='bbox 796 768 811 800; x_wconf 92' lang='lat'>«</span> <span class='ocrx_word' id='word_1_40' title='bbox 829 752 866 805; x_wconf 86' lang='grc'><strong>111</strong></span> <span class='ocrx_word' id='word_1_41' title='bbox 879 751 945 805; x_wconf 83' lang='lat' dir='ltr'><strong>tres</strong></span> <span class='ocrx_word' id='word_1_42' title='bbox 961 737 1116 806; x_wconf 80' lang='lat' dir='ltr'><strong>civitates</strong></span> <span class='ocrx_word' id='word_1_43' title='bbox 1129 735 1297 827; x_wconf 77' lang='lat' dir='ltr'><strong>[aequalis</strong></span> <span class='ocrx_word' id='word_1_44' title='bbox 1312 735 1403 802; x_wconf 83' lang='lat' dir='ltr'><strong>inter</strong></span> <span class='ocrx_word' id='word_1_45' title='bbox 1422 758 1457 802; x_wconf 85' lang='lat' dir='ltr'><strong>sc</strong></span> <span class='ocrx_word' id='word_1_46' title='bbox 1471 757 1556 825; x_wconf 83' lang='lat' dir='ltr'><strong>spa-</strong></span> 
     </span>
     <span class='ocr_line' id='line_1_6' title="bbox 236 841 1555 933; baseline 0 -24"><span class='ocrx_word' id='word_1_47' title='bbox 236 844 286 933; x_wconf 76' lang='lat' dir='ltr'><strong>tii]</strong></span> <span class='ocrx_word' id='word_1_48' title='bbox 312 843 448 910; x_wconf 69' lang='lat' dir='ltr'><strong>[lividos</strong></span> <span class='ocrx_word' id='word_1_49' title='bbox 474 872 503 910; x_wconf 88' lang='lat'><strong>».</strong></span> <span class='ocrx_word' id='word_1_50' title='bbox 528 844 591 910; x_wconf 91' lang='lat' dir='ltr'><strong>Ubi</strong></span> <span class='ocrx_word' id='word_1_51' title='bbox 617 851 699 911; x_wconf 89' lang='lat' dir='ltr'><strong>nota</strong></span> <span class='ocrx_word' id='word_1_52' title='bbox 725 845 815 913; x_wconf 92' lang='lat' dir='ltr'><strong>illud</strong></span> <span class='ocrx_word' id='word_1_53' title='bbox 843 845 969 913; x_wconf 80' lang='lat' dir='ltr'><strong>dicens.</strong></span> <span class='ocrx_word' id='word_1_54' title='bbox 993 847 1148 912; x_wconf 87' lang='lat' dir='ltr'><strong>Citantur</strong></span> <span class='ocrx_word' id='word_1_55' title='bbox 1171 865 1218 910; x_wconf 90' lang='lat' dir='ltr'><strong>sc.</strong></span> <span class='ocrx_word' id='word_1_56' title='bbox 1244 843 1451 910; x_wconf 86' lang='lat' dir='ltr'><strong>verbotenus</strong></span> <span class='ocrx_word' id='word_1_57' title='bbox 1475 841 1555 931; x_wconf 87' lang='lat' dir='ltr'><strong>ipsa</strong></span> 
     </span>
     <span class='ocr_line' id='line_1_7' title="bbox 235 948 1555 1041; baseline -0.003 -23"><span class='ocrx_word' id='word_1_58' title='bbox 235 957 385 1040; x_wconf 85' lang='lat' dir='ltr'><strong>quatuor</strong></span> <span class='ocrx_word' id='word_1_59' title='bbox 399 951 487 1037; x_wconf 90' lang='lat' dir='ltr'><strong>legis</strong></span> <span class='ocrx_word' id='word_1_60' title='bbox 497 950 615 1032; x_wconf 89' lang='lat' dir='ltr'><strong>verba,</strong></span> <span class='ocrx_word' id='word_1_61' title='bbox 633 973 722 1041; x_wconf 91' lang='lat' dir='ltr'><strong>quae</strong></span> <span class='ocrx_word' id='word_1_62' title='bbox 737 951 957 1020; x_wconf 77' lang='lat' dir='ltr'><strong>habebantur</strong></span> <span class='ocrx_word' id='word_1_63' title='bbox 968 951 1065 1018; x_wconf 91' lang='lat' dir='ltr'><strong>initio</strong></span> <span class='ocrx_word' id='word_1_64' title='bbox 1080 972 1112 1016; x_wconf 92' lang='lat' dir='ltr'><strong>v.</strong></span> <span class='ocrx_word' id='word_1_65' title='bbox 1126 956 1159 1035; x_wconf 74' lang='lat'><strong>2,</strong></span> <span class='ocrx_word' id='word_1_66' title='bbox 1175 970 1254 1017; x_wconf 91' lang='lat' dir='ltr'><strong>cum</strong></span> <span class='ocrx_word' id='word_1_67' title='bbox 1265 948 1436 1016; x_wconf 71' lang='lat' dir='ltr'><strong>lamcu&#39;ad</strong></span> <span class='ocrx_word' id='word_1_68' title='bbox 1454 970 1555 1015; x_wconf 88' lang='lat' dir='ltr'><strong>man·</strong></span> 
     </span>
     <span class='ocr_line' id='line_1_8' title="bbox 235 1053 1554 1143; baseline -0.001 -21"><span class='ocrx_word' id='word_1_69' title='bbox 235 1055 306 1123; x_wconf 90' lang='lat' dir='ltr'><strong>dati</strong></span> <span class='ocrx_word' id='word_1_70' title='bbox 325 1056 530 1143; x_wconf 86' lang='lat' dir='ltr'><strong>dignitatem</strong></span> <span class='ocrx_word' id='word_1_71' title='bbox 555 1059 720 1125; x_wconf 87' lang='lat' dir='ltr'><strong>evehatur</strong></span> <span class='ocrx_word' id='word_1_72' title='bbox 743 1080 813 1125; x_wconf 91' lang='lat' dir='ltr'><strong>non</strong></span> <span class='ocrx_word' id='word_1_73' title='bbox 833 1060 922 1126; x_wconf 91' lang='lat' dir='ltr'><strong>solus</strong></span> <span class='ocrx_word' id='word_1_74' title='bbox 944 1081 976 1127; x_wconf 88' lang='lat' dir='ltr'><strong>v.</strong></span> <span class='ocrx_word' id='word_1_75' title='bbox 1003 1063 1035 1138; x_wconf 73' lang='lat'><strong>2,</strong></span> <span class='ocrx_word' id='word_1_76' title='bbox 1059 1057 1119 1124; x_wconf 90' lang='lat' dir='ltr'><strong>sed</strong></span> <span class='ocrx_word' id='word_1_77' title='bbox 1141 1060 1213 1124; x_wconf 89' lang='lat' dir='ltr'><strong>tota</strong></span> <span class='ocrx_word' id='word_1_78' title='bbox 1233 1055 1284 1122; x_wconf 83' lang='lat' dir='ltr'><strong>lex</strong></span> <span class='ocrx_word' id='word_1_79' title='bbox 1305 1079 1336 1124; x_wconf 88' lang='lat' dir='ltr'><strong>v.</strong></span> <span class='ocrx_word' id='word_1_80' title='bbox 1363 1062 1432 1123; x_wconf 83' lang='grc'><strong>1-6.</strong></span> <span class='ocrx_word' id='word_1_81' title='bbox 1453 1053 1554 1132; x_wconf 83' lang='lat' dir='ltr'><strong>Quod</strong></span> 
     </span>
     <span class='ocr_line' id='line_1_9' title="bbox 233 1162 1550 1253; baseline 0.001 -24"><span class='ocrx_word' id='word_1_82' title='bbox 233 1167 327 1252; x_wconf 87' lang='lat' dir='ltr'><strong>patet</strong></span> <span class='ocrx_word' id='word_1_83' title='bbox 343 1163 396 1230; x_wconf 92' lang='lat' dir='ltr'><strong>vel</strong></span> <span class='ocrx_word' id='word_1_84' title='bbox 417 1185 434 1231; x_wconf 90' lang='lat' dir='ltr'><strong>e</strong></span> <span class='ocrx_word' id='word_1_85' title='bbox 454 1185 538 1230; x_wconf 91' lang='lat' dir='ltr'><strong>voce</strong></span> <span class='ocrx_word' id='word_1_86' title='bbox 560 1163 700 1248; x_wconf 82' lang='lat' dir='ltr'><strong>idcirco,</strong></span> <span class='ocrx_word' id='word_1_87' title='bbox 723 1186 813 1253; x_wconf 92' lang='lat' dir='ltr'><strong>quae</strong></span> <span class='ocrx_word' id='word_1_88' title='bbox 836 1165 945 1231; x_wconf 91' lang='lat' dir='ltr'><strong>multo</strong></span> <span class='ocrx_word' id='word_1_89' title='bbox 958 1162 1069 1250; x_wconf 87' lang='lat' dir='ltr'><strong>magis</strong></span> <span class='ocrx_word' id='word_1_90' title='bbox 1084 1163 1224 1253; x_wconf 79' lang='lat' dir='ltr'><strong>respicit</strong></span> <span class='ocrx_word' id='word_1_91' title='bbox 1238 1185 1270 1228; x_wconf 90' lang='lat' dir='ltr'><strong>v.</strong></span> <span class='ocrx_word' id='word_1_92' title='bbox 1289 1169 1309 1228; x_wconf 86' lang='grc'><strong>6</strong></span> <span class='ocrx_word' id='word_1_93' title='bbox 1326 1183 1428 1252; x_wconf 90' lang='lat' dir='ltr'><strong>quam</strong></span> <span class='ocrx_word' id='word_1_94' title='bbox 1446 1183 1480 1229; x_wconf 89' lang='lat' dir='ltr'><strong>v.</strong></span> <span class='ocrx_word' id='word_1_95' title='bbox 1501 1167 1550 1230; x_wconf 76' lang='lat'><strong>2:</strong></span> 
     </span>
     <span class='ocr_line' id='line_1_10' title="bbox 232 1265 1552 1360; baseline 0 -26"><span class='ocrx_word' id='word_1_96' title='bbox 232 1268 311 1355; x_wconf 86' lang='lat' dir='ltr'><strong>lege</strong></span> <span class='ocrx_word' id='word_1_97' title='bbox 329 1268 417 1335; x_wconf 92' lang='lat' dir='ltr'><strong>illud</strong></span> <span class='ocrx_word' id='word_1_98' title='bbox 438 1268 655 1360; x_wconf 89' lang='lat' dir='ltr'><strong>potissimum</strong></span> <span class='ocrx_word' id='word_1_99' title='bbox 682 1269 874 1338; x_wconf 88' lang='lat' dir='ltr'><strong>cavendum</strong></span> <span class='ocrx_word' id='word_1_100' title='bbox 891 1277 959 1352; x_wconf 90' lang='lat' dir='ltr'><strong>est,</strong></span> <span class='ocrx_word' id='word_1_101' title='bbox 982 1292 1023 1337; x_wconf 92' lang='lat' dir='ltr'><strong>ne</strong></span> <span class='ocrx_word' id='word_1_102' title='bbox 1038 1269 1167 1336; x_wconf 84' lang='lat' dir='ltr'><strong>occisor</strong></span> <span class='ocrx_word' id='word_1_103' title='bbox 1184 1268 1349 1335; x_wconf 86' lang='lat' dir='ltr'><strong>innocens</strong></span> <span class='ocrx_word' id='word_1_104' title='bbox 1368 1265 1552 1334; x_wconf 90' lang='lat' dir='ltr'><strong>interima-</strong></span> 
     </span>
     <span class='ocr_line' id='line_1_11' title="bbox 233 1373 1549 1464; baseline -0.001 -24"><span class='ocrx_word' id='word_1_105' title='bbox 233 1381 302 1457; x_wconf 89' lang='lat' dir='ltr'><strong>tur,</strong></span> <span class='ocrx_word' id='word_1_106' title='bbox 329 1397 400 1441; x_wconf 89' lang='lat' dir='ltr'><strong>non</strong></span> <span class='ocrx_word' id='word_1_107' title='bbox 424 1382 460 1442; x_wconf 89' lang='lat' dir='ltr'><strong>ut</strong></span> <span class='ocrx_word' id='word_1_108' title='bbox 481 1375 635 1444; x_wconf 87' lang='lat' dir='ltr'><strong>civitates</strong></span> <span class='ocrx_word' id='word_1_109' title='bbox 648 1377 776 1464; x_wconf 81' lang='lat' dir='ltr'><strong>refugii</strong></span> <span class='ocrx_word' id='word_1_110' title='bbox 795 1376 863 1448; x_wconf 88' lang='lat' dir='ltr'><strong>sint</strong></span> <span class='ocrx_word' id='word_1_111' title='bbox 882 1384 952 1444; x_wconf 87' lang='lat' dir='ltr'><strong>tres</strong></span> <span class='ocrx_word' id='word_1_112' title='bbox 972 1375 1093 1443; x_wconf 90' lang='lat' dir='ltr'><strong>saltem</strong></span> <span class='ocrx_word' id='word_1_113' title='bbox 1114 1380 1148 1441; x_wconf 91' lang='lat' dir='ltr'><strong>et</strong></span> <span class='ocrx_word' id='word_1_114' title='bbox 1170 1379 1317 1441; x_wconf 85' lang='lat' dir='ltr'><strong>tantum.</strong></span> <span class='ocrx_word' id='word_1_115' title='bbox 1339 1377 1404 1440; x_wconf 91' lang='lat' dir='ltr'><strong>Nos</strong></span> <span class='ocrx_word' id='word_1_116' title='bbox 1426 1373 1549 1461; x_wconf 88' lang='lat' dir='ltr'><strong>igitur,</strong></span> 
     </span>
     <span class='ocr_line' id='line_1_12' title="bbox 233 1480 1550 1568; baseline 0.002 -22"><span class='ocrx_word' id='word_1_117' title='bbox 233 1481 412 1568; x_wconf 87' lang='lat' dir='ltr'><strong>vulgarem</strong></span> <span class='ocrx_word' id='word_1_118' title='bbox 430 1489 585 1549; x_wconf 89' lang='lat' dir='ltr'><strong>nostrum</strong></span> <span class='ocrx_word' id='word_1_119' title='bbox 605 1483 734 1550; x_wconf 91' lang='lat' dir='ltr'><strong>citandi</strong></span> <span class='ocrx_word' id='word_1_120' title='bbox 761 1484 902 1550; x_wconf 89' lang='lat' dir='ltr'><strong>modum</strong></span> <span class='ocrx_word' id='word_1_121' title='bbox 926 1483 1043 1562; x_wconf 92' lang='lat' dir='ltr'><strong>secuti,</strong></span> <span class='ocrx_word' id='word_1_122' title='bbox 1060 1487 1211 1550; x_wconf 85' lang='lat' dir='ltr'><strong>extremo</strong></span> <span class='ocrx_word' id='word_1_123' title='bbox 1230 1503 1262 1547; x_wconf 93' lang='lat' dir='ltr'><strong>v.</strong></span> <span class='ocrx_word' id='word_1_124' title='bbox 1285 1488 1305 1547; x_wconf 82' lang='lat'><strong>7</strong></span> <span class='ocrx_word' id='word_1_125' title='bbox 1332 1480 1550 1548; x_wconf 89' lang='lat' dir='ltr'><strong>adscribere-</strong></span> 
     </span>
     <span class='ocr_line' id='line_1_13' title="bbox 234 1587 1550 1677; baseline -0.001 -22"><span class='ocrx_word' id='word_1_126' title='bbox 234 1610 310 1655; x_wconf 86' lang='lat' dir='ltr'><strong>mus</strong></span> <span class='ocrx_word' id='word_1_127' title='bbox 328 1601 389 1655; x_wconf 83' lang='grc'><strong>111.</strong></span> <span class='ocrx_word' id='word_1_128' title='bbox 407 1589 569 1656; x_wconf 85' lang='lat' dir='ltr'><strong>Evehitur</strong></span> <span class='ocrx_word' id='word_1_129' title='bbox 587 1589 696 1676; x_wconf 90' lang='lat' dir='ltr'><strong>igitur</strong></span> <span class='ocrx_word' id='word_1_130' title='bbox 717 1590 762 1656; x_wconf 92' lang='lat' dir='ltr'><strong>ad</strong></span> <span class='ocrx_word' id='word_1_131' title='bbox 779 1589 985 1677; x_wconf 86' lang='lat' dir='ltr'><strong>dignitatem</strong></span> <span class='ocrx_word' id='word_1_132' title='bbox 1001 1587 1088 1676; x_wconf 85' lang='lat' dir='ltr'><strong>legis</strong></span> <span class='ocrx_word' id='word_1_133' title='bbox 1108 1592 1197 1655; x_wconf 86' lang='lat' dir='ltr'><strong>totus</strong></span> <span class='ocrx_word' id='word_1_134' title='bbox 1211 1608 1323 1654; x_wconf 90' lang='lat' dir='ltr'><strong>sermo</strong></span> <span class='ocrx_word' id='word_1_135' title='bbox 1340 1610 1372 1654; x_wconf 89' lang='lat' dir='ltr'><strong>v.</strong></span> <span class='ocrx_word' id='word_1_136' title='bbox 1389 1593 1459 1670; x_wconf 73' lang='lat' dir='ltr'><strong>s-u,</strong></span> <span class='ocrx_word' id='word_1_137' title='bbox 1477 1592 1550 1654; x_wconf 85' lang='lat' dir='ltr'><strong>tam</strong></span> 
     </span>
     <span class='ocr_line' id='line_1_14' title="bbox 232 1693 1549 1785; baseline -0.001 -24"><span class='ocrx_word' id='word_1_138' title='bbox 232 1701 455 1785; x_wconf 87' lang='lat' dir='ltr'><strong>praeceptum</strong></span> <span class='ocrx_word' id='word_1_139' title='bbox 472 1719 504 1763; x_wconf 90' lang='lat' dir='ltr'><strong>v.</strong></span> <span class='ocrx_word' id='word_1_140' title='bbox 517 1702 537 1761; x_wconf 72' lang='lat'><strong>2</strong></span> <span class='ocrx_word' id='word_1_141' title='bbox 551 1695 622 1762; x_wconf 89' lang='lat' dir='ltr'><strong>iam</strong></span> <span class='ocrx_word' id='word_1_142' title='bbox 637 1701 738 1763; x_wconf 91' lang='lat' dir='ltr'><strong>antea</strong></span> <span class='ocrx_word' id='word_1_143' title='bbox 751 1700 850 1764; x_wconf 87' lang='lat' dir='ltr'><strong>Num.</strong></span> <span class='ocrx_word' id='word_1_144' title='bbox 869 1702 911 1763; x_wconf 84' lang='lat'><strong>35</strong></span> <span class='ocrx_word' id='word_1_145' title='bbox 926 1718 946 1762; x_wconf 87' lang='lat' dir='ltr'><strong>a</strong></span> <span class='ocrx_word' id='word_1_146' title='bbox 962 1701 1070 1784; x_wconf 76' lang='lat' dir='ltr'><strong>Moyse</strong></span> <span class='ocrx_word' id='word_1_147' title='bbox 1086 1694 1230 1774; x_wconf 90' lang='lat' dir='ltr'><strong>editum,</strong></span> <span class='ocrx_word' id='word_1_148' title='bbox 1245 1714 1351 1782; x_wconf 89' lang='lat' dir='ltr'><strong>quam</strong></span> <span class='ocrx_word' id='word_1_149' title='bbox 1366 1693 1549 1782; x_wconf 80' lang='lat' dir='ltr'><strong>explicatio</strong></span> 
     </span>
     <span class='ocr_line' id='line_1_15' title="bbox 234 1798 1548 1893; baseline -0.001 -27"><span class='ocrx_word' id='word_1_150' title='bbox 234 1823 266 1867; x_wconf 91' lang='lat' dir='ltr'><strong>v.</strong></span> <span class='ocrx_word' id='word_1_151' title='bbox 292 1808 349 1869; x_wconf 81' lang='grc'><strong>1-6</strong></span> <span class='ocrx_word' id='word_1_152' title='bbox 369 1800 553 1892; x_wconf 86' lang='lat' dir='ltr'><strong>adscripta.</strong></span> <span class='ocrx_word' id='word_1_153' title='bbox 581 1807 663 1870; x_wconf 85' lang='lat' dir='ltr'><strong>Cum</strong></span> <span class='ocrx_word' id='word_1_154' title='bbox 686 1825 788 1892; x_wconf 92' lang='lat' dir='ltr'><strong>porro</strong></span> <span class='ocrx_word' id='word_1_155' title='bbox 807 1801 991 1893; x_wconf 82' lang='lat' dir='ltr'><strong>explicatio</strong></span> <span class='ocrx_word' id='word_1_156' title='bbox 1015 1824 1048 1869; x_wconf 91' lang='lat' dir='ltr'><strong>v.</strong></span> <span class='ocrx_word' id='word_1_157' title='bbox 1078 1807 1115 1868; x_wconf 91' lang='lat'><strong>11</strong></span> <span class='ocrx_word' id='word_1_158' title='bbox 1137 1823 1188 1891; x_wconf 92' lang='lat' dir='ltr'><strong>sq.</strong></span> <span class='ocrx_word' id='word_1_159' title='bbox 1223 1799 1360 1866; x_wconf 89' lang='lat' dir='ltr'><strong>nonsit</strong></span> <span class='ocrx_word' id='word_1_160' title='bbox 1383 1798 1448 1866; x_wconf 92' lang='lat' dir='ltr'><strong>nisi</strong></span> <span class='ocrx_word' id='word_1_161' title='bbox 1468 1799 1548 1888; x_wconf 89' lang='lat' dir='ltr'><strong>ipsa</strong></span> 
     </span>
    </p>
   </div>
   <div class='ocr_carea' id='block_1_3' title="bbox 122 1905 1547 1999">
    <p class='ocr_par' dir='ltr' id='par_1_3' title="bbox 122 1905 1547 1999">
     <span class='ocr_line' id='line_1_16' title="bbox 122 1905 1547 1999; baseline -0.003 -25"><span class='ocrx_word' id='word_1_162' title='bbox 122 1912 129 1923; x_wconf 88' lang='lat'><em>&#39;</em></span> <span class='ocrx_word' id='word_1_163' title='bbox 233 1907 412 1996; x_wconf 82' lang='lat' dir='ltr'><strong>explicatio</strong></span> <span class='ocrx_word' id='word_1_164' title='bbox 434 1931 466 1976; x_wconf 91' lang='lat' dir='ltr'><strong>v.</strong></span> <span class='ocrx_word' id='word_1_165' title='bbox 486 1913 544 1975; x_wconf 76' lang='lat' dir='ltr'><strong>t·6</strong></span> <span class='ocrx_word' id='word_1_166' title='bbox 567 1909 730 1999; x_wconf 87' lang='lat' dir='ltr'><strong>adaptata</strong></span> <span class='ocrx_word' id='word_1_167' title='bbox 752 1931 874 1976; x_wconf 88' lang='lat' dir='ltr'><strong>causae</strong></span> <span class='ocrx_word' id='word_1_168' title='bbox 897 1907 1055 1975; x_wconf 85' lang='lat' dir='ltr'><strong>occisoris</strong></span> <span class='ocrx_word' id='word_1_169' title='bbox 1068 1906 1234 1986; x_wconf 90' lang='lat' dir='ltr'><strong>nocentis,</strong></span> <span class='ocrx_word' id='word_1_170' title='bbox 1256 1905 1335 1973; x_wconf 89' lang='lat' dir='ltr'><strong>ideo</strong></span> <span class='ocrx_word' id='word_1_171' title='bbox 1350 1905 1507 1973; x_wconf 83' lang='lat' dir='ltr'><strong>verbisv.</strong></span> <span class='ocrx_word' id='word_1_172' title='bbox 1525 1912 1547 1971; x_wconf 84' lang='grc'><strong>’1</strong></span> 
     </span>
    </p>
   </div>
   <div class='ocr_carea' id='block_1_4' title="bbox 137 2011 1659 4758">
    <p class='ocr_par' dir='ltr' id='par_1_4' title="bbox 137 2011 1659 3485">
     <span class='ocr_line' id='line_1_17' title="bbox 210 2011 1550 2104; baseline -0.001 -24"><span class='ocrx_word' id='word_1_173' title='bbox 210 2013 452 2102; x_wconf 63' lang='lat' dir='ltr'><strong>‘explicationi</strong></span> <span class='ocrx_word' id='word_1_174' title='bbox 474 2017 577 2082; x_wconf 88' lang='lat' dir='ltr'><strong>etiam</strong></span> <span class='ocrx_word' id='word_1_175' title='bbox 601 2039 634 2082; x_wconf 89' lang='lat' dir='ltr'><strong>v.</strong></span> <span class='ocrx_word' id='word_1_176' title='bbox 666 2022 704 2082; x_wconf 96' lang='grc'><strong>11</strong></span> <span class='ocrx_word' id='word_1_177' title='bbox 728 2038 778 2104; x_wconf 90' lang='lat' dir='ltr'><strong>sq.</strong></span> <span class='ocrx_word' id='word_1_178' title='bbox 805 2014 856 2082; x_wconf 92' lang='lat' dir='ltr'><strong>vis</strong></span> <span class='ocrx_word' id='word_1_179' title='bbox 877 2015 966 2102; x_wconf 89' lang='lat' dir='ltr'><strong>legis</strong></span> <span class='ocrx_word' id='word_1_180' title='bbox 986 2014 1163 2093; x_wconf 85' lang='lat' dir='ltr'><strong>tribuitur,</strong></span> <span class='ocrx_word' id='word_1_181' title='bbox 1188 2012 1270 2078; x_wconf 90' lang='lat' dir='ltr'><strong>licet</strong></span> <span class='ocrx_word' id='word_1_182' title='bbox 1288 2011 1324 2077; x_wconf 91' lang='lat' dir='ltr'><strong>id</strong></span> <span class='ocrx_word' id='word_1_183' title='bbox 1348 2034 1381 2080; x_wconf 93' lang='lat' dir='ltr'><strong>v.</strong></span> <span class='ocrx_word' id='word_1_184' title='bbox 1416 2018 1456 2080; x_wconf 86' lang='lat'><strong>13</strong></span> <span class='ocrx_word' id='word_1_185' title='bbox 1477 2033 1550 2079; x_wconf 91' lang='lat' dir='ltr'><strong>non</strong></span> 
     </span>
     <span class='ocr_line' id='line_1_18' title="bbox 137 2117 1548 2210; baseline -0.001 -24"><span class='ocrx_word' id='word_1_186' title='bbox 137 2123 141 2128; x_wconf 81' lang='grc'><strong>’</strong></span> <span class='ocrx_word' id='word_1_187' title='bbox 232 2119 390 2206; x_wconf 88' lang='lat' dir='ltr'><strong>explicite</strong></span> <span class='ocrx_word' id='word_1_188' title='bbox 411 2126 591 2190; x_wconf 89' lang='lat' dir='ltr'><strong>statuatur.</strong></span> <span class='ocrx_word' id='word_1_189' title='bbox 613 2121 808 2189; x_wconf 87' lang='lat' dir='ltr'><strong>Generatim</strong></span> <span class='ocrx_word' id='word_1_190' title='bbox 836 2121 1018 2202; x_wconf 87' lang='lat' dir='ltr'><strong>formulae,</strong></span> <span class='ocrx_word' id='word_1_191' title='bbox 1043 2120 1154 2210; x_wconf 90' lang='lat' dir='ltr'><strong>qualis</strong></span> <span class='ocrx_word' id='word_1_192' title='bbox 1173 2124 1330 2199; x_wconf 81' lang='lat' dir='ltr'><strong>est19‚7,</strong></span> <span class='ocrx_word' id='word_1_193' title='bbox 1351 2117 1478 2208; x_wconf 87' lang='lat' dir='ltr'><strong>passim</strong></span> <span class='ocrx_word' id='word_1_194' title='bbox 1496 2117 1548 2186; x_wconf 92' lang='lat' dir='ltr'><strong>le-</strong></span> 
     </span>
     <span class='ocr_line' id='line_1_19' title="bbox 232 2208 1659 2316; baseline 0 -25"><span class='ocrx_word' id='word_1_195' title='bbox 232 2225 335 2312; x_wconf 80' lang='lat' dir='ltr'><strong>gibus</strong></span> <span class='ocrx_word' id='word_1_196' title='bbox 360 2226 560 2294; x_wconf 86' lang='lat' dir='ltr'><strong>collectanei</strong></span> <span class='ocrx_word' id='word_1_197' title='bbox 584 2228 900 2316; x_wconf 85' lang='lat' dir='ltr'><strong>intersparguntur,</strong></span> <span class='ocrx_word' id='word_1_198' title='bbox 918 2233 955 2296; x_wconf 95' lang='lat' dir='ltr'><strong>ut</strong></span> <span class='ocrx_word' id='word_1_199' title='bbox 975 2227 1037 2294; x_wconf 90' lang='lat' dir='ltr'><strong>toti</strong></span> <span class='ocrx_word' id='word_1_200' title='bbox 1059 2227 1200 2293; x_wconf 89' lang='lat' dir='ltr'><strong>omnino</strong></span> <span class='ocrx_word' id='word_1_201' title='bbox 1225 2224 1437 2292; x_wconf 81' lang='lat' dir='ltr'><strong>collectaneo</strong></span> <span class='ocrx_word' id='word_1_202' title='bbox 1462 2224 1549 2311; x_wconf 87' lang='lat' dir='ltr'><strong>legis</strong></span> <span class='ocrx_word' id='word_1_203' title='bbox 1653 2208 1659 2222; x_wconf 63' lang='grc'><strong>’</strong></span> 
     </span>
     <span class='ocr_line' id='line_1_20' title="bbox 232 2332 1545 2420; baseline 0.001 -23"><span class='ocrx_word' id='word_1_204' title='bbox 232 2333 469 2400; x_wconf 86' lang='lat' dir='ltr'><strong>auctoritatem</strong></span> <span class='ocrx_word' id='word_1_205' title='bbox 484 2333 670 2400; x_wconf 90' lang='lat' dir='ltr'><strong>vindicent.</strong></span> <span class='ocrx_word' id='word_1_206' title='bbox 689 2337 843 2400; x_wconf 86' lang='lat' dir='ltr'><strong>Ceterum</strong></span> <span class='ocrx_word' id='word_1_207' title='bbox 864 2335 986 2414; x_wconf 88' lang='lat' dir='ltr'><strong>recole,</strong></span> <span class='ocrx_word' id='word_1_208' title='bbox 1004 2332 1083 2399; x_wconf 89' lang='lat' dir='ltr'><strong>illas</strong></span> <span class='ocrx_word' id='word_1_209' title='bbox 1103 2333 1188 2398; x_wconf 69' lang='lat' dir='ltr'><strong>diras</strong></span> <span class='ocrx_word' id='word_1_210' title='bbox 1203 2354 1235 2398; x_wconf 95' lang='lat' dir='ltr'><strong>v.</strong></span> <span class='ocrx_word' id='word_1_211' title='bbox 1260 2336 1319 2398; x_wconf 74' lang='grc'><strong>1-6</strong></span> <span class='ocrx_word' id='word_1_212' title='bbox 1332 2335 1365 2397; x_wconf 85' lang='lat' dir='ltr'><strong>el</strong></span> <span class='ocrx_word' id='word_1_213' title='bbox 1383 2352 1415 2398; x_wconf 94' lang='lat' dir='ltr'><strong>v.</strong></span> <span class='ocrx_word' id='word_1_214' title='bbox 1438 2336 1477 2397; x_wconf 88' lang='lat'><strong>11</strong></span> <span class='ocrx_word' id='word_1_215' title='bbox 1492 2352 1545 2420; x_wconf 85' lang='lat' dir='ltr'><strong>sq.</strong></span> 
     </span>
     <span class='ocr_line' id='line_1_21' title="bbox 231 2436 1546 2530; baseline 0 -25"><span class='ocrx_word' id='word_1_216' title='bbox 231 2437 488 2527; x_wconf 61' lang='lat' dir='ltr'><strong>explicationes</strong></span> <span class='ocrx_word' id='word_1_217' title='bbox 505 2461 573 2505; x_wconf 92' lang='lat' dir='ltr'><strong>non</strong></span> <span class='ocrx_word' id='word_1_218' title='bbox 587 2438 711 2506; x_wconf 87' lang='lat' dir='ltr'><strong>iisdem</strong></span> <span class='ocrx_word' id='word_1_219' title='bbox 725 2439 865 2530; x_wconf 91' lang='lat' dir='ltr'><strong>quidem</strong></span> <span class='ocrx_word' id='word_1_220' title='bbox 883 2439 1009 2520; x_wconf 89' lang='lat' dir='ltr'><strong>verbis,</strong></span> <span class='ocrx_word' id='word_1_221' title='bbox 1032 2438 1185 2529; x_wconf 88' lang='lat' dir='ltr'><strong>prolatas</strong></span> <span class='ocrx_word' id='word_1_222' title='bbox 1201 2460 1271 2505; x_wconf 92' lang='lat' dir='ltr'><strong>esse</strong></span> <span class='ocrx_word' id='word_1_223' title='bbox 1284 2437 1329 2504; x_wconf 90' lang='lat' dir='ltr'><strong>ab</strong></span> <span class='ocrx_word' id='word_1_224' title='bbox 1344 2436 1420 2526; x_wconf 91' lang='lat' dir='ltr'><strong>ipso</strong></span> <span class='ocrx_word' id='word_1_225' title='bbox 1436 2442 1546 2525; x_wconf 78' lang='lat' dir='ltr'><strong>Moyse</strong></span> 
     </span>
     <span class='ocr_line' id='line_1_22' title="bbox 231 2542 1548 2633; baseline 0.002 -25"><span class='ocrx_word' id='word_1_226' title='bbox 231 2548 329 2610; x_wconf 88' lang='lat' dir='ltr'><strong>Num.</strong></span> <span class='ocrx_word' id='word_1_227' title='bbox 352 2551 454 2626; x_wconf 79' lang='lat'><strong>35,·2·2</strong></span> <span class='ocrx_word' id='word_1_228' title='bbox 473 2567 524 2633; x_wconf 91' lang='lat' dir='ltr'><strong>sq.</strong></span> <span class='ocrx_word' id='word_1_229' title='bbox 545 2546 757 2628; x_wconf 76' lang='lat' dir='ltr'><strong>16-213dum</strong></span> <span class='ocrx_word' id='word_1_230' title='bbox 781 2553 897 2613; x_wconf 86' lang='lat' dir='ltr'><strong>autem</strong></span> <span class='ocrx_word' id='word_1_231' title='bbox 915 2546 971 2612; x_wconf 91' lang='lat' dir='ltr'><strong>hic</strong></span> <span class='ocrx_word' id='word_1_232' title='bbox 993 2543 1186 2612; x_wconf 85' lang='lat' dir='ltr'><strong>distinctius</strong></span> <span class='ocrx_word' id='word_1_233' title='bbox 1206 2543 1446 2633; x_wconf 85' lang='lat' dir='ltr'><strong>explicaverat,</strong></span> <span class='ocrx_word' id='word_1_234' title='bbox 1467 2542 1548 2633; x_wconf 89' lang='lat' dir='ltr'><strong>quis</strong></span> 
     </span>
     <span class='ocr_line' id='line_1_23' title="bbox 231 2647 1544 2742; baseline -0.001 -25"><span class='ocrx_word' id='word_1_235' title='bbox 231 2657 316 2717; x_wconf 90' lang='lat' dir='ltr'><strong>esset</strong></span> <span class='ocrx_word' id='word_1_236' title='bbox 329 2651 458 2717; x_wconf 90' lang='lat' dir='ltr'><strong>occisor</strong></span> <span class='ocrx_word' id='word_1_237' title='bbox 474 2673 616 2736; x_wconf 85' lang='lat' dir='ltr'><strong>nocens,</strong></span> <span class='ocrx_word' id='word_1_238' title='bbox 634 2659 666 2719; x_wconf 91' lang='lat' dir='ltr'><strong>et</strong></span> <span class='ocrx_word' id='word_1_239' title='bbox 683 2653 794 2719; x_wconf 87' lang='lat' dir='ltr'><strong>obiter</strong></span> <span class='ocrx_word' id='word_1_240' title='bbox 809 2652 922 2742; x_wconf 91' lang='lat' dir='ltr'><strong>potius</strong></span> <span class='ocrx_word' id='word_1_241' title='bbox 934 2651 1156 2732; x_wconf 88' lang='lat' dir='ltr'><strong>indicaverat,</strong></span> <span class='ocrx_word' id='word_1_242' title='bbox 1173 2650 1251 2739; x_wconf 91' lang='lat' dir='ltr'><strong>quis</strong></span> <span class='ocrx_word' id='word_1_243' title='bbox 1268 2655 1355 2716; x_wconf 89' lang='lat' dir='ltr'><strong>esset</strong></span> <span class='ocrx_word' id='word_1_244' title='bbox 1367 2647 1544 2730; x_wconf 86' lang='lat' dir='ltr'><strong>innocens,</strong></span> 
     </span>
     <span class='ocr_line' id='line_1_24' title="bbox 231 2755 1547 2848; baseline 0.001 -26"><span class='ocrx_word' id='word_1_245' title='bbox 231 2757 391 2825; x_wconf 90' lang='lat' dir='ltr'><strong>collector</strong></span> <span class='ocrx_word' id='word_1_246' title='bbox 402 2759 473 2824; x_wconf 83' lang='lat' dir='ltr'><strong>ricc</strong></span> <span class='ocrx_word' id='word_1_247' title='bbox 484 2781 580 2825; x_wconf 88' lang='lat' dir='ltr'><strong>versa</strong></span> <span class='ocrx_word' id='word_1_248' title='bbox 591 2758 671 2826; x_wconf 93' lang='lat' dir='ltr'><strong>huic</strong></span> <span class='ocrx_word' id='word_1_249' title='bbox 685 2759 786 2825; x_wconf 91' lang='lat' dir='ltr'><strong>alteri</strong></span> <span class='ocrx_word' id='word_1_250' title='bbox 797 2759 847 2825; x_wconf 90' lang='lat' dir='ltr'><strong>rei</strong></span> <span class='ocrx_word' id='word_1_251' title='bbox 860 2758 1073 2848; x_wconf 87' lang='lat' dir='ltr'><strong>potissimum</strong></span> <span class='ocrx_word' id='word_1_252' title='bbox 1086 2756 1221 2824; x_wconf 90' lang='lat' dir='ltr'><strong>insistit.</strong></span> <span class='ocrx_word' id='word_1_253' title='bbox 1237 2763 1309 2835; x_wconf 81' lang='lat' dir='ltr'><strong>Quo</strong></span> <span class='ocrx_word' id='word_1_254' title='bbox 1321 2755 1547 2823; x_wconf 86' lang='lat' dir='ltr'><strong>confirmatur</strong></span> 
     </span>
     <span class='ocr_line' id='line_1_25' title="bbox 230 2861 1547 2953; baseline 0.001 -26"><span class='ocrx_word' id='word_1_255' title='bbox 230 2861 1547 2953; x_wconf 83' lang='lat' dir='ltr'><strong>illud,quodsuprasuggerebamus,aevoiudicumetredemptoressangui·</strong></span> 
     </span>
     <span class='ocr_line' id='line_1_26' title="bbox 230 2967 1541 3057; baseline 0.001 -26"><span class='ocrx_word' id='word_1_256' title='bbox 230 2967 285 3032; x_wconf 89' lang='lat' dir='ltr'><strong>nis</strong></span> <span class='ocrx_word' id='word_1_257' title='bbox 297 2969 398 3033; x_wconf 84' lang='lat' dir='ltr'><strong>luisse</strong></span> <span class='ocrx_word' id='word_1_258' title='bbox 411 2969 590 3057; x_wconf 88' lang='lat' dir='ltr'><strong>proniores</strong></span> <span class='ocrx_word' id='word_1_259' title='bbox 603 2970 647 3035; x_wconf 89' lang='lat' dir='ltr'><strong>ad</strong></span> <span class='ocrx_word' id='word_1_260' title='bbox 658 2970 821 3036; x_wconf 88' lang='lat' dir='ltr'><strong>occisores</strong></span> <span class='ocrx_word' id='word_1_261' title='bbox 834 2972 937 3036; x_wconf 85' lang='lat' dir='ltr'><strong>etiarn</strong></span> <span class='ocrx_word' id='word_1_262' title='bbox 950 2969 1151 3036; x_wconf 90' lang='lat' dir='ltr'><strong>innocentes</strong></span> <span class='ocrx_word' id='word_1_263' title='bbox 1161 2967 1420 3050; x_wconf 88' lang='lat' dir='ltr'><strong>interimendos,</strong></span> <span class='ocrx_word' id='word_1_264' title='bbox 1433 2974 1466 3034; x_wconf 87' lang='lat' dir='ltr'><strong>et</strong></span> <span class='ocrx_word' id='word_1_265' title='bbox 1480 2989 1541 3033; x_wconf 92' lang='lat' dir='ltr'><strong>ur-</strong></span> 
     </span>
     <span class='ocr_line' id='line_1_27' title="bbox 230 3071 1542 3158; baseline 0.002 -21"><span class='ocrx_word' id='word_1_266' title='bbox 230 3072 326 3138; x_wconf 85' lang='lat' dir='ltr'><strong>bium</strong></span> <span class='ocrx_word' id='word_1_267' title='bbox 345 3073 471 3158; x_wconf 82' lang='lat' dir='ltr'><strong>refugii</strong></span> <span class='ocrx_word' id='word_1_268' title='bbox 491 3073 579 3140; x_wconf 90' lang='lat' dir='ltr'><strong>cives</strong></span> <span class='ocrx_word' id='word_1_269' title='bbox 601 3073 645 3141; x_wconf 91' lang='lat' dir='ltr'><strong>ad</strong></span> <span class='ocrx_word' id='word_1_270' title='bbox 659 3074 824 3141; x_wconf 88' lang='lat' dir='ltr'><strong>occisores</strong></span> <span class='ocrx_word' id='word_1_271' title='bbox 836 3075 940 3141; x_wconf 90' lang='lat' dir='ltr'><strong>ctiam</strong></span> <span class='ocrx_word' id='word_1_272' title='bbox 955 3081 1067 3142; x_wconf 89' lang='lat' dir='ltr'><strong>sontes</strong></span> <span class='ocrx_word' id='word_1_273' title='bbox 1084 3073 1333 3143; x_wconf 84' lang='lat' dir='ltr'><strong>defendendos.</strong></span> <span class='ocrx_word' id='word_1_274' title='bbox 1350 3079 1441 3141; x_wconf 85' lang='lat' dir='ltr'><strong>Hanc</strong></span> <span class='ocrx_word' id='word_1_275' title='bbox 1456 3071 1542 3141; x_wconf 85' lang='lat' dir='ltr'><strong>exis·</strong></span> 
     </span>
     <span class='ocr_line' id='line_1_28' title="bbox 230 3177 1543 3258; baseline 0.002 -15"><span class='ocrx_word' id='word_1_276' title='bbox 230 3177 390 3245; x_wconf 83' lang='lat' dir='ltr'><strong>timemus</strong></span> <span class='ocrx_word' id='word_1_277' title='bbox 412 3179 511 3245; x_wconf 87' lang='lat' dir='ltr'><strong>luisse</strong></span> <span class='ocrx_word' id='word_1_278' title='bbox 531 3179 704 3246; x_wconf 87' lang='lat' dir='ltr'><strong>collectori</strong></span> <span class='ocrx_word' id='word_1_279' title='bbox 725 3180 904 3258; x_wconf 87' lang='lat' dir='ltr'><strong>rationem,</strong></span> <span class='ocrx_word' id='word_1_280' title='bbox 923 3187 960 3248; x_wconf 91' lang='lat' dir='ltr'><strong>ut</strong></span> <span class='ocrx_word' id='word_1_281' title='bbox 982 3189 1053 3248; x_wconf 88' lang='lat' dir='ltr'><strong>tam</strong></span> <span class='ocrx_word' id='word_1_282' title='bbox 1068 3202 1185 3248; x_wconf 87' lang='lat' dir='ltr'><strong>severe</strong></span> <span class='ocrx_word' id='word_1_283' title='bbox 1199 3202 1260 3248; x_wconf 90' lang='lat' dir='ltr'><strong>sua</strong></span> <span class='ocrx_word' id='word_1_284' title='bbox 1274 3179 1378 3247; x_wconf 89' lang='lat' dir='ltr'><strong>etiam</strong></span> <span class='ocrx_word' id='word_1_285' title='bbox 1393 3179 1543 3247; x_wconf 89' lang='lat' dir='ltr'><strong>auctori-</strong></span> 
     </span>
     <span class='ocr_line' id='line_1_29' title="bbox 229 3283 1542 3376; baseline 0.003 -27"><span class='ocrx_word' id='word_1_286' title='bbox 229 3289 296 3350; x_wconf 87' lang='lat' dir='ltr'><strong>tate</strong></span> <span class='ocrx_word' id='word_1_287' title='bbox 313 3283 500 3351; x_wconf 90' lang='lat' dir='ltr'><strong>inculcaret</strong></span> <span class='ocrx_word' id='word_1_288' title='bbox 515 3291 654 3369; x_wconf 87' lang='lat' dir='ltr'><strong>statuta,</strong></span> <span class='ocrx_word' id='word_1_289' title='bbox 671 3309 759 3376; x_wconf 92' lang='lat' dir='ltr'><strong>quae</strong></span> <span class='ocrx_word' id='word_1_290' title='bbox 776 3288 892 3376; x_wconf 91' lang='lat' dir='ltr'><strong>quoad</strong></span> <span class='ocrx_word' id='word_1_291' title='bbox 911 3287 1136 3355; x_wconf 89' lang='lat' dir='ltr'><strong>substantiam</strong></span> <span class='ocrx_word' id='word_1_292' title='bbox 1156 3288 1415 3355; x_wconf 84' lang='lat' dir='ltr'><strong>lucrantantea</strong></span> <span class='ocrx_word' id='word_1_293' title='bbox 1432 3290 1542 3374; x_wconf 84' lang='lat' dir='ltr'><strong>lloyse</strong></span> 
     </span>
     <span class='ocr_line' id='line_1_30' title="bbox 226 3391 1538 3485; baseline 0.002 -28"><span class='ocrx_word' id='word_1_294' title='bbox 226 3391 367 3473; x_wconf 92' lang='lat' dir='ltr'><strong>sancita,</strong></span> <span class='ocrx_word' id='word_1_295' title='bbox 385 3392 556 3482; x_wconf 90' lang='lat' dir='ltr'><strong>simulque</strong></span> <span class='ocrx_word' id='word_1_296' title='bbox 575 3393 767 3460; x_wconf 87' lang='lat' dir='ltr'><strong>accuratius</strong></span> <span class='ocrx_word' id='word_1_297' title='bbox 786 3393 987 3485; x_wconf 87' lang='lat' dir='ltr'><strong>explicaret,</strong></span> <span class='ocrx_word' id='word_1_298' title='bbox 1010 3394 1086 3484; x_wconf 89' lang='lat' dir='ltr'><strong>quis</strong></span> <span class='ocrx_word' id='word_1_299' title='bbox 1100 3402 1187 3460; x_wconf 89' lang='lat' dir='ltr'><strong>esset</strong></span> <span class='ocrx_word' id='word_1_300' title='bbox 1210 3393 1342 3460; x_wconf 89' lang='lat' dir='ltr'><strong>occisor</strong></span> <span class='ocrx_word' id='word_1_301' title='bbox 1364 3394 1538 3460; x_wconf 87' lang='lat' dir='ltr'><strong>innocens.</strong></span> 
     </span>
    </p>

    <p class='ocr_par' dir='ltr' id='par_1_5' title="bbox 222 3498 1544 4758">
     <span class='ocr_line' id='line_1_31' title="bbox 272 3498 1541 3568; baseline 0.003 -4"><span class='ocrx_word' id='word_1_302' title='bbox 272 3500 448 3566; x_wconf 87' lang='lat' dir='ltr'><strong>Formulae</strong></span> <span class='ocrx_word' id='word_1_303' title='bbox 467 3522 498 3566; x_wconf 93' lang='lat' dir='ltr'><strong>v.</strong></span> <span class='ocrx_word' id='word_1_304' title='bbox 532 3507 552 3566; x_wconf 85' lang='lat'><strong>7</strong></span> <span class='ocrx_word' id='word_1_305' title='bbox 577 3499 742 3568; x_wconf 89' lang='lat' dir='ltr'><strong>adscribit</strong></span> <span class='ocrx_word' id='word_1_306' title='bbox 757 3499 920 3568; x_wconf 91' lang='lat' dir='ltr'><strong>collector</strong></span> <span class='ocrx_word' id='word_1_307' title='bbox 934 3500 1101 3567; x_wconf 90' lang='lat' dir='ltr'><strong>monitum</strong></span> <span class='ocrx_word' id='word_1_308' title='bbox 1123 3523 1155 3567; x_wconf 93' lang='lat' dir='ltr'><strong>v.</strong></span> <span class='ocrx_word' id='word_1_309' title='bbox 1173 3506 1267 3567; x_wconf 84' lang='lat'><strong>8-10.</strong></span> <span class='ocrx_word' id='word_1_310' title='bbox 1285 3498 1448 3566; x_wconf 81' lang='lat' dir='ltr'><strong>Dilatatic</strong></span> <span class='ocrx_word' id='word_1_311' title='bbox 1464 3523 1497 3567; x_wconf 92' lang='lat' dir='ltr'><strong>v.</strong></span> <span class='ocrx_word' id='word_1_312' title='bbox 1519 3505 1541 3568; x_wconf 92' lang='lat'>8</span> 
     </span>
     <span class='ocr_line' id='line_1_32' title="bbox 224 3604 1542 3696; baseline 0.003 -27"><span class='ocrx_word' id='word_1_313' title='bbox 224 3625 296 3670; x_wconf 93' lang='lat' dir='ltr'><strong>non</strong></span> <span class='ocrx_word' id='word_1_314' title='bbox 314 3604 521 3691; x_wconf 83' lang='lat' dir='ltr'><strong>intelligitur</strong></span> <span class='ocrx_word' id='word_1_315' title='bbox 539 3606 710 3694; x_wconf 90' lang='lat' dir='ltr'><strong>promissa</strong></span> <span class='ocrx_word' id='word_1_316' title='bbox 737 3606 798 3673; x_wconf 91' lang='lat' dir='ltr'><strong>illa</strong></span> <span class='ocrx_word' id='word_1_317' title='bbox 819 3629 927 3696; x_wconf 91' lang='lat' dir='ltr'><strong>usque</strong></span> <span class='ocrx_word' id='word_1_318' title='bbox 958 3606 1004 3673; x_wconf 88' lang='lat' dir='ltr'><strong>ad</strong></span> <span class='ocrx_word' id='word_1_319' title='bbox 1030 3607 1229 3694; x_wconf 86' lang='lat' dir='ltr'><strong>Euphraten</strong></span> <span class='ocrx_word' id='word_1_320' title='bbox 1259 3604 1423 3694; x_wconf 80' lang='lat' dir='ltr'><strong>(Bonsr.),</strong></span> <span class='ocrx_word' id='word_1_321' title='bbox 1454 3627 1542 3673; x_wconf 90' lang='lat' dir='ltr'><strong>nun-</strong></span> 
     </span>
     <span class='ocr_line' id='line_1_33' title="bbox 223 3710 1543 3802; baseline 0.003 -28"><span class='ocrx_word' id='word_1_322' title='bbox 223 3731 327 3798; x_wconf 85' lang='lat' dir='ltr'><strong>quanr</strong></span> <span class='ocrx_word' id='word_1_323' title='bbox 344 3710 471 3799; x_wconf 90' lang='lat' dir='ltr'><strong>quippe</strong></span> <span class='ocrx_word' id='word_1_324' title='bbox 496 3732 608 3799; x_wconf 88' lang='lat' dir='ltr'><strong>neque</strong></span> <span class='ocrx_word' id='word_1_325' title='bbox 629 3711 735 3779; x_wconf 85' lang='lat' dir='ltr'><strong>David</strong></span> <span class='ocrx_word' id='word_1_326' title='bbox 754 3735 866 3802; x_wconf 88' lang='lat' dir='ltr'><strong>neque</strong></span> <span class='ocrx_word' id='word_1_327' title='bbox 891 3713 1027 3779; x_wconf 84' lang='lat' dir='ltr'><strong>Salomo</strong></span> <span class='ocrx_word' id='word_1_328' title='bbox 1043 3713 1151 3780; x_wconf 90' lang='lat' dir='ltr'><strong>ullam</strong></span> <span class='ocrx_word' id='word_1_329' title='bbox 1174 3711 1543 3779; x_wconf 82' lang='lat' dir='ltr'><strong>ultralChanaanitidis</strong></span> 
     </span>
     <span class='ocr_line' id='line_1_34' title="bbox 223 3815 1543 3908; baseline 0.003 -27"><span class='ocrx_word' id='word_1_330' title='bbox 223 3816 308 3882; x_wconf 87' lang='lat' dir='ltr'><strong>fines</strong></span> <span class='ocrx_word' id='word_1_331' title='bbox 329 3815 503 3883; x_wconf 87' lang='lat' dir='ltr'><strong>civitatem</strong></span> <span class='ocrx_word' id='word_1_332' title='bbox 529 3818 653 3905; x_wconf 80' lang='lat' dir='ltr'><strong>refugii</strong></span> <span class='ocrx_word' id='word_1_333' title='bbox 673 3818 863 3900; x_wconf 88' lang='lat' dir='ltr'><strong>instituere,</strong></span> <span class='ocrx_word' id='word_1_334' title='bbox 887 3841 999 3908; x_wconf 88' lang='lat' dir='ltr'><strong>neque</strong></span> <span class='ocrx_word' id='word_1_335' title='bbox 1015 3819 1096 3885; x_wconf 89' lang='lat' dir='ltr'><strong>illae</strong></span> <span class='ocrx_word' id='word_1_336' title='bbox 1119 3823 1241 3905; x_wconf 82' lang='lat' dir='ltr'><strong>gentes</strong></span> <span class='ocrx_word' id='word_1_337' title='bbox 1255 3819 1428 3885; x_wconf 87' lang='lat' dir='ltr'><strong>hebraeae</strong></span> <span class='ocrx_word' id='word_1_338' title='bbox 1441 3824 1543 3885; x_wconf 85' lang='lat' dir='ltr'><strong>erant</strong></span> 
     </span>
     <span class='ocr_line' id='line_1_35' title="bbox 223 3923 1543 4014; baseline 0.002 -25"><span class='ocrx_word' id='word_1_339' title='bbox 223 3945 334 4011; x_wconf 89' lang='lat' dir='ltr'><strong>neque</strong></span> <span class='ocrx_word' id='word_1_340' title='bbox 361 3923 518 3990; x_wconf 86' lang='lat' dir='ltr'><strong>hebraeis</strong></span> <span class='ocrx_word' id='word_1_341' title='bbox 547 3923 684 4010; x_wconf 85' lang='lat' dir='ltr'><strong>legibus</strong></span> <span class='ocrx_word' id='word_1_342' title='bbox 712 3925 891 4005; x_wconf 87' lang='lat' dir='ltr'><strong>vivebant,</strong></span> <span class='ocrx_word' id='word_1_343' title='bbox 916 3925 976 3992; x_wconf 92' lang='lat' dir='ltr'><strong>sed</strong></span> <span class='ocrx_word' id='word_1_344' title='bbox 1005 3925 1094 4008; x_wconf 89' lang='lat' dir='ltr'><strong>suis;</strong></span> <span class='ocrx_word' id='word_1_345' title='bbox 1122 3924 1182 3992; x_wconf 90' lang='lat' dir='ltr'><strong>sed</strong></span> <span class='ocrx_word' id='word_1_346' title='bbox 1207 3923 1415 4011; x_wconf 85' lang='lat' dir='ltr'><strong>intelligitur</strong></span> <span class='ocrx_word' id='word_1_347' title='bbox 1439 3925 1543 4014; x_wconf 86' lang='lat' dir='ltr'><strong>plena</strong></span> 
     </span>
     <span class='ocr_line' id='line_1_36' title="bbox 225 4028 1540 4119; baseline 0.002 -26"><span class='ocrx_word' id='word_1_348' title='bbox 225 4028 480 4096; x_wconf 87' lang='lat' dir='ltr'><strong>Chanaanitidis</strong></span> <span class='ocrx_word' id='word_1_349' title='bbox 503 4031 682 4118; x_wconf 88' lang='lat' dir='ltr'><strong>possessio,</strong></span> <span class='ocrx_word' id='word_1_350' title='bbox 708 4054 796 4118; x_wconf 89' lang='lat' dir='ltr'><strong>quae</strong></span> <span class='ocrx_word' id='word_1_351' title='bbox 816 4031 969 4098; x_wconf 88' lang='lat' dir='ltr'><strong>iudicum</strong></span> <span class='ocrx_word' id='word_1_352' title='bbox 996 4053 1078 4098; x_wconf 90' lang='lat' dir='ltr'><strong>aevo</strong></span> <span class='ocrx_word' id='word_1_353' title='bbox 1097 4029 1251 4097; x_wconf 89' lang='lat' dir='ltr'><strong>noudum</strong></span> <span class='ocrx_word' id='word_1_354' title='bbox 1274 4036 1346 4097; x_wconf 87' lang='lat' dir='ltr'><strong>erat</strong></span> <span class='ocrx_word' id='word_1_355' title='bbox 1369 4029 1540 4119; x_wconf 87' lang='lat' dir='ltr'><strong>completa</strong></span> 
     </span>
     <span class='ocr_line' id='line_1_37' title="bbox 227 4134 1543 4226; baseline 0.003 -29"><span class='ocrx_word' id='word_1_356' title='bbox 227 4134 297 4220; x_wconf 83' lang='lat' dir='ltr'><strong>(Ex.</strong></span> <span class='ocrx_word' id='word_1_357' title='bbox 313 4139 414 4213; x_wconf 58' lang='lat'><strong>2339</strong></span> <span class='ocrx_word' id='word_1_358' title='bbox 427 4157 493 4224; x_wconf 86' lang='lat' dir='ltr'><strong>sq.;</strong></span> <span class='ocrx_word' id='word_1_359' title='bbox 515 4141 612 4203; x_wconf 84' lang='lat' dir='ltr'><strong>Dcut.</strong></span> <span class='ocrx_word' id='word_1_360' title='bbox 630 4143 727 4217; x_wconf 55' lang='lat'><strong>7223</strong></span> <span class='ocrx_word' id='word_1_361' title='bbox 747 4137 849 4223; x_wconf 71' lang='lat' dir='ltr'><strong>Coi).</strong></span> <span class='ocrx_word' id='word_1_362' title='bbox 869 4142 1046 4204; x_wconf 83' lang='lat' dir='ltr'><strong>Praeterea</strong></span> <span class='ocrx_word' id='word_1_363' title='bbox 1061 4137 1182 4204; x_wconf 90' lang='lat' dir='ltr'><strong>eadem</strong></span> <span class='ocrx_word' id='word_1_364' title='bbox 1197 4142 1299 4226; x_wconf 89' lang='lat' dir='ltr'><strong>atquo</strong></span> <span class='ocrx_word' id='word_1_365' title='bbox 1314 4160 1345 4201; x_wconf 90' lang='lat' dir='ltr'><strong>v.</strong></span> <span class='ocrx_word' id='word_1_366' title='bbox 1363 4141 1383 4203; x_wconf 88' lang='lat'><strong>8</strong></span> <span class='ocrx_word' id='word_1_367' title='bbox 1403 4157 1543 4226; x_wconf 86' lang='lat' dir='ltr'><strong>expres-</strong></span> 
     </span>
     <span class='ocr_line' id='line_1_38' title="bbox 225 4237 1542 4333; baseline 0.005 -31"><span class='ocrx_word' id='word_1_368' title='bbox 225 4237 274 4302; x_wconf 91' lang='lat' dir='ltr'><strong>sio</strong></span> <span class='ocrx_word' id='word_1_369' title='bbox 296 4245 394 4317; x_wconf 56' lang='lat'><strong>1220</strong></span> <span class='ocrx_word' id='word_1_370' title='bbox 417 4241 534 4330; x_wconf 89' lang='lat' dir='ltr'><strong>utiquc</strong></span> <span class='ocrx_word' id='word_1_371' title='bbox 560 4243 666 4309; x_wconf 90' lang='lat' dir='ltr'><strong>solam</strong></span> <span class='ocrx_word' id='word_1_372' title='bbox 697 4243 969 4310; x_wconf 79' lang='lat' dir='ltr'><strong>chanaanitidcn</strong></span> <span class='ocrx_word' id='word_1_373' title='bbox 990 4244 1196 4332; x_wconf 90' lang='lat' dir='ltr'><strong>respiciebat</strong></span> <span class='ocrx_word' id='word_1_374' title='bbox 1222 4244 1280 4333; x_wconf 86' lang='lat' dir='ltr'><strong>(cl.</strong></span> <span class='ocrx_word' id='word_1_375' title='bbox 1307 4243 1434 4330; x_wconf 62' lang='lat' dir='ltr'><strong>Ml).</strong></span> <span class='ocrx_word' id='word_1_376' title='bbox 1461 4265 1495 4308; x_wconf 96' lang='lat' dir='ltr'><strong>v.</strong></span> <span class='ocrx_word' id='word_1_377' title='bbox 1520 4248 1542 4309; x_wconf 87' lang='lat'><em>8</em></span> 
     </span>
     <span class='ocr_line' id='line_1_39' title="bbox 228 4345 1544 4436; baseline 0.002 -25"><span class='ocrx_word' id='word_1_378' title='bbox 228 4345 1544 4436; x_wconf 68' lang='grc'><strong>(10111111111111(111111111111[10111111111911111111111111111110111101,111111111111111</strong></span> 
     </span>
     <span class='ocr_line' id='line_1_40' title="bbox 222 4449 1540 4547; baseline 0.004 -32"><span class='ocrx_word' id='word_1_379' title='bbox 222 4449 379 4539; x_wconf 69' lang='lat' dir='ltr'><strong>[ratribus</strong></span> <span class='ocrx_word' id='word_1_380' title='bbox 395 4451 476 4535; x_wconf 76' lang='lat' dir='ltr'><strong>tuis,</strong></span> <span class='ocrx_word' id='word_1_381' title='bbox 491 4465 523 4518; x_wconf 84' lang='lat' dir='ltr'><strong>et</strong></span> <span class='ocrx_word' id='word_1_382' title='bbox 537 4452 669 4520; x_wconf 81' lang='lat' dir='ltr'><strong>dederit</strong></span> <span class='ocrx_word' id='word_1_383' title='bbox 683 4455 746 4522; x_wconf 79' lang='lat' dir='ltr'><strong>riez·</strong></span> <span class='ocrx_word' id='word_1_384' title='bbox 759 4469 915 4522; x_wconf 77' lang='lat' dir='ltr'><strong>carnetum</strong></span> <span class='ocrx_word' id='word_1_385' title='bbox 932 4469 1070 4538; x_wconf 76' lang='lat' dir='ltr'><strong>terram,</strong></span> <span class='ocrx_word' id='word_1_386' title='bbox 1082 4479 1186 4547; x_wconf 73' lang='lat' dir='ltr'><strong>prtum</strong></span> <span class='ocrx_word' id='word_1_387' title='bbox 1199 4455 1430 4546; x_wconf 79' lang='lat' dir='ltr'><strong>cispollr&#39;cilus</strong></span> <span class='ocrx_word' id='word_1_388' title='bbox 1444 4466 1494 4521; x_wconf 82' lang='lat' dir='ltr'><strong>est</strong></span> <span class='ocrx_word' id='word_1_389' title='bbox 1508 4483 1540 4537; x_wconf 90' lang='lat'><strong>»,</strong></span> 
     </span>
     <span class='ocr_line' id='line_1_41' title="bbox 224 4557 1542 4653; baseline 0.007 -32"><span class='ocrx_word' id='word_1_390' title='bbox 224 4578 257 4624; x_wconf 88' lang='lat' dir='ltr'><strong>v.</strong></span> <span class='ocrx_word' id='word_1_391' title='bbox 279 4565 298 4625; x_wconf 83' lang='grc'><strong>9</strong></span> <span class='ocrx_word' id='word_1_392' title='bbox 316 4585 331 4618; x_wconf 90' lang='lat'>«</span> <span class='ocrx_word' id='word_1_393' title='bbox 348 4557 378 4623; x_wconf 79' lang='lat' dir='ltr'><strong>si</strong></span> <span class='ocrx_word' id='word_1_394' title='bbox 392 4569 505 4626; x_wconf 71' lang='lat' dir='ltr'><strong>lancee</strong></span> <span class='ocrx_word' id='word_1_395' title='bbox 519 4560 721 4628; x_wconf 77' lang='lat' dir='ltr'><strong>crestodr&#39;erz&#39;s</strong></span> <span class='ocrx_word' id='word_1_396' title='bbox 743 4563 910 4630; x_wconf 76' lang='grc'><strong>1111111111</strong></span> <span class='ocrx_word' id='word_1_397' title='bbox 927 4563 1017 4647; x_wconf 78' lang='lat' dir='ltr'><strong>eiras,</strong></span> <span class='ocrx_word' id='word_1_398' title='bbox 1035 4575 1067 4630; x_wconf 82' lang='lat' dir='ltr'><strong>ct</strong></span> <span class='ocrx_word' id='word_1_399' title='bbox 1081 4563 1206 4652; x_wconf 80' lang='lat' dir='ltr'><strong>seceris</strong></span> <span class='ocrx_word' id='word_1_400' title='bbox 1221 4586 1310 4653; x_wconf 76' lang='lat' dir='ltr'><strong>qrcce</strong></span> <span class='ocrx_word' id='word_1_401' title='bbox 1323 4561 1424 4628; x_wconf 78' lang='lat' dir='ltr'><strong>hodie</strong></span> <span class='ocrx_word' id='word_1_402' title='bbox 1437 4584 1542 4651; x_wconf 83' lang='lat' dir='ltr'><strong>prae·</strong></span> 
     </span>
     <span class='ocr_line' id='line_1_42' title="bbox 225 4664 1540 4758; baseline 0.005 -29"><span class='ocrx_word' id='word_1_403' title='bbox 225 4664 312 4754; x_wconf 73' lang='lat' dir='ltr'><strong>cepio</strong></span> <span class='ocrx_word' id='word_1_404' title='bbox 329 4665 403 4747; x_wconf 73' lang='lat' dir='ltr'><strong>tici,</strong></span> <span class='ocrx_word' id='word_1_405' title='bbox 424 4679 461 4732; x_wconf 88' lang='grc'><strong>111</strong></span> <span class='ocrx_word' id='word_1_406' title='bbox 486 4666 615 4758; x_wconf 74' lang='lat' dir='ltr'><strong>cllliqcs</strong></span> <span class='ocrx_word' id='word_1_407' title='bbox 632 4669 817 4735; x_wconf 82' lang='lat' dir='ltr'><strong>Dominum</strong></span> <span class='ocrx_word' id='word_1_408' title='bbox 839 4673 946 4737; x_wconf 76' lang='lat' dir='ltr'><strong>Decem</strong></span> <span class='ocrx_word' id='word_1_409' title='bbox 962 4682 1073 4751; x_wconf 85' lang='grc'><strong>11111111,</strong></span> <span class='ocrx_word' id='word_1_410' title='bbox 1099 4683 1131 4736; x_wconf 83' lang='lat' dir='ltr'><strong>et</strong></span> <span class='ocrx_word' id='word_1_411' title='bbox 1149 4670 1301 4737; x_wconf 78' lang='lat' dir='ltr'><strong>anrbrclrs</strong></span> <span class='ocrx_word' id='word_1_412' title='bbox 1322 4669 1358 4737; x_wconf 82' lang='lat' dir='ltr'><strong>in</strong></span> <span class='ocrx_word' id='word_1_413' title='bbox 1380 4669 1444 4736; x_wconf 83' lang='lat' dir='ltr'><strong>uiis</strong></span> <span class='ocrx_word' id='word_1_414' title='bbox 1463 4668 1540 4736; x_wconf 81' lang='lat' dir='ltr'><strong>eius</strong></span> 
     </span>
    </p>
   </div>
   <div class='ocr_carea' id='block_1_5' title="bbox 0 0 1688 5346">
    <p class='ocr_par' dir='ltr' id='par_1_6' title="bbox 0 0 1688 5346">
     <span class='ocr_line' id='line_1_43' title="bbox 0 0 1688 5346; baseline 0 2"><span class='ocrx_word' id='word_1_415' title='bbox 0 0 1688 5346; x_wconf 95' lang='lat' dir='ltr'><strong> </strong></span> 
     </span>
    </p>
   </div>
  </div>
 </body>
</html>
