3366 5346
481 303 506 359 l.
531 317 586 361 iux
608 318 646 361 uu
666 317 736 361 noco
756 314 868 363 currus
892 320 898 361 :
924 320 1013 364 usur.
1039 305 1128 372 raas
1150 320 1213 373 suo.

451 478 473 524 d.
490 478 531 524 Ad
545 478 625 537 legem
642 479 713 525 Dent.
732 480 815 539 12,2-7
832 480 929 527 novella
946 481 1019 527 tertia
1035 481 1108 529 Dent,
1126 483 1246 542 raca-ae.

236 625 318 709 stry.
336 657 380 668 —
395 622 502 686 llonet
517 619 741 700 novenarius,
758 643 802 687 ne
825 626 901 709 post
917 621 1104 689 destructas
1119 645 1196 689 cum
1221 624 1289 690 suis
1305 626 1504 692 sanctuariis

192 729 237 814 (v.
255 728 356 816 tsq.)
374 731 492 812 gentes
513 725 734 794 Chananacas
752 731 921 793 attentent
935 728 1078 797 Hebraei
1105 731 1230 797 lahven
1250 731 1360 797 colere
1386 754 1505 798 carum

191 832 347 919 gentium
370 832 503 900 ritibus.
527 839 591 899 Eos
610 834 736 923 quippe
756 832 841 899 ritus
855 833 1208 921 abominaturlahve‚
1227 837 1396 926 imprimis
1417 837 1505 905 libe·

192 962 307 1006 rorum
322 939 586 1005 immolationes

234 1069 265 1114 v.
285 1053 325 1112 29
342 1074 357 1107 u
377 1044 521 1127 Quando
537 1044 777 1135 disperdiderit
794 1047 961 1114 [tortines
975 1051 1065 1114 Deus
1079 1061 1158 1114 tretis
1171 1062 1251 1115 urite
1260 1049 1389 1135 sociem
1405 1064 1501 1119 titum

187 1168 319 1243 pentes,
346 1152 393 1219 act
411 1175 497 1242 quus
512 1151 714 1241 iaqredieris
731 1152 968 1242 possidendus,
992 1167 1024 1220 et
1033 1152 1227 1243 possederis
1249 1179 1305 1223 eus
1324 1170 1426 1246 utque
1439 1158 1501 1225 ltu-

190 1261 348 1327 dituceris
364 1259 401 1326 iu
415 1273 505 1326 terro
525 1283 642 1327 currem
662 1290 693 1341 u,
712 1283 745 1326 v.
764 1268 836 1328 30«
855 1284 946 1346 cuce,
968 1284 1010 1327 ue
1024 1261 1171 1328 imiteris
1185 1284 1241 1329 ees
1259 1291 1294 1346 u,
1308 1303 1353 1313 —
1368 1268 1470 1331 Hebr.
1489 1288 1496 1332 :

190 1392 232 1435 ne
245 1367 412 1452 irretiaris
426 1379 506 1455 post
530 1389 644 1432 eus-
662 1394 677 1426 e
696 1381 879 1457 postquam
907 1381 938 1434 tc
949 1367 1081 1459 suerint
1095 1368 1286 1435 introeunte
1306 1373 1497 1454 secbcersue,

189 1488 221 1541 et
245 1475 398 1564 requiras
420 1472 630 1539 ceremonias
649 1496 766 1538 eurum
790 1473 905 1540 diceus
927 1496 940 1539 .·
968 1474 1066 1541 Sicut
1085 1475 1258 1542 coluereut
1277 1490 1395 1566 peuces
1415 1479 1498 1545 istae

189 1581 268 1648 deos
282 1603 369 1666 suos,
388 1581 437 1646 ita
455 1591 487 1645 ct
502 1602 564 1668 eqo
579 1579 690 1645 colum
712 1610 741 1648 s.
761 1583 861 1648 Hebe.
883 1604 890 1649 :
910 1604 951 1646 ae
970 1581 1125 1671 inquires
1142 1582 1259 1671 quood
1271 1582 1351 1649 deos
1365 1608 1495 1664 currem,

189 1688 282 1778 quod
296 1692 388 1753 recte
409 1685 556 1775 explicat
577 1687 656 1774 Spe.
682 1707 689 1754 :
719 1709 760 1753 nc
776 1687 963 1776 iuterroqes
981 1686 1022 1753 dc
1040 1687 1107 1753 diis
1126 1711 1244 1755 currem
1262 1688 1387 1757 diceus
1408 1695 1501 1759 LXX

187 1794 361 1861 omittunt.
378 1798 478 1860 Recte
501 1792 616 1881 l'ulq„
630 1792 743 1882 quoad
757 1816 905 1865 sensum.
925 1794 990 1860 diis
1004 1795 1177 1862 substituit
1191 1798 1402 1864 ceremonias
1420 1819 1427 1866 :
1452 1821 1496 1865 sc.

186 1922 255 1966 uon
271 1901 386 1986 agitur
399 1899 435 1965 h.
451 1898 474 1965 l.
484 1898 536 1991 'de
549 1898 614 1964 diis
628 1899 786 1985 gentium
802 1900 1052 1967 destructarum
1067 1900 1235 1984 colendis,
1251 1904 1307 1969 sed
1327 1904 1369 1969 dc
1382 1906 1500 1993 exqui-

186 2006 301 2073 rendis
327 2006 435 2072 cultus
459 2004 632 2093 exstirpati
656 2006 869 2087 ceremoniis,
893 2006 1018 2096 quibus
1043 2007 1198 2093 iisdem(
1220 2009 1243 2074 l.
1268 2032 1300 2074 v.
1326 2012 1381 2097 31)
1397 2012 1498 2077 lubre

187 2113 328 2180 colatur.
350 2112 480 2179 Clarius
511 2113 610 2176 Hebe.
636 2132 644 2179 :
667 2111 716 2178 itu
736 2126 770 2177 et
786 2135 848 2201 eqo
868 2112 1002 2200 sociem
1009 2134 1024 2198 ;
1043 2135 1082 2179 ac
1097 2113 1175 2179 dein
1192 2135 1199 2180 :
1221 2117 1299 2181 Non
1311 2116 1419 2204 socies
1434 2118 1495 2184 itu.

186 2244 218 2287 r.
240 2226 277 2287 31
303 2248 318 2280 α
344 2222 422 2287 Nou
441 2218 551 2306 socies
569 2217 731 2284 siusiliter
750 2221 893 2285 Domino
909 2222 978 2286 Deo
995 2233 1063 2287 tuo.
1081 2222 1203 2287 Omnes
1218 2222 1310 2288 euim
1324 2225 1497 2291 abacistae·

187 2329 305 2413 tiones,
324 2349 409 2415 quas
421 2337 598 2391 auersetur
619 2325 798 2406 Doudoua,
809 2327 967 2414 fecerim!
983 2326 1050 2393 diis
1062 2327 1150 2407 suis,
1169 2330 1346 2418 offerentes
1361 2330 1452 2419 lilios
1465 2346 1497 2398 et

184 2433 294 2521 sities,
320 2445 352 2497 et
367 2431 597 2498 comburentes
616 2431 693 2519 iqui
720 2460 748 2498 u.
772 2438 815 2498 be
842 2455 912 2521 qua
938 2455 973 2499 re
991 2435 1141 2500 dicemus
1162 2435 1206 2500 ad
1224 2441 1335 2517 18,10.
1357 2441 1496 2505 Versum

187 2545 228 2603 32
244 2561 322 2605 cum
343 2541 439 2604 liunt.
460 2540 540 2624 Syr.
566 2540 657 2603 LXX
679 2538 795 2626 t'ulp„
817 2547 850 2604 et
870 2538 975 2604 etium
991 2562 1067 2606 cum
1088 2543 1213 2606 illusor.
1231 2549 1306 2630 post
1320 2543 1419 2610 illum
1434 2567 1496 2611 no-

187 2644 337 2710 tantibus
359 2644 572 2734 permultam,
598 2642 642 2708 ad
668 2644 906 2731 praecedentia
929 2645 1097 2711 trahimus
1113 2646 1195 2712 dum
1216 2647 1344 2714 bibliae
1357 2658 1495 2718 nostrae

185 2750 354 2816 hebraeae
378 2749 477 2814 illum
499 2747 602 2837 capiti
624 2755 663 2814 13
682 2756 861 2816 accensent
881 2771 888 2814 :
906 2750 1068 2817 collector
1086 2775 1117 2818 v.
1136 2758 1190 2834 32,
1209 2754 1301 2842 quod
1318 2755 1398 2822 item
1414 2778 1496 2842 ege-

185 2863 278 2924 ratv.
292 2863 347 2937 28,
359 2856 477 2922 inserit
489 2853 673 2922 formulam
685 2854 739 2943 (cl.
748 2879 784 2945 p.
796 2858 961 2946 tttsqq.)
971 2879 1038 2946 qua
1046 2859 1329 2948 praecedentibus
1342 2863 1498 2931 attribuit

184 2963 254 3029 vim
268 2962 365 3050 legis.
382 2984 415 3030 v,
431 2969 473 3029 32
493 2962 599 3051 (litt)
619 2964 725 3028 Omne
744 2965 895 3043 verdum,
916 2992 931 3024 «
955 2963 1049 3053 quod
1062 2995 1077 3023 »
1095 2988 1158 3053 epo
1177 2992 1192 3027 u
1205 2968 1384 3057 praccipio
1398 2969 1460 3036 tibi
1482 3001 1497 3051 u

184 3069 283 3136 hodie
310 3072 417 3157 (Sum.
447 3069 566 3157 LXX),
589 3096 605 3128 κ
631 3067 693 3135 boc
720 3069 876 3158 [tuntumt
894 3071 1175 3158 sucitoltomiuo,
1194 3095 1254 3139 erec
1268 3072 1378 3141 adeles
1399 3074 1499 3165 quid·

175 3197 289 3266 'picum
308 3199 369 3243 rcec
388 3175 527 3242 miuuus
548 3203 578 3263 u.
605 3174 682 3242 ltele
699 3188 844 3243 tuntum.
869 3177 1010 3244 Custodi
1022 3191 1054 3243 et
1068 3179 1149 3266 suc:
1167 3202 1228 3269 pro
1244 3170 1346 3248 nturi
1362 3181 1498 3250 videtur

191 3283 288 3373 Vcdq.
313 3283 477 3349 mendose
500 3282 624 3369 legisse
648 3272 747 3346 asub.
774 3283 967 3351 Secundum
996 3307 1047 3365 ca,
1069 3307 1156 3374 quae
1179 3286 1224 3352 ad
1245 3293 1335 3368 15,5.
1360 3296 1495 3371 15;1u‚7

184 3389 347 3470 dicemus,
373 3390 540 3456 formulae
560 3411 678 3455 sensus
701 3388 835 3455 videtur
859 3411 927 3456 esse
951 3390 1019 3469 bic,
1044 3398 1080 3455 ut
1096 3391 1358 3479 explicationem
1378 3396 1459 3475 tnui)
1476 3420 1497 3461 a

183 3517 218 3560 sc
246 3496 420 3561 recitatam
450 3494 598 3561 affirmet
623 3495 785 3561 collector
804 3494 965 3584 deinceps
984 3496 1108 3561 babere
1125 3496 1194 3561 vim
1214 3499 1368 3564 mandati
1388 3499 1494 3580 (nisu)

184 3622 242 3665 seu
259 3600 355 3688 lepis.
373 3601 559 3689 Explicatio
575 3601 660 3666 haec
682 3606 770 3686 sunt
783 3607 851 3667 tres
869 3600 1038 3668 novellae.
1062 3602 1225 3668 Collector
1239 3605 1324 3693 (epo)
1341 3605 1408 3671 sibi
1430 3609 1495 3673 uti-

184 3729 250 3794 quc
269 3705 432 3771 adscribit
451 3707 687 3772 auctoritatem
709 3707 826 3791 legum
844 3706 1101 3774 condendarum
1121 3715 1180 3776 aut
1204 3716 1295 3777 certe
1312 3714 1496 3782 auctorita·

183 3814 251 3878 tive
268 3811 561 3901 explicandarum.

359 4014 391 4073 2.
420 4010 489 4072 Lea
512 4021 632 4073 contra
651 4019 824 4097 apostotos
847 4032 868 4073 o
892 4008 987 4075 cultu
1012 4009 1112 4076 laice
1136 4014 1234 4080 Decet.
1264 4020 1316 4081 13.

223 4184 307 4267 stry.
322 4217 365 4227 -
381 4178 590 4245 Scandalum
600 4177 818 4245 idololatriae
833 4177 992 4269 cpopulo
1005 4180 1113 4247 electo
1129 4181 1333 4270 exstirpetur
1347 4191 1492 4274 oportet,

180 4309 219 4352 eo
247 4286 340 4353 illico
373 4284 598 4374 interempto,
623 4284 683 4375 qui
707 4284 796 4351 illud
822 4285 971 4368 dederit,
996 4285 1067 4353 sive
1095 4289 1123 4353 is
1148 4288 1252 4355 fuerit
1283 4290 1493 4382 psendopro-

181 4394 285 4480 phcta
303 4415 334 4461 v.
353 4399 423 4472 1-5,
446 4391 516 4458 sive
531 4393 661 4458 amicus
682 4414 713 4458 v.
733 4397 824 4473 6·11‚
845 4391 915 4459 sive
935 4393 1072 4480 integra
1089 4393 1207 4483 aliqua
1227 4395 1308 4463 urbs
1323 4420 1355 4464 v.
1375 4405 1489 4479 12-173

181 4497 257 4562 aliis
271 4498 394 4581 verbis,
406 4498 476 4565 sive
490 4497 688 4565 scandalum
705 4498 894 4587 protectum
909 4498 952 4565 sit
965 4498 1010 4565 ab
1025 4523 1105 4583 uno,
1121 4502 1226 4569 sivea
1243 4504 1371 4583 multis,
1389 4528 1489 4593 prac-

180 4608 273 4669 textu
292 4604 361 4671 sive
385 4606 517 4673 fucatae
538 4604 674 4674 divinae
695 4604 922 4688 auctoritatis,
945 4606 1015 4674 sive
1038 4607 1179 4675 intimae
1193 4609 1361 4676 amicitiae
1378 4617 1411 4677 et
1430 4632 1490 4678 ne·

181 4710 354 4778 cessitatis.
