3366 5346
659 327 746 371 asur.
771 313 852 373 32¹4.
1353 308 1410 366 517

114 490 117 499 ’
145 463 231 543 Quid
244 484 326 531 vero
349 463 391 528 de
414 462 514 528 lehre
537 461 721 528 dicendum
746 466 866 528 nactus
887 464 936 526 est
955 463 1071 526 rates?
1091 460 1167 526 Eius
1187 457 1229 524 ad
1250 459 1410 525 lsraelem

100 571 268 637 rationem
284 569 431 636 breviter
446 567 608 634 describit
623 591 653 634 v.
670 574 689 634 t
708 589 714 635 :
734 596 750 628 a
767 569 829 634 Dei
837 567 998 657 perfecta
1014 578 1094 632 sciat
1112 588 1215 656 opera
1232 593 1262 633 ».
1282 563 1383 631 Heba.
1401 587 1408 632 :

100 692 172 742 risu
202 697 279 743 cum
299 675 441 742 articulo
462 675 654 765 emphatice
669 674 820 764 praefixo
847 698 854 740 :
882 675 984 740 lahve
1005 678 1054 739 est
1075 685 1185 762 petra,
1211 683 1355 770 ἡπξτρα,
1376 673 1410 738 in

100 776 170 873 qua
183 805 251 850 una
265 782 431 849 tundatur
446 781 559 863 lsrael,
579 782 718 848 unicum
735 783 841 868 igitur
855 779 1118 847 fundamentum
1135 779 1207 869 spei
1223 779 1304 872 eius.
1324 778 1409 857 Quid

99 912 179 957 vero
199 893 249 956 est
268 912 352 979 opas
369 892 485 978 petrae
502 893 535 954 et
559 888 632 954 riae
652 896 781 978 petrae,
798 909 877 955 cum
900 878 1018 977 petrae
1037 909 1108 953 non
1130 891 1325 976 operentur,
1342 909 1411 952 non

100 998 174 1063 loco
193 998 417 1062 mereantur?
433 994 495 1060 Ubi
515 994 619 1061 Klost.
642 1017 676 1084 p.
699 1003 760 1061 271
783 1017 834 1084 sq.
858 1015 944 1084 opas
965 993 1090 1083 accipit
1113 992 1275 1082 passive:
1300 996 1409 1082 petra,

99 1125 187 1192 opus
205 1103 406 1192 perlectum,
424 1101 574 1190 perlecta
597 1102 634 1168 in
656 1123 780 1188 genere
803 1108 933 1190 petrae.
952 1100 1016 1167 Sed
1036 1105 1128 1167 recte
1149 1105 1267 1165 monet
1291 1098 1364 1165 Dilt
1403 1152 1409 1164 .

100 1216 217 1301 petrae
237 1214 413 1289 naturam,
431 1214 637 1274 structuram
665 1207 923 1298 exprimendam
946 1208 1048 1274 luisse
1068 1229 1136 1273 non
1156 1228 1239 1273 voce
1259 1196 1330 1279 bre,
1353 1206 1412 1273 sed

100 1338 182 1382 voce
203 1329 302 1383 uuir:
317 1316 392 1403 (ΕΖ.
420 1319 497 1391 1,16
516 1315 597 1404 sq).
616 1314 833 1402 Distinguunt
856 1313 1001 1381 Hebraei
1023 1313 1185 1380 animalia
1206 1313 1355 1403 perlecta
1380 1317 1412 1378 ot

100 1422 310 1511 imperfecta,
329 1422 412 1487 vites
431 1419 539 1488 bonas
559 1428 592 1487 et
613 1412 731 1499 malas,
744 1443 811 1488 non
833 1420 1051 1507 distinguunt
1073 1405 1175 1508 rupes
1192 1420 1413 1509 perfectiores

101 1528 145 1595 ab
167 1527 488 1617 imperfectioribus.
509 1528 619 1614 igitur
637 1550 754 1595 vocem
772 1543 845 1593 utu
868 1534 1026 1595 construe
1049 1526 1220 1608 absolute3
1243 1549 1312 1615 qua
1332 1548 1412 1592 voce

27 1650 29 1655 '
100 1635 236 1725 prolata
261 1633 438 1724 abrumpit
454 1641 547 1701 rates
566 1635 768 1702 sententiam
793 1635 987 1724 pergitque,
1008 1633 1107 1699 missa
1130 1634 1332 1722 metaphora
1351 1656 1412 1723 pc-

100 1747 187 1826 trae,
204 1741 384 1807 ostendere
405 1741 560 1829 qualeae
582 1741 684 1807 lahve
704 1740 820 1807 israeli
842 1740 1036 1808 exhibuerit
1057 1738 1320 1806 tundamentum
1340 1760 1347 1806 :
1364 1762 1409 1806 sc.

100 1848 172 1936 ipse
192 1853 292 1937 pater
310 1855 343 1913 et
358 1848 466 1912 lactor
483 1847 529 1935 (v.
548 1851 578 1932 6)
602 1869 686 1935 opus
701 1846 855 1937 aliquod,
870 1856 903 1913 et
920 1846 1060 1936 quidem
1074 1847 1236 1935 perfecte,
1254 1851 1413 1934 operatus

101 1961 150 2020 est
169 1976 233 2042 pro
260 1953 381 2019 lsraele
399 1972 407 2018 ε
425 1975 527 2043 porro
554 1977 583 2020 v.
613 1960 654 2018 ii
685 1975 769 2042 apres
798 1953 871 2020 eius
889 1942 960 2023 bita,
984 1959 1124 2018 vocatur
1153 1952 1310 2017 universa
1340 1950 1412 2018 eius

101 2061 192 2126 cirea
210 2058 366 2125 lsraelem
384 2059 595 2141 oeconomia,
612 2082 681 2148 qua
703 2059 857 2126 lsraelem
874 2059 1132 2148 delinquentem
1152 2057 1188 2124 in
1209 2062 1410 2146 potestatem

101 2164 206 2231 tradit
224 2165 460 2245 inimieorum;
481 2165 580 2231 huius
600 2167 712 2255 operis
731 2165 863 2232 indoles
885 2165 984 2233 simul
1005 2172 1037 2231 et
1055 2163 1225 2254 perfectio
1241 2168 1312 2230 toto
1332 2184 1414 2230 can-

101 2271 168 2338 tico
188 2271 387 2361 explicatur.
407 2298 421 2329 α
440 2273 485 2336 Et
503 2294 619 2338 amnes
637 2273 712 2338 viae
724 2272 798 2338 circs
814 2272 945 2338 iudicia
965 2299 995 2351 »,
1012 2270 1193 2351 bedictum,
1213 2269 1334 2336 iustae.
1352 2272 1415 2335 Pro

102 2391 133 2443 et
151 2380 249 2444 Hebr.
270 2394 309 2448 u,
327 2377 383 2444 rel
400 2377 535 2444 causale
554 2400 560 2445 :
578 2378 743 2468 perfectio
760 2384 891 2445 constat
907 2378 1056 2456 iustitia3
1076 2377 1129 2444 vel
1144 2376 1410 2466 explicativum:

103 2484 292 2572 perlectum
313 2490 361 2549 est
381 2505 466 2572 opus
485 2484 568 2562 eius,
588 2484 610 2550 i.
629 2507 658 2551 e.
676 2484 813 2551 iustum.
831 2484 893 2552 Ubi
916 2493 1032 2551 lamen
1054 2506 1172 2551 seusus
1194 2506 1260 2549 non
1283 2490 1334 2549 est
1353 2505 1413 2548 ne-

103 2588 249 2655 cessario
269 2589 336 2672 hic,
354 2594 461 2655 totam
482 2591 724 2679 perlectionem
740 2590 813 2656 sola
831 2590 957 2656 iustitia
979 2596 1145 2657 constare.

148 2700 294 2762 Rursum
313 2696 414 2762 lehre
435 2696 634 2762 excellentia
656 2696 723 2762 alio
745 2696 891 2763 disticho
911 2696 1140 2763 describitur:
1163 2721 1180 2758 u
1200 2699 1286 2762 Deus
1301 2694 1418 2784 fidelis

102 2815 134 2869 et
151 2804 276 2890 absque
292 2800 366 2866 alla
386 2791 580 2890 iniquitate,
600 2802 710 2868 tastris
728 2815 890 2868 atrectare
914 2831 930 2864 »
952 2802 1035 2893 ipae.
1053 2808 1126 2870 Non
1143 2809 1192 2869 est
1212 2802 1303 2870 iners
1318 2809 1413 2893 petra

104 2909 216 2990 lahve,
232 2908 291 2974 sed
305 2919 408 2997 petra
425 2911 524 2975 Deus.
544 2913 597 2974 Est
620 2914 707 2976 Deus
726 2908 906 2998 fidelitatis
929 2932 989 2976 seu
1013 2903 1128 2998 fidelis
1151 2910 1225 2976 ,siae
1248 2907 1414 2999 improbi·
1505 2944 1507 2948 .

104 3026 174 3081 tate
196 3035 204 3082 :
224 3014 387 3103 perfectio
406 3037 469 3104 per
498 3014 718 3101 negationem
745 3017 855 3103 magis
879 3016 1029 3097 effertur,
1052 3015 1168 3102 agitur
1191 3016 1233 3082 de
1258 3015 1415 3083 absoluta

103 3121 279 3188 fidelitate.
298 3125 400 3188 Porro
426 3120 542 3209 fidelis
566 3121 794 3212 inprobitatis
818 3144 949 3213 capara,
972 3123 1073 3189 missa
1093 3122 1304 3213 metaphora,
1322 3123 1414 3189 idem

104 3227 241 3295 videtur
264 3227 411 3309 edicere,
434 3228 526 3318 quod
547 3251 608 3318 per
632 3230 867 3319 metaphoram
892 3229 1051 3296 edicebat
1071 3243 1188 3319 patrm
1205 3235 1239 3295 et
1260 3229 1348 3295 sicut
1362 3252 1415 3295 se-

105 3334 218 3399 eundo
247 3334 357 3399 sticho
379 3335 542 3422 perfectio
576 3336 632 3400 bei
660 3358 721 3423 per
750 3336 916 3400 iudicium
945 3334 1195 3415 illustrabatur,
1212 3335 1256 3400 ita
1293 3342 1414 3422 quarto

106 3441 179 3505 eius
198 3438 309 3504 sticho
326 3438 474 3504 fidelitas
493 3439 573 3505 item
593 3439 758 3506 adiectivo
775 3441 885 3506 iustas
908 3440 1111 3521 illustratur,
1132 3426 1223 3529 quod
1244 3439 1414 3529 adscripto

106 3565 296 3631 synonymo
311 3556 342 3609 et
360 3557 469 3610 rectus
490 3547 600 3630 magis
617 3546 767 3626 effertur,
785 3547 834 3612 ita
849 3554 888 3613 ut
904 3547 1012 3612 iustus
1032 3558 1063 3612 rt
1081 3559 1191 3612 rectas
1209 3545 1301 3611 idem
1321 3552 1416 3612 sonet

107 3656 209 3739 atquc
225 3649 364 3715 amitino
380 3652 502 3723 iustas,
521 3651 628 3716 iustus
640 3652 713 3717 sine
727 3651 935 3742 obliquitate.

141 3855 167 3890 v.
183 3842 197 3889 5
212 3843 304 3890 textus
319 3842 419 3890 misere
433 3850 577 3905 corruptus
592 3843 728 3905 probabili
743 3846 902 3893 coniectura
914 3849 956 3894 est
971 3844 1168 3894 restituendus.
1181 3846 1235 3893 Pro
1252 3845 1331 3892 Hebr.
1343 3850 1416 3897 niti?

107 3944 169 3980 curn
184 3929 299 3992 reliquis
312 3929 374 3992 lege
391 3936 487 3992 inab,
502 3943 573 3994 quae
586 3933 729 3994 ceteroqui
743 3932 889 3981 diversitas
903 3935 995 3995 potius
1008 3934 1049 3982 est
1064 3935 1251 3994 punctationis
1262 3946 1345 3996 quam
1358 3933 1416 3981 lec·

107 4021 201 4070 tionis.
216 4020 361 4067 Pcccaraat
378 4020 474 4082 utique
487 4021 511 4067 ci
530 4022 547 4068 i.
566 4034 590 4069 o.
611 4020 679 4080 Dea,
694 4033 762 4082 crgo
776 4020 960 4084 praeterendo
975 4022 1056 4071 lectio
1070 4022 1149 4070 Hebr.
1168 4021 1243 4084 Vutq.
1258 4002 1297 4075 bb
1314 4000 1343 4076 b
1359 4021 1415 4069 lec·

107 4109 178 4158 tioni
189 4109 263 4157 Sam.
281 4107 343 4155 trs
358 4107 453 4157 caetu.
471 4110 532 4170 Syr.
549 4087 578 4162 'lt
595 4088 642 4172 ub,
660 4121 731 4171 quae
747 4109 845 4158 eadem
860 4123 945 4159 seusu
966 4116 1049 4161 caret.
1065 4115 1126 4165 un
1148 4090 1186 4165 ab
1208 4109 1242 4158 ct.
1261 4123 1323 4158 cum
1338 4123 1365 4158 v.
1383 4109 1412 4158 ‘il

106 4179 146 4252 bh·
160 4177 198 4252 rab
213 4196 331 4259 aliisque
345 4195 484 4245 similibus
493 4195 532 4259 (v.
550 4196 596 4259 s).
616 4197 670 4246 Pro
684 4203 746 4254 iti:
760 4198 864 4248 habent
875 4201 949 4248 Sara.
963 4200 1025 4248 [Π
1042 4198 1137 4248 Chald.
1149 4200 1211 4260 Syr.
1227 4204 1281 4253 τη.
1295 4197 1415 4248 Potuere

108 4286 219 4348 quidem
239 4279 338 4335 ambae
359 4286 486 4347 primitus
500 4298 584 4334 voces
601 4287 629 4334 in
645 4290 722 4336 textu
737 4300 799 4337 esse
818 4302 823 4335 :
839 4301 894 4336 aaa
913 4287 967 4352 titii
987 4290 1053 4347 eius,
1067 4287 1121 4352 filit
1137 4287 1256 4337 maculae
1271 4301 1343 4337 suae.
1362 4287 1417 4338 Sed

109 4374 148 4422 ita
162 4375 273 4437 longior
293 4375 411 4424 hahetur
430 4375 545 4425 stichus,
562 4375 635 4440 filias
654 4375 773 4425 maculae
789 4379 830 4426 ost
852 4377 1018 4439 metaphora
1041 4376 1123 4428 valde
1146 4376 1247 4439 audax,
1266 4377 1338 4444 filias
1358 4391 1417 4425 mas-

110 4461 184 4509 culae
208 4477 270 4511 suae
292 4462 349 4514 lere
368 4468 410 4513 cst
427 4463 591 4525 metaphora
613 4465 743 4514 abunda.
761 4465 835 4527 Ergo
854 4470 996 4529 expuncto
1020 4473 1066 4522 τη
1085 4471 1163 4517 verte
1180 4481 1186 4516 :
1203 4482 1259 4516 aaa
1275 4467 1327 4532 fibi
1349 4468 1414 4525 rius,

110 4550 215 4598 aracrtla
235 4565 284 4599 sua
300 4565 349 4602 seu
367 4551 470 4601 tractata
485 4553 548 4600 sibi.

156 4709 337 4794 Postquam
364 4711 481 4796 paucis
504 4710 623 4775 stichis
649 4711 727 4798 quis
749 4709 792 4776 sit
815 4711 917 4777 lahve
940 4709 1119 4799 descripsit
1143 4718 1247 4793 valea,
1270 4710 1417 4777 breviter
