3366 5346
236 289 296 347 200
708 296 819 341 enarro
843 297 951 341 uersis
973 296 1078 340 rarus.

237 436 425 506 Edomitas,
450 434 537 499 bene
560 454 641 497 vero
664 432 699 496 in
724 430 885 495 Moabitas
909 436 941 496 et
968 430 1180 496 Ammonitas
1205 429 1416 497 inimicitiae.
1442 431 1558 498 Facile

240 545 387 634 quisque
413 538 636 625 agnoscebat,
664 537 749 603 iuste
774 541 880 602 ileum
911 537 1060 622 exegisse
1089 535 1207 604 linium
1237 537 1471 604 Edomitarum
1500 561 1557 605 re-

242 649 426 717 verentiam
456 668 463 712 :
488 645 593 710 infert
615 642 851 731 antiquariae,
869 665 979 731 aequo
1002 643 1083 709 item
1112 642 1187 710 iure
1211 642 1357 709 sanxisse
1380 650 1499 726 Deum,
1518 650 1559 711 ut

238 757 460 822 lleabitarum
488 758 521 817 et
549 749 820 816 .lnuuonitarum
846 748 930 815 fines
958 771 999 815 ne
1028 751 1295 835 attingerentur3
1322 779 1336 811 e
1362 750 1460 817 datos
1488 779 1503 811 »
1535 774 1558 818 a

239 868 305 928 lleo
321 843 390 926 esse
407 862 468 924 lies
490 857 540 923 uti
561 857 655 934 illos;
673 857 742 922 imo
763 856 823 921 lios
846 856 948 921 luisse
970 855 1172 923 devotorum
1197 856 1385 944 Raphaim‚
1410 856 1493 923 dum
1509 857 1556 924 de

237 968 304 1033 illis
318 967 409 1033 idem
424 987 494 1030 non
510 964 710 1029 affirmetur.
732 984 763 1028 v.
786 968 829 1028 22
846 990 861 1022 a
880 961 978 1027 Sicut
1000 965 1128 1050 fecerat
1140 961 1227 1051 filiis
1246 965 1352 1048 Esau,
1375 963 1438 1052 qui
1451 963 1555 1030 liabi-

240 1085 313 1140 tant
345 1073 380 1138 in
404 1071 495 1152 Seir,
522 1069 637 1136 delens
656 1072 825 1135 Horrnees
843 1082 874 1134 et
891 1081 1017 1135 terram
1043 1092 1159 1135 rorum
1179 1068 1246 1135 iltis·
1269 1069 1423 1154 tradens,
1448 1093 1555 1160 ariam

236 1178 409 1270 possident
426 1200 532 1266 usque
552 1177 588 1242 iu
599 1198 759 1261 praesens
780 1204 808 1241 ».

285 1310 312 1351 v.
333 1293 375 1351 ³23
399 1316 414 1344 e
446 1287 595 1350 Heoaror
616 1305 768 1372 quoqne,
790 1282 851 1370 qui
872 1281 1074 1348 babitabant
1100 1281 1137 1346 in
1163 1282 1320 1348 Ileserim
1350 1310 1366 1343 a
1394 1321 1437 1332 -
1460 1290 1556 1350 verte

238 1395 274 1458 in
296 1391 463 1482 {ripariis-3
487 1412 557 1456 non
581 1389 618 1457 in
642 1389 786 1455 urbibus
806 1389 938 1455 collecti
962 1388 1122 1454 vivebant
1143 1428 1188 1436 -
1209 1416 1224 1448 a
1245 1410 1350 1477 respice
1368 1391 1497 1455 Gazam
1520 1418 1551 1471 »,

239 1498 464 1565 Philistbaeae
480 1497 615 1578 urbem,
635 1524 650 1555 «
671 1494 886 1585 Cappadoces
898 1495 1126 1585 caprilernnt;
1140 1494 1203 1584 qni
1216 1494 1343 1583 apresri
1362 1494 1402 1561 de
1421 1497 1555 1584 Cappa-

240 1605 338 1672 docia
354 1603 552 1670 deleverant
575 1627 629 1669 eos·
652 1615 683 1668 ct
703 1600 944 1669 liabitauerenrt
956 1625 1023 1691 pro
1043 1601 1113 1668 illis
1130 1630 1159 1666 u.
1187 1602 1328 1686 llernec',
1350 1615 1435 1673 otiu,
1456 1624 1556 1668 secus

237 1711 474 1778 tautummodo
496 1715 559 1777 los.
585 1716 661 1785 lat
680 1709 727 1798 (3)
743 1711 1016 1790 commemorati,
1035 1708 1164 1796 oppido
1187 1707 1420 1794 distinguendi
1443 1730 1462 1773 a
1488 1712 1554 1773 lle-

240 1818 346 1895 vaeis,
366 1832 438 1881 trin
455 1822 535 1884 Gen.
556 1804 655 1898 11),17
673 1820 736 1881 etc.
756 1815 806 1881 lld
826 1821 908 1883 Gen.
928 1820 1026 1898 topi
1047 1814 1383 1891 demonstrabamus,
1404 1812 1566 1903 Capbter·

239 1932 272 1991 et
290 1923 488 2012 caphtorim
505 1946 575 1990 esse
597 1926 729 1989 Cretam
748 1931 779 1988 et
796 1925 987 2004 Cretenses3
1011 1927 1102 1987 certe
1124 1943 1193 1988 non
1221 1918 1448 2010 Cappadoces.
1472 1919 1556 1986 Phi-

240 2031 406 2097 listbaeie
426 2035 523 2096 Creta
542 2029 796 2115 immigrarunt.

278 2246 459 2308 Antiquarlus
472 2250 547 2294 certe
562 2257 619 2294 non
633 2249 675 2295 est
688 2245 805 2306 Moyses.
824 2243 1116 2307 completurussuum
1128 2244 1163 2294 de
1181 2244 1319 2307 ltapliaim
1331 2247 1490 2304 tractatum,
1509 2257 1556 2295 re·

242 2335 355 2383 censitis
375 2340 438 2395 post
459 2334 695 2383 transionlanicos
714 2333 905 2383 elsiorclanicls
924 2332 1072 2395 Raphaim.
1090 2334 1159 2383 nihil
1183 2333 1263 2383 allert
1285 2332 1319 2382 ‹le
1344 2333 1480 2396 liaphaim
1504 2346 1556 2383 seu

243 2423 356 2473 Enaclm
372 2435 460 2485 prope
478 2421 637 2472 Habronem
655 2422 851 2482 incolentibus.
868 2434 987 2485 atrorum
1004 2422 1109 2485 Moysis
1132 2426 1259 2486 tempore
1279 2421 1363 2472 Num.
1387 2422 1427 2471 13.
1450 2421 1482 2471 31
1502 2421 1556 2471 llo·

240 2518 333 2563 rentes
352 2515 431 2561 erant
446 2524 500 2562 res.
518 2512 675 2573 antiquarii
689 2519 814 2575 tempore
828 2511 958 2561 videntur
973 2512 1002 2560 lii
1017 2524 1132 2575 prorsus
1152 2510 1239 2561 luisse
1259 2512 1343 2561 deleti
1367 2508 1412 2561 vel
1433 2512 1552 2573 expulsi.

243 2602 339 2665 Neque
352 2601 461 2652 videtur
473 2602 656 2664 antiquarius
670 2606 747 2651 trans
760 2599 908 2651 Iordanem
923 2602 1079 2664 scripsisse,
1093 2601 1142 2651 sed
1157 2603 1185 2650 tn
1196 2600 1340 2650 inentibus
1350 2599 1408 2650 lere
1422 2600 1552 2661 lairiacus,

240 2705 257 2740 a
272 2704 390 2753 epiorum
405 2690 544 2740 radicibus
564 2691 675 2753 tuguria
696 2690 744 2739 illa
766 2691 869 2739 Gazam
894 2703 982 2753 usque
1006 2690 1255 2753 protendebantur.
1278 2689 1430 2753 Serlpslsse
1454 2689 1546 2740 eredi-

239 2780 326 2831 clerim
344 2781 537 2845 Antiquarium
552 2781 581 2828 in
596 2778 709 2829 Iudaea.
725 2780 835 2830 circiter
851 2778 965 2828 Davidls
980 2784 1116 2842 tempore.

286 3003 317 3045 v.
336 2985 376 3043 ‘ll
401 3010 413 3033 u
438 2978 577 3064 Surpite
600 3006 630 3058 »,
644 2977 910 3065 proficiscimini
933 3008 947 3036 «
970 2990 1001 3043 et
1022 2977 1165 3043 transite
1187 2988 1369 3043 torrentem
1387 2964 1502 3042 Arnen
1521 3006 1552 3043 ».

240 3085 316 3151 Sola
342 3085 561 3172 punctatione
587 3083 623 3147 lii
643 3090 709 3154 tres
727 3082 922 3172 imperativi
942 3083 1023 3149 laeli
1042 3091 1119 3150 sunt
1142 3083 1291 3173 plurales
1315 3105 1321 3151 :
1345 3088 1471 3173 puncta
1491 3106 1556 3149 nu-

243 3212 336 3256 mero
351 3188 520 3275 singulari
539 3190 586 3253 nti
607 3211 636 3254 v.
660 3189 717 3254 W
737 3194 817 3254 etv.
838 3194 877 3254 18
895 3212 984 3278 sqq.;
1007 3189 1210 3276 diriguntur
1230 3189 1334 3256 verba
1355 3188 1555 3256 immediate

242 3297 284 3364 ad
300 3302 445 3383 Moysen,
464 3295 650 3385 peripsum
667 3295 711 3361 ad
727 3295 905 3385 populum.
924 3323 939 3357 a
956 3299 1043 3362 Eece
1057 3295 1186 3363 tradidi
1201 3296 1235 3362 in
1251 3319 1357 3374 ataine
1372 3310 1431 3362 tua
1443 3295 1554 3364 Senon

241 3426 353 3493 repam
369 3404 520 3469 Hereben
538 3401 797 3485 diriorrlcaeum,
812 3414 845 3467 et
861 3413 985 3468 terram
1000 3403 1201 3497 einsiucr'pe
1213 3403 1399 3492 possidere,
1416 3415 1448 3469 et
1466 3425 1555 3468 corre-

240 3511 338 3577 mt‘tte
362 3510 523 3576 aduersus
542 3532 619 3576 eum
635 3509 807 3599 proelium
832 3538 861 3576 a.
887 3531 918 3575 v.
944 3516 985 3575 25
1003 3538 1018 3570 «
1043 3508 1153 3575 Hodie
1173 3510 1339 3600 arcipiam
1361 3488 1441 3571 »'-
1455 3511 1552 3577 Sam.

242 3617 393 3682 LXXuti
408 3641 437 3682 v.
457 3623 497 3682 at
516 3617 640 3706 incipe,
655 3606 717 3681 bna
736 3639 800 3706 pro
815 3603 877 3677 bna
900 3637 906 3682 :
929 3614 989 3682 sed
1009 3638 1076 3682 non
1098 3617 1274 3683 consuevit
1296 3617 1398 3683 lsrael
1420 3617 1553 3681 mittere

242 3728 408 3788 terrorem
430 3721 492 3799 sui,
515 3722 573 3786 sed
595 3723 694 3789 lahve
715 3723 849 3789 mittere
870 3727 1037 3790 terrorem
1055 3724 1170 3790 lsrael.
1192 3724 1239 3790 Cf.
1260 3723 1344 3789 item
1362 3747 1394 3788 v.
1417 3730 1472 3804 31,
1493 3721 1575 3797 ubi,

243 3830 393 3919 primurn
405 3827 527 3917 incipit
541 3830 652 3909 labve,
669 3837 784 3918 postea
802 3829 924 3918 incipit
937 3829 1039 3896 lsrael
1052 3870 1095 3880 —
1108 3860 1123 3892 a
1135 3830 1268 3896 ›nittere
1280 3842 1440 3895 terrorem
1449 3841 1554 3916 atque

240 3936 466 4024 formidinem
482 3949 576 4001 tuam
593 3935 628 4000 in
640 3936 796 4025 populos,
815 3936 876 4025 qui
890 3936 1047 4003 habitant
1065 3940 1127 4002 stab
1148 3937 1241 4003 enini
1260 3936 1364 4017 coelo,
1384 3949 1421 4001 ut
1435 3933 1553 4000 andito

241 4043 378 4108 norrune
401 4056 458 4108 tuo
480 4053 643 4131 paucam,
666 4054 697 4107 et
717 4043 766 4127 [in
787 4067 913 4109 morem
927 4043 1201 4132 parturientimu
1224 4043 1487 4109 contremiscant
1509 4042 1553 4127 ctj

241 4147 356 4212 dolere
372 4162 551 4214 trra’antnr
569 4177 598 4213 a.
615 4147 662 4214 Cf.
682 4155 737 4215 Ex.
757 4156 827 4229 15,t
839 4155 867 4215 1.
886 4154 1063 4238 llueusque
1079 4149 1221 4238 pacifice
1237 4149 1354 4216 omnia
1371 4154 1550 4229 cesserant,

242 4255 343 4320 lsrael
359 4255 530 4320 Edomitas
545 4261 607 4320 etc.
626 4277 696 4320 non
716 4256 819 4321 armis
838 4255 1059 4323 adoriebatur
1080 4279 1193 4345 neque
1214 4279 1333 4323 eorum
1349 4257 1436 4322 lines
1453 4277 1554 4321 occu-

242 4359 348 4450 pabat
368 4383 374 4426 :
397 4361 497 4426 berlir
520 4361 656 4427 tandem
683 4361 806 4451 incipit
826 4368 1011 4441 certamen,
1034 4363 1125 4452 quod
1151 4363 1286 4429 nonnisi
1305 4365 1445 4429 subacta
1472 4360 1551 4427 uni-

242 4490 339 4534 versa
361 4474 452 4533 terra
478 4467 643 4556 promissa
669 4469 773 4534 linem
797 4470 955 4558 accipiet3
983 4469 1083 4536 bodie
1108 4469 1230 4559 incipit
1252 4471 1353 4536 lsrael
1377 4466 1553 4559 possidere

241 4581 384 4656 terram,
408 4573 529 4662 incipit
556 4573 655 4640 lahve
683 4574 816 4641 mittere
840 4581 1024 4656 terrorem3
1050 4576 1134 4641 baec
1160 4598 1236 4642 mox
1264 4576 1555 4642 obliviscebantur

240 4681 360 4749 liuban
387 4687 420 4748 et
444 4681 531 4763 Gad,
557 4688 759 4772 quaerentes
783 4680 848 4748 sibi
873 4682 979 4749 otium
1005 4689 1079 4770 post
1101 4683 1230 4772 primas
1255 4683 1424 4749 victorias.
1447 4687 1555 4749 llouet
