3366 5346
214 362 218 367 .
253 314 312 370 468
561 320 671 365 011110
693 321 802 365 uors1s
824 318 959 363 sncuuna
983 319 989 360 :
1014 317 1257 363 uannmcrrouns.

253 461 355 527 etiam
378 456 555 524 obsidione
577 454 773 544 capiuntur,
799 452 899 518 irrita
922 458 1000 518 sunt
1019 450 1137 517 omnia
1156 474 1243 539 quae
1261 473 1293 514 v.
1321 457 1363 517 53
1382 471 1460 539 sqq.
1488 471 1574 515 nar-

253 573 384 634 rantur.
403 568 560 630 Ceterum
576 583 660 628 aevo
671 559 826 626 iudicum
841 581 1060 648 nequaquam
1076 563 1148 624 erat
1165 556 1417 644 regiourbibus
1427 556 1573 622 munitis

251 673 377 751 obsita3
394 691 491 756 reges
504 691 585 735 vero
599 668 702 734 urbes
712 667 878 756 plurimas
894 665 1060 732 muniere.
1081 691 1097 725 «
1116 663 1327 731 obsideberis
1343 664 1437 730 intra
1445 677 1573 754 portas

256 777 399 846 inopini
415 791 505 843 terra
520 788 593 859 tuo,
617 796 721 864 petam
737 772 832 839 dabit
845 773 910 839 tibi
923 772 1091 839 Dominus
1106 775 1195 838 Deus
1220 784 1300 838 tuus
1323 799 1350 836 ».

294 909 326 952 v.
344 891 385 951 53
408 885 492 949 «Et
515 880 666 949 comedes
678 880 839 967 fructum
864 879 953 945 atteri
976 878 1038 960 tui,
1060 890 1092 944 et
1116 900 1234 944 carnes
1251 876 1405 966 filiorum
1429 890 1571 944 tuorum

249 1004 281 1058 et
305 991 460 1080 siliarum
486 1001 635 1071 tuarum,
654 1010 740 1077 quas
758 985 889 1053 dederit
921 985 983 1051 tibi
1011 985 1176 1051 Dominus
1200 988 1291 1051 Deus
1319 996 1408 1070 tuus,
1439 985 1474 1050 in
1504 1007 1571 1051 an-

248 1097 364 1187 qustia
389 1109 421 1162 ct
442 1094 617 1177 vastitate,
642 1117 712 1184 qua
728 1093 898 1183 opprimet
922 1105 954 1157 tc
980 1091 1086 1157 bostis
1108 1104 1188 1157 tuus
1210 1118 1240 1157 r.
1265 1095 1369 1158 Porro
1390 1114 1423 1158 v,
1449 1097 1491 1158 511
1514 1113 1567 1181 sq.

248 1205 378 1293 profert
393 1204 465 1268 eins
488 1202 537 1268 rei
561 1200 695 1288 insigne
713 1199 857 1288 aliquod
876 1199 1070 1287 exemplum
1085 1197 1122 1264 in
1141 1199 1227 1279 viro,
1248 1219 1281 1263 v.
1299 1203 1340 1264 56
1364 1219 1414 1286 sq.
1431 1197 1469 1264 in
1488 1220 1570 1264 mu-

246 1311 341 1377 liere.
357 1332 389 1376 v.
408 1315 449 1375 st
466 1311 603 1373 «Homo
620 1304 787 1373 delicatus
801 1305 837 1371 in
852 1318 884 1371 te
897 1318 929 1372 et
946 1304 1144 1372 incuriosus
1160 1303 1258 1371 valde
1275 1331 1304 1386 »‚
1323 1333 1338 1364 «
1356 1304 1413 1394 qui
1426 1304 1570 1371 nonnisi

245 1416 439 1483 lectissimis
458 1420 491 1481 et
512 1412 761 1480 delicatissimis
783 1411 868 1478 cibis
891 1411 981 1478 vesci
1002 1411 1179 1478 consuevit
1196 1439 1212 1472 i>
1230 1410 1378 1500 (Mala),
1398 1439 1414 1471 a
1432 1410 1569 1476 incide-

245 1523 292 1588 bit
302 1522 410 1604 fratri
422 1544 481 1587 sico
498 1533 530 1587 et
544 1520 654 1606 acori,
674 1523 775 1608 [perae
792 1520 903 1605 cubat]
921 1520 958 1584 ia
972 1520 1050 1584 sinu
1068 1541 1130 1584 sna
1148 1546 1178 1600 »‚
1197 1530 1230 1584 et
1243 1517 1388 1584 residuis
1400 1517 1485 1606 filiis
1505 1520 1573 1607 qui

245 1627 487 1718 superfuerint.
511 1629 613 1693 Hebr.
639 1648 646 1694 :
669 1627 783 1693 malus
797 1625 863 1691 erit
885 1624 1003 1690 oculus
1023 1625 1095 1691 eius
1115 1624 1152 1691 in
1173 1623 1262 1704 illos,
1282 1646 1338 1692 eos
1356 1623 1493 1690 sinistre
1516 1646 1571 1691 as-

243 1735 359 1825 piciet.
377 1733 480 1801 Cuius
500 1737 615 1800 autem
635 1755 722 1798 uror
746 1731 974 1818 intelligitur?
992 1731 1097 1798 Malu.
1120 1733 1274 1818 suggerit
1296 1753 1438 1797 uxorem
1458 1730 1570 1821 ipsius

245 1840 309 1907 viri
335 1839 486 1921 delicati,
502 1838 562 1927 qui
584 1839 621 1904 in
646 1861 686 1906 eo
709 1843 758 1905 est
784 1845 821 1904 ut
842 1837 953 1904 filium
981 1859 1086 1905 tinum
1116 1859 1215 1904 suum
1243 1839 1331 1904 clam
1357 1837 1498 1904 devoret
1523 1838 1570 1904 ti-

244 1954 395 2037 metque,
413 1968 457 2013 ne
480 1944 564 2035 quid
585 1946 656 2011 eius
679 1945 774 2034 epuli
795 1967 880 2011 uxor
900 1951 933 2011 et
954 1944 1076 2034 reliqui
1096 1943 1159 2010 filii
1175 1943 1241 2010 sihi
1261 1944 1570 2011 51111111εηὶ111Ᾰέ-

243 2076 333 2137 rum,
357 2054 384 2120 si
415 2052 458 2119 de
491 2074 595 2119 uxore
624 2051 691 2116 viri
717 2050 854 2118 delicati
883 2057 1057 2138 ageretur,
1073 2056 1164 2118 certe
1188 2072 1260 2116 non
1287 2051 1570 2139 interponeretur

241 2163 350 2247 frater
366 2179 373 2225 :
391 2158 507 2245 agitur
526 2179 609 2242 ergo
632 2156 674 2223 de
695 2179 799 2224 uxore
819 2157 933 2223 fratris
954 2176 962 2223 :
983 2180 1014 2222 v.
1038 2163 1080 2222 55
1102 2184 1117 2215 «
1141 2179 1184 2223 ne
1204 2154 1261 2223 det
1281 2155 1329 2223 eis
1348 2155 1389 2222 de
1404 2156 1569 2222 carnibus

240 2265 392 2355 filiorum
413 2286 564 2348 stramem,
589 2285 674 2351 peras
693 2261 845 2328 corncdet
869 2285 919 2345 eo,
945 2260 1039 2351 qitod
1061 2261 1153 2328 nibil
1173 2261 1275 2328 aliud
1303 2262 1425 2328 babeat
1448 2261 1487 2328 in
1507 2265 1570 2328 ob-

245 2370 378 2436 sidione
394 2384 425 2434 et
439 2367 606 2458 penuria,
629 2391 697 2456 otta
712 2367 921 2434 restaverint
936 2381 968 2433 te
985 2368 1117 2434 inimici
1137 2368 1188 2434 tui
1203 2368 1295 2435 intra
1315 2391 1429 2435 ornnes
1445 2382 1570 2459 portas

244 2491 319 2543 tuas
337 2504 367 2542 a.
386 2478 488 2542 Hebr.
508 2474 693 2563 :quomam
704 2473 764 2540 dot
776 2477 879 2540 irater
897 2474 962 2540 erni
976 2497 1108 2560 eorum,
1124 2475 1220 2542 uxori
1232 2482 1291 2543 aut
1306 2475 1390 2556 filio,
1404 2475 1446 2542 de
1461 2498 1570 2543 carne

238 2582 393 2672 filiorum
414 2604 564 2665 suorum,
582 2603 688 2670 priam
712 2579 900 2647 inanducat
920 2593 982 2648 etc.
999 2586 1088 2667 Ergo
1113 2581 1167 2648 vir
1183 2581 1243 2648 ille
1266 2582 1433 2649 delicatus
1457 2583 1570 2650 torvis

243 2689 351 2757 oculis
372 2688 493 2778 aspicit
516 2687 593 2754 illos
612 2710 670 2754 eas
690 2710 807 2754 carnes
829 2689 948 2754 dantes
970 2688 1032 2753 uni
1057 2687 1220 2772 tiliorum,
1238 2695 1272 2755 et
1290 2689 1399 2755 filium
1424 2688 1568 2756 easdem

241 2796 482 2885 accipientem;
506 2795 646 2883 epulum
675 2795 775 2883 quasi
809 2793 874 2860 silii
907 2793 1120 2881 subripiatur
1150 2794 1355 2862 considerat.
1384 2833 1428 2845 -
1454 2817 1488 2861 v.
1522 2802 1568 2863 56

246 2931 261 2962 «
291 2906 416 2967 Tenera
439 2901 563 2967 audiet·
587 2913 618 2966 et
643 2899 803 2986 delicato,
823 2923 912 2986 pirae
937 2901 1047 2991 [snper
1071 2914 1198 2967 terram
1218 2901 1356 2991 inpredi
1375 2924 1445 2968 non
1468 2902 1529 2968 cal
1550 2943 1568 2952 -

243 3008 309 3095 bat]
334 3031 394 3073 rtec
410 3005 509 3096 pedis
531 3007 716 3095 oestipium
736 3008 843 3095 pipere
864 3020 1006 3095 propter
1022 3006 1204 3074 mollitiem
1225 3008 1268 3097 [et
1295 3007 1567 3076 teneritudinem

244 3112 397 3200 nimiam]
425 3141 462 3191 a,
483 3113 585 3177 Hebr.
614 3131 621 3176 :
647 3134 735 3200 qrrae
761 3135 830 3178 non
856 3111 1011 3178 tentabat
1027 3112 1191 3202 plau-tam
1216 3114 1313 3203 pedis
1333 3115 1388 3181 sui
1410 3127 1568 3182 statuere

245 3218 282 3284 in
300 3230 389 3283 terro
402 3240 486 3306 prae
507 3217 666 3301 mollitie,
686 3246 701 3279 α
725 3216 893 3283 inridebit
913 3218 984 3284 uiro
1004 3241 1076 3302 sno,
1095 3220 1168 3308 [qui
1187 3220 1298 3310 cubat]
1314 3223 1350 3287 in
1371 3221 1451 3287 sinu
1474 3222 1564 3307 eius,

243 3346 344 3414 super
355 3323 426 3412 fita·
441 3337 472 3390 et
484 3323 582 3412 filiae
602 3323 783 3413 [carnibus]
800 3351 831 3407 a,
850 3348 882 3392 v.
899 3332 942 3392 57
962 3352 977 3385 κ
993 3338 1025 3391 et
1041 3325 1160 3393 illuvie
1176 3326 1457 3408 secundinarum,
1472 3350 1567 3416 qnae

243 3430 468 3522 eprediuntur
480 3431 521 3498 de
533 3431 645 3497 aredio
653 3431 829 3520 semirurm
842 3432 929 3512 etas,
945 3445 977 3498 et
991 3455 1091 3522 semer
1107 3431 1231 3515 liberis,
1245 3437 1308 3524 qui
1320 3434 1449 3523 {cartem
1464 3433 1567 3518 bora]

243 3540 320 3604 nati
337 3551 416 3604 sunt
438 3560 451 3602 .·
473 3536 650 3604 comedent
674 3539 763 3604 enim
789 3561 844 3605 eos
866 3539 956 3605 clam
973 3551 1117 3628 propter
1139 3562 1253 3606 rernm
1278 3540 1430 3608 omnium
1447 3563 1567 3629 pcnet-

243 3645 333 3709 riam
350 3644 386 3709 in
410 3643 585 3710 obsidione
600 3657 631 3710 et
648 3645 821 3725 castitate,
838 3668 907 3733 qua
930 3646 1101 3733 opprimet
1129 3658 1159 3712 tc
1183 3647 1344 3714 inimicus
1367 3659 1444 3712 tirus
1467 3647 1567 3717 intra

235 3760 357 3838 portas
380 3761 456 3815 tuos
479 3778 508 3816 ».
528 3750 738 3816 Crediderim
754 3750 810 3817 hic
831 3753 881 3817 uti
897 3774 929 3818 v.
953 3759 994 3819 55
1015 3752 1191 3842 irrepsisse
1209 3775 1272 3844 pro
1293 3754 1461 3840 singulari
1482 3757 1566 3843 plu-

241 3857 347 3923 ralem
367 3874 373 3921 :
392 3855 519 3941 liberis,
541 3856 706 3944 fitiorum,
730 3857 774 3923 ad
799 3858 1075 3943 exaggerandam
1105 3859 1185 3926 tacti
1214 3862 1461 3927 atrocitatem:
1490 3884 1564 3929 non

240 3965 356 4049 agitur
371 3963 406 4029 11.
425 3963 448 4029 l.
464 3984 546 4028 saue
557 3962 599 4028 de
615 3964 762 4048 geminis
777 3963 814 4029 in
829 3963 938 4029 lucem
955 3964 1110 4031 edendis.
1128 3965 1194 4032 Sed
1209 3988 1321 4057 neque
1339 3968 1381 4033 de
1399 3967 1566 4036 carnibus

239 4070 310 4152 agit
331 4091 363 4135 1.
391 4067 433 4136 56
459 4092 466 4134 :
492 4068 616 4134 mulier
640 4067 703 4134 illa
729 4068 866 4135 sinistro
889 4069 986 4136 oculo
1011 4076 1189 4139 contuetur
1213 4073 1392 4155 maritum,
1413 4073 1503 4140 filios
1528 4082 1566 4141 et

238 4172 337 4252 filias,
355 4173 511 4241 illuviem
529 4181 563 4241 et
584 4175 751 4242 infantem
773 4174 876 4241 modo
897 4176 1053 4261 genitum
1072 4199 1152 4260 ase,
1170 4201 1240 4245 non
1265 4181 1344 4269 quia
1368 4179 1561 4264 comedent,

238 4281 367 4344 etenim
390 4268 515 4344 nabsan
534 4304 604 4348 non
627 4288 676 4349 est
690 4280 810 4348 tertiae
831 4303 1013 4371 personam
1035 4306 1146 4372 neque
1168 4285 1250 4374 quia
1275 4285 1425 4353 corrredct
1448 4287 1524 4375 ipsa
1552 4311 1561 4357 :

239 4384 361 4474 quodsi
380 4385 475 4452 enim
493 4388 562 4452 iam
585 4392 710 4475 agatur
726 4388 769 4455 de
788 4387 906 4457 illuvie
925 4395 958 4455 et
973 4397 1120 4456 neonato
1137 4391 1308 4458 infantulo
1324 4394 1560 4480 consedendis,

128 4545 137 4554 .
238 4493 380 4559 inanitus
401 4499 434 4558 et
451 4491 554 4559 liberi
568 4495 642 4560 sani
664 4495 748 4560 haec
771 4494 870 4561 facile
891 4496 1037 4584 eripient
1056 4520 1247 4588 puerperae
1262 4499 1393 4566 virilius
1413 4501 1564 4568 111111115-
1644 4550 1647 4557 -

237 4605 307 4688 tae;
323 4600 394 4682 sed,
414 4601 514 4666 missa
531 4601 753 4690 punctatione
770 4605 899 4685 blason,
917 4626 975 4669 oos
992 4604 1172 4671 comedetis
1189 4605 1247 4694 (cf.
1264 4606 1384 4673 suffixa
1397 4612 1442 4671 2¹¹⁰
1463 4631 1559 4696 pers

237 4705 324 4792 sing.
344 4714 493 4775 extremo
516 4731 548 4774 v.
570 4714 611 4774 57
631 4713 664 4774 et
689 4708 758 4796 55).
779 4712 843 4773 Vos
867 4713 982 4775 nutem
1002 4711 1258 4795 comedetisea,
1278 4735 1324 4779 sc.
1348 4712 1501 4780 illuviem
1524 4722 1563 4784 et
