3366 5346
178 298 238 355 394
628 311 859 357 couuucrsruuu
881 310 1038 356 sacrans.

177 452 248 513 tam
264 444 371 511 atroci
385 444 547 535 turpique
560 445 730 534 supplicio
753 446 858 514 fuerit
875 445 1073 513 alliciendus
1092 472 1107 505 »
1128 442 1260 531 (Mea).
1277 445 1407 508 Tamen
1427 461 1502 506 nou

178 552 252 634 has,
275 550 461 617 sedaliam
483 551 650 618 rationem
673 552 827 642 appellat
848 558 987 621 textus:
1016 582 1030 614 «
1048 549 1132 641 qaia
1156 547 1360 617 maledictas
1381 569 1405 613 a
1427 549 1501 613 Deo

178 671 238 742 est,
256 657 318 748 qai
328 657 454 747 pendet
468 658 505 724 ia
517 657 613 747 liqna
631 686 660 725 ».
675 658 778 726 Hebi.
796 660 891 726 Sam.
906 662 971 749 Aq.
990 655 1113 724 meoet.
1133 678 1141 725 ε
1157 653 1372 735 maledictio,
1390 675 1500 743 quam

178 764 369 831 versionem
390 765 472 831 item
495 764 675 854 profitetur
703 765 798 833 Hier.
820 765 856 832 in
876 766 948 833 Gal.
976 772 1071 847 3,13;
1096 765 1145 831 M.
1169 768 1294 845 26,360
1315 782 1410 850 sqq.‚
1437 759 1502 827 ubi

125 898 131 907 ¹
179 872 278 962 plura
297 870 459 961 reperies.
484 875 667 962 Utramque
687 872 879 940 versionem
899 871 1078 959 coniungit
1093 874 1126 938 S.
1148 870 1271 937 Paulus
1289 868 1361 934 Gal.
1383 873 1464 949 3,13
1487 889 1495 934 :

180 1006 195 1037 «
221 976 372 1043 Christus
388 998 449 1043 uos
465 976 611 1044 redemit
625 977 667 1044 dc
688 977 872 1044 maledicto
887 977 993 1065 legis,
1015 977 1124 1045 lactus
1136 998 1200 1066 pro
1214 973 1315 1041 nobis
1332 972 1500 1040 maledic-

177 1089 267 1166 tum,
286 1083 367 1173 quia
390 1084 555 1173 scriptum
580 1090 629 1151 cst
656 1106 664 1152 :
691 1083 884 1151 Maledictus
905 1084 1028 1166 omnis,
1053 1083 1115 1173 qui
1135 1081 1261 1173 pendet
1283 1080 1319 1146 in
1339 1078 1436 1167 ligno
1464 1107 1497 1144 a.

177 1193 346 1271 Ceterum,
369 1191 428 1279 qui
443 1189 641 1257 maledictio
660 1196 722 1272 est,
744 1190 836 1259 idem
856 1198 907 1258 est
927 1197 960 1258 ct
976 1187 1189 1257 ataledietas.
1207 1191 1274 1255 Cur
1288 1191 1406 1254 autem
1422 1208 1498 1253 ma-

176 1296 322 1387 ledictus
337 1295 465 1363 dicitur
480 1296 632 1387 praecise
650 1297 729 1381 ille,
750 1296 811 1387 qui
826 1297 953 1387 pendet
970 1297 1007 1363 in
1026 1295 1146 1383 liguo?
1160 1300 1230 1363 Nou
1247 1293 1340 1385 quod
1350 1315 1501 1382 ,suspen-

177 1402 228 1469 sio
249 1402 326 1469 sit«
349 1402 561 1493 supplicium
573 1403 702 1471 infame
723 1410 755 1471 et
775 1403 983 1471 exsecrabile
1006 1431 1022 1465 »
1042 1401 1209 1493 (Beata),
1229 1423 1308 1468 cum
1321 1400 1499 1489 suspensio

179 1531 246 1576 nou
273 1515 344 1575 tam
370 1509 413 1575 sit
441 1509 663 1599 supplicium,
692 1532 798 1600 quam
821 1510 983 1601 supplicii
1007 1509 1312 1600 complementum.
1341 1505 1497 1574 tacta:

179 1616 263 1706 qeeia
278 1616 444 1704 peccauit.
462 1618 541 1704 Syr.
557 1618 688 1705 Syram.
710 1641 717 1685 :
740 1617 825 1706 qaia
845 1616 1093 1707 blasphemavit
1111 1619 1231 1683 Deam.
1254 1614 1319 1681 Sed
1333 1602 1389 1704 bbp
1406 1635 1499 1680 uun-

180 1742 284 1812 quam
305 1721 389 1787 dieit
410 1721 662 1812 blasphemiam
683 1723 720 1789 in
739 1728 844 1790 Deum
871 1744 878 1791 :
905 1724 949 1791 cl.
974 1728 1055 1789 Gen.
1082 1729 1180 1803 8313
1207 1726 1264 1789 Ex.
1282 1726 1382 1803 ΜΒ
1404 1718 1496 1808 (27):

104 1818 107 1823 ’
179 1832 541 1916 Lev.19,1¹s;1lteg.
568 1836 663 1911 3‚13;
689 1834 730 1898 ls.
757 1836 854 1914 8‚21;
881 1830 925 1897 de
950 1830 1024 1897 sola
1049 1830 1108 1917 agi
1130 1828 1365 1919 blasphemia,
1390 1830 1501 1913 negat

180 1958 210 2000 v.
230 1941 290 2013 223
306 1957 368 2024 pro
390 1934 606 2025 blasphemia
620 1936 735 2026 potius
749 1936 1010 2004 adscribebatur
1029 1953 1112 2017 arat,
1132 1957 1236 2025 quam
1254 1923 1368 2016 nubs,
1391 1953 1498 2022 quam

179 2063 298 2109 vocem
311 2049 530 2132 praepostero
546 2050 660 2110 censet
673 2043 769 2113 Hier.
787 2066 808 2110 a
823 2044 956 2112 Iudaeis
975 2043 1014 2110 in
1029 2042 1300 2110 Christianorum
1314 2038 1498 2106 infamiam

181 2170 252 2214 esse
271 2147 491 2237 adscriptam.
508 2153 590 2216 Cum
609 2149 682 2216 tat.
708 2139 809 2214 crate
829 2156 921 2217 verte
947 2148 1077 2215 iudices
1094 2149 1165 2239 (Ex.
1184 2147 1301 2235 2228)
1325 2167 1333 2213 :
1354 2145 1413 2213 ille
1425 2167 1499 2213 sus·

181 2275 308 2343 pensus
328 2263 377 2320 est
392 2253 616 2322 maledictam
632 2255 788 2322 iudicata
809 2260 909 2322 alteo
922 2254 1183 2322 constitutorum
1202 2253 1369 2344 ideoque,
1395 2251 1499 2319 etiam

182 2357 210 2424 si
235 2356 338 2424 luerit
356 2358 405 2423 uti
422 2358 574 2426 Christus
594 2359 718 2426 iniuste
738 2360 1000 2441 condemnatus,
1020 2359 1180 2449 leqa'le'ter
1203 2358 1417 2427 maledictis.
1437 2357 1500 2435 Qui

182 2469 298 2529 autem
321 2462 526 2532 maledictus
544 2472 604 2549 est,
636 2488 705 2533 non
729 2472 840 2556 potest
864 2467 1004 2534 tolerari
1028 2467 1063 2534 iu
1083 2472 1176 2533 terra
1197 2472 1313 2533 saneta
1331 2487 1338 2531 :
1354 2471 1416 2532 aut
1436 2462 1500 2530 illa

183 2570 322 2637 excedat
342 2572 436 2659 (Gen.
462 2573 642 2662 t‚11)aut,
669 2573 698 2640 si
713 2573 860 2642 cadaver
879 2580 938 2656 est,
964 2573 1056 2641 infra
1078 2573 1175 2641 illam
1198 2572 1396 2662 sepeliatur.
1420 2572 1501 2636 «Et

182 2700 403 2768 rteqaaqaaae
427 2678 675 2759 contaminatis
702 2694 957 2766 terremtatem,
982 2703 1089 2771 qaam
1113 2679 1280 2746 Dominae
1303 2681 1392 2747 Deae
1421 2690 1501 2743 tuas

101 2854 107 2866 ,
184 2783 316 2850 (dederit
335 2784 400 2851 tibi
418 2785 455 2851 ia
466 2786 713 2876 possessionem
734 2815 764 2855 a.
784 2788 925 2865 Quando
944 2794 1022 2877 post
1041 2786 1249 2877 supplicium
1270 2785 1418 2852 cadaver
1430 2805 1501 2849 nou

184 2892 467 2980 suspendebatur,
491 2894 651 2960 continuo
672 2916 751 2960 sane
772 2894 969 2983 sepulturae
983 2894 1131 2960 dabatur
1152 2915 1160 2961 :
1182 2914 1254 2973 uon
1269 2895 1353 2973 erat,
1375 2912 1436 2958 cur
1456 2890 1501 2956 de

191 2996 244 3061 his
262 3002 377 3063 orator
396 3004 510 3064 noster
531 2999 667 3088 aliquid.
686 3005 859 3067 statueret.
886 3000 993 3066 Aliter
1012 3022 1066 3066 res
1085 2998 1254 3079 habebat,
1280 2996 1418 3087 quando
1440 3018 1501 3063 ca-

187 3100 293 3167 daver
316 3104 589 3192 suspendebatur
617 3105 662 3171 ad
694 3105 903 3173 intuentium
923 3112 1090 3173 terrorem
1115 3128 1123 3172 ι
1145 3127 1293 3195 pronum
1315 3110 1389 3171 erat
1410 3103 1501 3170 illud

187 3208 314 3275 diutius
332 3231 531 3298 suspensum
552 3210 765 3300 relinquere,
783 3212 904 3279 avibus
923 3212 1105 3301 rapacibus
1123 3211 1405 3302 discerpendum,
1430 3233 1502 3300 quo

186 3313 345 3381 salutaris
368 3315 428 3382 ille
452 3323 563 3384 terror
589 3325 786 3404 augeretur.
805 3322 929 3385 Verum
948 3318 984 3384 id
1004 3325 1278 3409 repugnaturum
1301 3323 1375 3385 erat
1399 3339 1502 3384 sanc-

187 3420 275 3489 titati
290 3428 419 3506 terrae,
441 3423 587 3514 ideoque
607 3425 651 3492 ab
667 3431 803 3493 oratore
818 3425 1036 3516 reprobatur.

331 3653 384 3711 21.
405 3649 475 3711 Lea
494 3646 536 3713 ele
555 3651 651 3713 retas
667 3647 853 3738 (deperditis
869 3647 1090 3715 restituendis·
1113 3651 1211 3714 Ileat.
1230 3653 1362 3728 'abl-3.

228 3842 309 3932 Arp.
325 3881 368 3890 —
387 3842 511 3908 Fratris
530 3842 672 3909 hebraei
691 3844 795 3925 bona,
813 3866 899 3934 quae
916 3844 1095 3934 deperdita
1116 3844 1345 3933 reperiuntur,
1370 3843 1415 3908 ad
1437 3842 1499 3909 do-

187 3948 318 4015 minum
342 3955 422 4017 suut
449 3950 673 4038 reportanda3
706 3950 734 4016 si
759 3951 879 4041 procul
902 3951 931 4017 is
952 3950 1096 4032 habitet,
1121 3949 1291 4017 servanda
1312 3948 1430 4038 quoad
1455 3972 1493 4015 ea

190 4058 354 4143 requirat.

232 4164 299 4226 Hoc
315 4166 477 4229 statutum
492 4167 526 4228 et
538 4162 638 4243 illud,
655 4163 748 4252 quod
764 4187 795 4229 v.
815 4169 833 4230 b
850 4164 1010 4244 habetur,
1025 4163 1165 4230 omnino
1181 4163 1303 4230 allinia
1317 4169 1395 4230 suut
1411 4161 1501 4250 legis

189 4269 243 4330 Ex.
268 4272 346 4347 23,t
363 4291 427 4357 sq„
446 4292 515 4335 non
536 4276 651 4336 tamen
672 4270 805 4351 eadem,
829 4293 940 4361 neque
959 4271 1100 4361 probari
1121 4277 1264 4360 possunt
1284 4294 1323 4337 ex
1341 4270 1403 4338 illa
1416 4275 1500 4336 nata

188 4392 269 4437 esse.
293 4372 381 4438 lllud
401 4375 473 4461 agit
492 4376 534 4441 de
556 4375 698 4443 laiatico
720 4377 884 4461 hebraeo,
910 4379 973 4444 hoc
990 4379 1033 4443 de
1047 4377 1174 4464 fratre,
1191 4401 1259 4467 quo
1278 4378 1415 4445 nomine
1429 4376 1499 4442 ini-

188 4478 295 4546 micus
312 4479 481 4548 hebraeus
495 4484 612 4572 utiquc
628 4485 731 4550 etiam
744 4483 943 4551 includitur.
960 4490 1025 4551 Hoc
1045 4484 1145 4574 plura
1160 4491 1340 4551 enumerat
1354 4483 1501 4552 elratris

189 4586 299 4669 bonis,
319 4587 437 4654 eadem
459 4611 545 4680 quae
568 4594 623 4655 Ex.
651 4597 729 4671 Μ
755 4592 801 4680 (8)
824 4591 860 4657 in
881 4590 948 4657 alio
964 4613 1102 4681 prorsus
1124 4597 1281 4659 contextu
1306 4592 1495 4670 hubertum

189 4695 373 4785 perpendit
389 4717 506 4765 casum
521 4695 710 4765 habitantis
724 4697 857 4786 procul.
