3366 5346
231 302 291 360 301
684 314 914 359 cornacrauncu
937 312 1093 357 ssuusms.

231 456 334 538 taque
355 449 499 515 minora.
528 447 673 515 Omnino
695 453 810 513 autem
831 445 992 524 inculcat,
1013 449 1048 509 ut
1068 443 1177 535 epulis
1200 443 1304 509 sacris
1316 443 1556 513 adhibeantur

232 545 366 623 Levitae
389 578 568 645 pauperes.

275 663 372 751 Apud
389 664 547 751 antiquos
568 667 646 727 ante
670 659 863 725 Samuelem
881 655 1051 735 homines,
1067 656 1161 744 apud
1177 677 1262 744 cyrios
1281 679 1341 723 eae
1355 656 1448 751 leges
1463 659 1551 726 ado-

231 770 397 849 leverant,
426 790 510 855 quas
540 768 611 856 ipse
634 765 771 832 tandem
795 765 830 830 in
857 785 957 830 suum
984 763 1100 829 retulit
1123 761 1384 844 collectaneum,
1409 764 1553 832 videtur

230 875 414 941 invaluisse
430 896 516 953 mos,
543 879 581 939 ut
595 895 683 961 quae
711 877 848 960 praetor
867 870 961 956 leges
973 893 993 934 a
1011 874 1122 955 Moyse
1136 869 1222 935 latas
1241 870 1551 938 circumferrentur
1597 882 1599 889 '

232 983 340 1066 leges,
363 1002 423 1045 eae
453 979 553 1067 Moysi
579 978 812 1044 tribuerentur
839 976 985 1057 auctori,
1007 998 1076 1064 quo
1097 975 1206 1041 maior
1231 974 1361 1042 eisdem
1386 977 1552 1045 concilia-

232 1094 326 1152 retur
347 1085 523 1152 veneratio
552 1091 586 1151 et
612 1085 805 1152 auctoritas.
826 1088 898 1173 Ipse
917 1088 1042 1168 Moyses
1056 1082 1254 1167 lingebatur
1280 1104 1337 1148 eas
1356 1082 1453 1170 leges
1477 1107 1552 1151 esse

232 1194 430 1282 prolocutus
444 1196 538 1257 trans
566 1191 757 1258 Iordanem.
785 1188 953 1257 audacior
968 1187 1072 1255 etiam
1090 1188 1457 1272 nou'cllarius12,8-10
1477 1212 1550 1258 non

233 1299 344 1366 solum
369 1299 490 1386 Moysis
516 1319 697 1387 personam
722 1297 795 1386 ipse
816 1295 967 1385 suscipit,
990 1293 1107 1381 Moysis
1130 1296 1271 1361 nomine
1287 1295 1453 1386 quuitur,
1474 1298 1549 1366 eius

234 1431 264 1472 v.
291 1413 351 1471 2-'1
375 1426 568 1471 sermonem
587 1403 767 1470 individue
782 1401 954 1492 producit,
970 1424 1004 1468 se
1030 1401 1141 1490 ipsum
1157 1400 1259 1487 fingit
1281 1401 1318 1468 in
1336 1403 1455 1490 Moysis
1468 1427 1551 1493 pcr-

233 1534 317 1579 sona
336 1518 430 1578 trans
453 1511 632 1577 Iordanem
661 1510 900 1591 constitutum,
920 1508 978 1575 sed
1004 1507 1074 1574 imo
1100 1506 1153 1575 sui
1176 1507 1251 1574 aevi
1273 1508 1489 1576 conditiones
1512 1510 1549 1577 in

232 1641 354 1685 aevum
376 1618 562 1684 mosaicum
587 1618 763 1698 transfert,
788 1617 891 1703 fingit
914 1638 998 1682 aevo
1026 1614 1175 1681 mosaico
1194 1614 1238 1680 ad
1260 1615 1364 1682 finem
1384 1623 1550 1702 vergente

233 1745 403 1791 summam
424 1724 608 1789 invaluisse
632 1723 668 1788 in
688 1721 863 1789 sacrificiis
885 1721 1106 1787 immolandis
1128 1720 1318 1804 licentiam,
1341 1725 1546 1810 Moysenqne

231 1829 391 1919 producit
418 1851 457 1895 ea
483 1828 587 1894 verba
607 1830 904 1917 pronuntiantem,
933 1849 1021 1916 quae
1045 1827 1141 1893 nullo
1161 1829 1300 1894 nomine
1326 1826 1397 1917 ipse
1417 1832 1547 1914 Moyses

231 1957 387 2023 unquam
413 1934 637 2023 pronuntiare
658 1934 780 2023 potuit.
797 1934 987 2012 Quaeritur,
1010 1934 1184 2022 quomodo
1202 1934 1287 2000 haec
1307 1955 1385 2000 cum
1401 1934 1547 2001 verilate

231 2047 339 2108 textus
354 2042 442 2107 sacri
455 2050 717 2129 componantur.

277 2147 478 2227 Recordare,
497 2146 589 2236 quod
604 2146 803 2212 dicebamus
817 2170 851 2235 p.
869 2152 931 2212 Iar
947 2168 1037 2235 sqq,
1056 2146 1227 2235 quomodo
1242 2145 1394 2235 potuerit
1409 2146 1549 2233 legibus

231 2254 441 2345 quibuslibet
453 2252 589 2334 divinis,
607 2274 678 2317 non
696 2253 852 2319 mosaicis
869 2259 1015 2333 tantum,
1031 2252 1088 2319 sed
1108 2252 1211 2320 etiam
1227 2253 1473 2342 postmosaicis,
1491 2253 1560 2321 ln-·

231 2360 332 2426 scribi
355 2359 506 2425 formula
530 2386 545 2418 ι(
574 2362 716 2424 Locutus
736 2365 786 2424 est
806 2357 907 2424 Iahve
935 2358 978 2424 ad
994 2364 1128 2445 Moysen
1151 2381 1185 2439 »;
1213 2381 1281 2447 qua
1298 2359 1463 2449 inscripta
1477 2360 1549 2427 lor-

231 2466 326 2533 mula
341 2465 579 2531 affirmabatur
594 2487 711 2530 earnm
728 2464 844 2550 legum
857 2465 977 2531 eadem
994 2487 1072 2531 cum
1086 2462 1223 2550 legibus
1238 2488 1258 2531 a
1272 2469 1338 2531 Ileo
1353 2488 1415 2556 per
1431 2466 1547 2555 ipsum

229 2578 362 2660 Moysen
386 2572 485 2638 editis
504 2572 698 2638 auctoritas
723 2571 854 2637 Habent
878 2593 924 2637 sc.
949 2594 1010 2638 sua
1031 2571 1160 2657 legalia
1174 2571 1341 2638 idiomata
1356 2572 1460 2657 loges,
1479 2573 1548 2640 Ior-

229 2679 342 2745 mulas
362 2679 527 2767 quasdam
549 2678 712 2766 loquendi
739 2700 803 2744 usu
827 2683 1052 2757 consecratas,
1071 2700 1159 2767 quae
1179 2674 1207 2742 si
1226 2699 1325 2743 sensu
1341 2676 1467 2745 literali
1487 2701 1548 2748 ac-

228 2786 411 2875 cipiantur,
431 2806 530 2850 verae
552 2806 621 2850 non
647 2788 738 2864 sunt,
759 2784 819 2850 sed
840 2783 1081 2870 intelligantur
1104 2789 1238 2873 oportet
1264 2804 1364 2852 sensu
1383 2806 1445 2852 suo
1462 2808 1546 2852 con-

226 2891 417 2957 ventionali
446 2898 480 2956 et
508 2889 623 2975 legali,
658 2913 768 2979 eoque
799 2911 898 2956 sensu
931 2891 1125 2956 intellectae
1161 2913 1262 2958 verae
1295 2896 1386 2960 sunt.
1420 2892 1544 2959 Recole

227 2997 422 3083 exemplum
453 2996 546 3082 quod
570 3018 603 3082 p.
629 3001 691 3061 It8
716 2994 953 3074 atterebamus,
979 2997 1108 3063 Ilecreti
1137 2996 1300 3078 Gratiani,
1328 2997 1458 3087 inquo
1486 3020 1544 3063 ca-

227 3099 375 3166 nonibus
406 3098 619 3188 quibuslibet
644 3099 804 3165 Gratiano
834 3100 1081 3188 posterioribus
1112 3103 1318 3191 praefigitur
1339 3124 1402 3168 vox
1426 3100 1541 3184 Palea,

228 3205 468 3272 abbreviatum
491 3226 616 3270 nomen
638 3206 871 3295 Paueapaleae
885 3206 1045 3296 discipuli
1064 3208 1231 3289 Gratiani,
1248 3209 1328 3275 licet
1344 3230 1464 3276 corum
1483 3209 1544 3276 ad·

228 3313 495 3380 ditamentorum
523 3312 673 3401 plurima
697 3313 909 3401 Paueapalea
934 3313 1001 3379 sint
1030 3315 1230 3402 posteriora.
1259 3315 1321 3381 IIIa
1344 3315 1452 3401 igitur
1476 3338 1542 3383 vox

228 3421 329 3487 Palea
353 3442 451 3487 sensu
480 3418 604 3485 literali
628 3425 766 3508 accepta
790 3420 952 3502 efficeret,
976 3421 1091 3487 omnia
1119 3421 1182 3487 illa
1211 3421 1446 3487 additamenta
1470 3444 1541 3488 esse

228 3527 457 3616 Paueapaleae
481 3525 674 3604 insertoris,
702 3525 760 3591 sed
790 3525 979 3615 accipiatur
1004 3532 1139 3616 oportet
1165 3549 1264 3593 sensu
1288 3549 1349 3593 suo
1376 3527 1542 3595 translato

227 3634 342 3719 legali,
359 3656 427 3720 quo
446 3633 489 3697 ad
502 3632 738 3699 additamenta
751 3632 926 3721 quaelibet
946 3632 1105 3699 Gratiano
1121 3633 1312 3722 posteriora
1325 3632 1543 3720 designanda

226 3738 329 3805 scribi
351 3737 538 3804 consuerit.
560 3741 620 3814 Qui
641 3738 733 3805 vocis
753 3740 866 3805 sensui
892 3739 1017 3805 literali
1037 3739 1223 3806 inhaerens
1247 3763 1286 3806 ea
1303 3739 1435 3823 omnia,
1452 3763 1541 3829 quac

225 3846 324 3913 Palea
338 3843 583 3927 inscribuntur,
599 3847 659 3911 uni
674 3845 840 3911 tribueret
863 3846 996 3925 Paleae,
1015 3845 1052 3911 in
1067 3853 1187 3936 aperto
1203 3868 1319 3913 errore
1332 3853 1539 3916 versaretur:

224 3953 284 4042 qui
304 3952 463 4029 eandem,
486 3951 534 4016 uti
561 3974 623 4040 par
644 3958 710 4032 cst,
738 3975 837 4019 sensu
861 3952 1033 4042 acceperit
1057 3953 1175 4040 legali,
1195 3953 1223 4018 is
1243 3975 1324 4019 vere
1346 3953 1382 4019 in
1402 3958 1541 4019 Decreto

223 4057 475 4125 discriminabit
506 4079 557 4136 ca,
592 4080 679 4145 ‹yuae
705 4064 785 4124 sunt
813 4060 976 4140 Gratiani,
1008 4058 1129 4141 abiis,
1156 4066 1348 4147 quaesunt
1380 4057 1539 4127 Gratiano

224 4164 423 4252 posteriora.

269 4270 442 4335 Eiusmodi
455 4269 562 4355 igitur
577 4269 706 4336 idioma
721 4271 831 4357 legale
845 4272 937 4360 apud
952 4271 1122 4338 Hebraeos
1133 4271 1237 4338 luisse
1250 4292 1425 4339 censemus
1436 4269 1539 4353 illud,

226 4381 264 4444 ut
284 4374 343 4464 qui
363 4374 532 4463 propheta
554 4379 728 4465 aspirante
750 4383 817 4444 Deo
834 4378 909 4463 Iege
926 4378 1044 4468 aliqua
1060 4401 1080 4445 a
1096 4401 1129 4444 se
1146 4377 1282 4468 prolata
1296 4379 1409 4463 Iegem
1423 4376 1543 4464 Moysis

229 4481 414 4574 compleret
434 4486 493 4546 aut
513 4486 678 4562 mutaret,
697 4482 734 4548 id
757 4483 944 4572 aliquando
961 4490 1152 4573 praestaret
1176 4485 1321 4574 loquens
1340 4484 1376 4549 in
1393 4505 1543 4573 persona

227 4590 357 4678 Moysis,
380 4588 447 4655 sive
465 4590 615 4677 praefixa
635 4589 816 4654 formula«
840 4595 982 4658 Locutus
998 4597 1047 4657 est
1066 4591 1166 4657 Iahve
1189 4592 1231 4657 ad
1255 4596 1388 4678 Moysen
1409 4619 1439 4670 u,
1455 4588 1538 4672 sive,

229 4697 323 4787 quod
342 4697 378 4762 in
401 4696 493 4763 idem
515 4694 653 4776 recidit,
676 4717 711 4760 se
730 4696 840 4784 ipsum
864 4697 997 4784 fingens
1022 4719 1100 4763 cum
1121 4703 1228 4786 Moyse
1247 4704 1338 4764 trans
1359 4697 1540 4764 Iordanem
