3366 5346
180 244 238 304 488
548 262 689 307 msroms
711 262 941 309 aasrrrurroms
962 261 1117 306 roeoums.

178 392 274 460 iltius
296 416 336 460 ac
362 394 568 462 ceremonias
592 408 695 484 otqeee
716 395 848 463 iudicio
867 418 880 464 .·
902 397 1062 479 etnicos,
1090 405 1193 483 etque
1213 388 1427 480 rrrrtltiplicet
1455 399 1502 469 te,

178 498 423 590 benedicatque
461 501 523 568 tibi
554 501 589 568 in
619 515 722 586 terro,
753 503 801 570 ud
822 524 926 592 qreom
951 500 1158 592 inpredieris
1180 495 1433 590 possidendam
1468 523 1501 561 a.

179 611 298 673 Textns
319 607 417 697 Vulp.
434 614 523 675 certe
535 615 584 675 est
599 631 739 676 mancus
753 630 762 677 :-
776 609 972 699 praefigunt
986 608 1115 699 quippe
1128 606 1228 673 Hebr.
1248 605 1343 672 Sam.
1365 600 1502 672 could.

178 714 257 800 Syr.
279 715 392 780 versui
416 737 512 782 voces
531 715 626 805 quod
646 739 705 805 epo
726 715 852 782 mundo
874 715 938 782 tibi
959 713 1078 798 bodie,
1098 735 1187 804 quae
1202 709 1504 780 constructionem

179 820 344 907 praebent
372 821 529 888 nonnihil
553 823 755 912 abruptnm3
785 845 890 912 quam
914 823 1058 890 feliciter
1084 819 1257 909 complent
1281 819 1376 884 LXX
1397 837 1505 906 pree·

179 925 252 991 fixis
280 927 353 993 aliis
382 928 588 1017 quibusdem
614 952 622 994 ε
651 929 691 995 Si
721 927 874 997 audieris
902 929 1068 995 mundato
1089 925 1231 993 Domini
1254 924 1317 991 Dei
1344 922 1397 989 tui
1421 923 1504 1011 (seu

178 1031 400 1117 meridedum,
427 1057 473 1101 sc.
502 1036 704 1102 mandatum
736 1035 929 1102 dilectionis
953 1035 1042 1123 oei),
1075 1044 1163 1124 quoe
1189 1054 1252 1120 eqo
1277 1029 1406 1098 mondo
1431 1027 1507 1094 u'br'

178 1137 288 1206 bodie.
318 1144 408 1217 Quae
428 1141 552 1222 lectio,
566 1142 646 1209 licet
670 1141 786 1209 critice
814 1141 1029 1232 probabilior
1058 1139 1209 1215 nonsit,
1234 1136 1334 1204 nobis
1357 1135 1506 1203 videtur

177 1267 314 1313 sensum
337 1247 481 1314 oratoris
509 1247 599 1316 clare
624 1248 831 1338 exprimere,
860 1248 921 1339 qui
948 1248 1053 1315 iritum
1090 1252 1124 1314 et
1157 1257 1316 1325 mortem,
1342 1242 1506 1310 fructum

179 1352 434 1421 observatorum
456 1361 489 1422 et
512 1355 749 1442 neglectorum
771 1355 1029 1435 mandatorum,
1046 1377 1078 1421 v.
1099 1358 1202 1420 16-18
1220 1351 1389 1440 explicat:
1411 1371 1507 1436 ergo

179 1481 198 1526 a
213 1460 354 1527 vocibus
371 1474 404 1526 et
416 1462 510 1528 uicus
525 1475 588 1530 eto.
605 1462 738 1529 orditur
752 1461 913 1552 apodosis
928 1461 1016 1533 adv.
1035 1467 1100 1543 16¹,
1118 1461 1205 1526 sicut
1218 1482 1249 1525 v.
1270 1463 1310 1524 18
1328 1455 1507 1546 apodosin

179 1566 284 1632 habet
308 1589 420 1656 prov.
452 1574 504 1635 17.
531 1608 575 1618 —-
596 1591 632 1635 v.
653 1577 693 1634 l't
722 1597 738 1629 «
762 1568 803 1635 Si
827 1581 944 1635 aretem
965 1588 1122 1634 noerstrm
1141 1565 1253 1656 fuerit
1278 1575 1452 1632 cortuum
1471 1573 1508 1628 et

178 1671 299 1738 oeedire
314 1673 463 1739 nolueris
479 1687 583 1764 erpere
600 1704 615 1735 o
633 1675 808 1754 seductus,
824 1697 975 1763 proquo
1002 1673 1101 1761 Vulp.
1121 1700 1136 1732 «
1155 1694 1267 1738 errore
1282 1671 1451 1759 deceptus
1471 1698 1505 1749 »,

111 1798 114 1805 ·
183 1807 197 1838 ι(
221 1777 418 1845 adoraveris
445 1780 523 1846 deos
548 1781 680 1847 alienos
706 1793 739 1847 et
762 1781 917 1847 servieris
940 1780 988 1847 eis
1024 1810 1060 1860 s,
1084 1803 1116 1846 v.
1141 1786 1181 1846 18
1207 1806 1223 1839 «
1244 1777 1414 1868 praed-reo
1438 1775 1509 1841 tibi

180 1883 296 1968 bodie,
314 1885 408 1974 quod
427 1916 442 1948 o
463 1887 647 1954 certissime
668 1916 684 1950 «
705 1910 825 1978 percos
851 1914 886 1969 »,
909 1887 1014 1976 idque
1034 1886 1223 1975 explicatur
1251 1906 1259 1951 :
1288 1883 1365 1973 utet]
1389 1904 1507 1972 parvo

181 2004 330 2081 tempore
352 1994 494 2060 moreris
519 1994 555 2061 in
582 2008 682 2079 terre,
707 1993 877 2084 adquam
900 1994 1047 2060 Iordane
1069 1991 1266 2058 transmisso
1294 1988 1510 2078 inpredieris

178 2097 419 2186 possidendum
442 2130 472 2166 o.
494 2103 593 2167 Hebr.
616 2100 809 2191 emphatice
830 2121 839 2179 ;
860 2124 930 2167 non
942 2098 1196 2191 prolonpobitis
1215 2096 1287 2164 dies
1304 2109 1372 2164 etc'
1396 2118 1429 2162 v.
1465 2102 1510 2162 19

183 2232 199 2264 u
220 2207 327 2271 Testes
347 2205 464 2273 ineoeo
486 2235 500 2267 s
522 2207 613 2273 robis
639 2237 653 2269 κ
682 2207 783 2273 bodie
806 2206 936 2272 eoelum
956 2220 989 2273 et
1009 2219 1134 2272 terrum
1161 2235 1196 2286 ι,
1218 2242 1262 2254 -
1287 2203 1509 2269 verbotenus

183 2309 233 2375 uti
253 2316 331 2390 'ens
350 2351 395 2362 —
417 2343 431 2373 α
456 2314 551 2402 quod
567 2313 804 2403 proposuerim
823 2313 916 2379 vobis
936 2313 1094 2379 vitamet
1114 2323 1274 2391 ntortem,
1294 2301 1510 2376 benedictio-

183 2438 261 2481 nem
284 2429 316 2482 et
345 2418 618 2486 meledictionem
643 2441 655 2485 .·
678 2419 764 2508 elipe
786 2442 865 2508 erqo
891 2420 1015 2502 ritum,
1040 2432 1078 2485 ut
1098 2429 1129 2485 et
1150 2430 1187 2484 tu
1211 2417 1305 2483 triens
1326 2428 1358 2482 et
1385 2437 1508 2482 semen

83 2580 86 2585 .
184 2534 280 2588 trium
307 2551 335 2592 s.
363 2530 401 2591 Et
420 2525 621 2616 explicatur,
653 2528 689 2593 in
712 2549 780 2616 quo
810 2525 878 2592 rito
903 2528 961 2593 illa
984 2525 1144 2613 eligenda
1172 2524 1334 2591 consistat
1360 2542 1369 2588 t
1397 2546 1430 2589 v.
1464 2530 1510 2590 20

188 2657 203 2689 α
221 2629 274 2719 [et]
300 2630 428 2721 diliqns
452 2633 637 2700 Dourioum
657 2636 765 2699 Deum
787 2645 897 2711 turem,
921 2646 1024 2722 atque
1044 2631 1183 2699 obedias
1196 2632 1271 2697 voci
1290 2630 1374 2711 cius,
1398 2643 1433 2695 et
1453 2628 1516 2696 itti

185 2734 383 2823 adhaereas,
406 2739 477 2829 ipse
495 2752 543 2807 est
568 2741 658 2807 enim
686 2740 757 2806 uite
784 2753 844 2807 triu
868 2752 901 2806 et
924 2738 1103 2829 loupitado
1125 2738 1259 2804 dierum
1286 2749 1440 2817 tuorum,
1470 2749 1512 2802 ut

184 2842 314 2910 habites
336 2846 373 2911 in
398 2861 498 2931 terre,
519 2869 582 2936 pro
607 2869 677 2936 quo
697 2846 824 2912 iurauit
855 2846 1020 2912 Dominus
1041 2845 1197 2935 putribus
1219 2844 1285 2911 tuis
1303 2842 1509 2917 Abrabam.

186 2952 279 3016 Isooc
295 2965 328 3017 et
344 2955 463 3034 Iacob,
480 2968 517 3018 ut
533 2952 630 3019 daret
647 2976 722 3019 eum
743 2952 813 3019 illis
832 2981 862 3020 r.

312 3171 358 3219 IV.
378 3172 510 3219 ULTIMA
526 3173 650 3220 Movsls
666 3174 705 3220 IN
721 3175 838 3220 EADEM
856 3172 1023 3222 CONCIONE
1044 3174 1135 3221 Acus
1152 3173 1249 3220 DEUT.
1267 3174 1375 3231 eut-13.

233 3367 336 3434 liuius
354 3368 474 3456 capitis
497 3368 613 3457 plures
637 3374 715 3435 sunt
735 3368 969 3452 difficultates,
990 3390 1074 3459 quas
1094 3375 1130 3434 ut
1150 3367 1275 3436 clarius
1299 3365 1507 3456 perspicias

189 3470 376 3540 summario
391 3476 542 3562 primum
558 3477 623 3542 hoc
636 3481 738 3564 caput
751 3476 795 3541 ob
814 3477 928 3542 oculos
942 3475 1111 3565 ponimus

233 3603 265 3646 v.
290 3587 379 3648 l·l3.
406 3585 538 3669 itlopses
563 3588 639 3671 post
662 3582 835 3650 absolutos
859 3581 1099 3671 praecedentes
1121 3602 1305 3659 sermones,
1333 3579 1512 3648 Hebraeos

190 3689 453 3754 commonefacit
472 3689 514 3755 de
540 3689 735 3756 imminenti
758 3711 819 3756 sua
840 3696 961 3770 morte,
987 3693 1106 3755 losucn
1126 3689 1283 3755 futurum
1297 3686 1422 3752 ducem
1444 3687 1510 3753 de·

191 3799 372 3873 monstrat,
388 3795 535 3863 faustum
548 3796 774 3885 expeditionis
791 3818 979 3862 successum
996 3795 1173 3885 praedicit,
1191 3794 1282 3861 bono
1300 3790 1510 3860 animoorn·

191 3923 249 3967 nea
259 3923 331 3968 esse
343 3900 448 3968 iubet.
465 3902 670 3969 Advocatum
690 3908 782 3969 losue
794 3902 875 3968 item
886 3902 981 3968 iubet
997 3901 1088 3968 bono
1103 3901 1219 3968 animo
1234 3923 1318 3967 esse.
1333 3900 1509 3988 Scriptam

192 4009 324 4075 tiorum
344 4009 450 4075 tradit
477 4010 750 4076 «sacerdotibus
776 4009 857 4096 liliis
881 4011 970 4090 Levi,
991 4009 1051 4096 qui
1080 4007 1264 4097 portabunt
1288 4027 1403 4072 arcam
1430 4006 1510 4074 foc-

192 4116 282 4180 deris
309 4116 441 4181 Domini
463 4144 496 4195 s,
521 4117 754 4205 praecipitque
774 4123 811 4182 ut
830 4117 916 4182 haec
935 4116 1032 4181 thora
1050 4115 1148 4181 annis
1164 4114 1348 4180 sabbaticis
1364 4111 1510 4202 publice

193 4220 419 4308 praelegatur.

238 4349 269 4390 v.
292 4331 400 4391 nen.
429 4331 527 4395 labor
548 4335 681 4418 Moysen
705 4330 747 4396 dc
762 4330 972 4396 imminente
995 4334 1102 4395 morte
1123 4326 1396 4395 commonefacit.
1418 4330 1511 4394 Eum

192 4454 269 4498 cum
286 4437 381 4499 losue
398 4435 440 4500 ad
455 4436 713 4502 tabernaculum
730 4437 886 4518 accersit,
904 4436 964 4503 ubi
981 4441 1124 4525 apparet
1141 4435 1255 4520 gloria
1272 4433 1386 4513 lahve,
1404 4455 1512 4523 prac-

191 4546 325 4628 ceptum
342 4547 473 4621 tamen,
492 4542 584 4630 quod
598 4565 629 4609 v.
649 4549 688 4608 rt
707 4548 800 4610 losue
817 4543 969 4610 dandum
988 4541 1237 4618 affirmabatur,
1252 4562 1318 4606 non
1339 4540 1512 4627 exprimi-

190 4654 256 4714 tur.
284 4647 452 4715 Praedicit
477 4650 577 4715 labve
601 4649 750 4715 futuram
777 4649 895 4738 populi
917 4649 1141 4715 delectionem
1166 4669 1361 4736 poenasque
1386 4645 1509 4727 eidem
