3366 5346
235 276 293 334 426
698 286 928 332 coirecrsurus
947 287 1104 333 ssuurirs.

234 426 305 491 cius
328 445 363 490 se
388 425 513 513 purget
534 421 627 487 omni
649 420 869 511 suspicione:
892 443 961 488 non
985 421 1196 489 manducavi
1219 420 1261 487 de
1286 444 1325 488 eo
1349 421 1455 512 impie
1482 423 1559 512 (seu

235 528 322 596 idoli
336 528 445 620 erpo),
462 551 531 594 uon
547 528 740 618 consumpsi
754 527 795 594 de
814 550 852 594 eo
864 527 1045 595 immunde
1062 530 1134 618 (seu
1152 528 1325 596 immundi
1338 527 1425 597 idoli
1443 530 1556 619 erpo),

234 660 303 704 uou
325 635 406 703 dedi
426 635 466 702 dc
488 657 526 702 eo
548 647 694 718 mortuo,
716 635 738 701 i.
763 657 791 701 o.
817 633 921 702 idolo.
944 635 1043 722 Dedi,
1068 640 1128 702 out
1151 658 1288 705 rursum
1312 637 1559 704 manducando

233 744 272 812 in
290 743 362 812 eius
386 744 564 823 honorem,
584 748 644 808 aut
667 741 878 832 imponendo
909 741 1024 825 altori,
1043 747 1103 810 aut
1127 743 1358 832 permittendo
1386 743 1558 811 sacerdoti

234 850 332 918 idoli.
357 853 428 916 Non
455 848 695 938 proscribitur,
720 870 874 939 nequae
899 848 937 915 in
961 850 1130 916 honorem
1155 850 1258 917 lshve
1285 848 1407 917 libatio
1433 850 1495 918 fiob
1517 852 1555 918 in

234 955 335 1024 ultori
362 956 512 1046 privato3
532 960 672 1045 potuero
695 954 865 1023 eiusmodi
889 955 981 1036 fieri,
1003 955 1063 1023 sed
1088 955 1176 1023 nihil
1202 960 1417 1046 compertum
1448 956 1557 1024 hobe-

235 1086 323 1130 mus.
344 1089 360 1124 u
380 1060 523 1129 obedivi
545 1061 621 1128 voci
634 1060 775 1128 Domini
791 1060 857 1127 Dei
876 1060 958 1145 mei,
973 1075 1006 1130 et
1022 1061 1093 1151 [cci
1112 1061 1229 1129 omnia
1243 1063 1330 1129 sicut
1347 1064 1557 1153 praecepisti

236 1167 368 1236 mibi».
386 1172 490 1236 Porro
510 1168 727 1237 obedientiae
745 1173 1011 1258 praeceptorum
1031 1168 1225 1260 proemium
1245 1174 1295 1236 est
1311 1167 1428 1238 divino
1448 1169 1557 1237 beno·

237 1277 340 1342 dictio
357 1296 366 1345 ε
381 1299 415 1345 ν.
438 1282 479 1344 15
507 1303 524 1337 «
551 1259 689 1366 Respicb
712 1303 728 1337 o
752 1275 1029 1366 -prospice-
1056 1305 1072 1338 «
1094 1276 1135 1343 de
1158 1276 1354 1344 sanctuario
1379 1288 1438 1344 tuo
1460 1278 1558 1344 etde

31 1370 35 1387 ⁸
147 1391 150 1398 '
237 1381 391 1472 [eccelso]
412 1382 582 1450 coelorum
599 1381 808 1467 habitaculo,
828 1393 860 1449 et
880 1382 1019 1450 benedic
1032 1383 1162 1474 populo
1179 1396 1235 1452 tuo
1256 1383 1366 1451 Israel
1381 1398 1415 1452 et
1429 1397 1553 1469 terrae,

237 1513 342 1579 quum
369 1487 498 1556 dedisti
520 1489 634 1573 uobis,
659 1488 747 1556 sicut
773 1488 899 1556 iurasti
921 1490 1077 1580 putribus
1106 1491 1246 1576 uostris,
1271 1505 1380 1558 lemae
1405 1491 1494 1558 lacte
1525 1505 1559 1558 et

238 1595 339 1664 melle
351 1597 513 1663 mouenti
526 1624 542 1658 »
559 1597 616 1686 (of.
634 1617 667 1664 v.
684 1596 732 1684 9).
753 1595 846 1662 Nihil
859 1595 901 1662 de
916 1596 1114 1664 sanctuario
1130 1597 1236 1664 habet
1253 1597 1355 1666 Hebr.
1378 1617 1386 1665 :
1404 1597 1446 1665 de
1460 1597 1561 1665 babi—
1598 1603 1600 1606 ’

238 1702 354 1769 iaculo
376 1714 494 1769 sancto
520 1714 590 1788 tuo,
610 1701 653 1768 de
675 1701 779 1768 coelo.
807 1705 891 1792 Apte
913 1703 949 1769 h.
970 1702 994 1769 l.
1019 1703 1182 1772 scribitur
1204 1727 1269 1772 vox
1290 1705 1423 1795 poetica
1447 1719 1524 1795 pm
1549 1724 1557 1764 ἔ
1583 1749 1586 1753 -

238 1809 282 1875 cf.
302 1816 318 1876 1
341 1811 422 1894 Reg.
443 1815 596 1892 2‚29.32;
618 1813 713 1877 Deut.
736 1813 838 1889 3327
859 1813 921 1876 etc.
