3366 5346
239 294 297 353 458
372 270 373 274 ¹
694 308 803 353 omrro
823 305 929 352 uorsrs
950 306 1094 351 securus.

237 465 312 509 sum
335 466 368 509 v.
395 450 450 524 35,
472 444 606 532 hocque
627 443 859 529 fragmentum
882 442 964 508 item
985 440 1160 508 inseruere
1183 441 1258 527 loco
1282 461 1350 506 non
1374 461 1435 506 suo
1460 438 1556 529 (post

237 571 271 616 v.
289 549 358 637 26).

282 656 472 723 Recordare
491 655 643 739 interim,
659 656 797 722 thoram
821 653 923 721 fuisse
947 659 1020 719 tum
1046 653 1160 738 legem
1186 675 1256 719 non
1281 658 1467 731 mortuam,
1492 652 1557 719 sed

236 760 367 842 vivam,
397 785 484 852 quac
516 785 599 829 aevo
633 767 727 830 losue
759 766 792 827 et
824 783 908 828 aevo
942 759 1108 827 Samuelis
1145 781 1214 826 non
1244 758 1387 848 antiqua
1417 765 1555 827 tantum

237 869 355 956 Moysis
379 870 495 950 verba,
511 868 570 936 sed
594 889 767 936 sermones
791 867 933 957 insuper
961 867 1028 933 illis
1052 866 1137 957 ipsis
1160 866 1254 934 aevis
1279 866 1555 934 accommodatos

238 975 402 1042 ediderat.
420 980 544 1042 Eratne
564 980 659 1042 muta
678 996 904 1064 permansura
922 974 1023 1040 thora
1042 973 1079 1039 in
1099 973 1204 1039 tantis
1223 995 1346 1060 regum
1365 973 1555 1064 impiorum

235 1081 423 1164 furoribus,
446 1082 519 1150 sola
541 1082 815 1168 fragmentorum
840 1079 1055 1146 restitutione
1077 1079 1193 1170 aliqua
1217 1080 1396 1147 contenta?
1415 1084 1487 1147 Non
1505 1079 1555 1146 si-

236 1187 302 1254 luit
322 1190 436 1256 thora.
467 1192 588 1256 Vocem
619 1187 785 1254 extulerat
811 1209 895 1253 aevo
921 1191 1016 1253 losue
1038 1190 1072 1252 et
1091 1208 1175 1253 aevo
1200 1186 1370 1254 Samuelis
1395 1207 1404 1255 :
1432 1206 1555 1253 vocem

237 1295 356 1361 extulit
375 1303 605 1385 contra-reges
619 1294 806 1384 improbos,
819 1293 887 1360 alte
895 1297 929 1360 et
939 1291 1110 1360 distincte.
1123 1292 1294 1383 Propheta
1305 1293 1440 1382 aliquis,
1458 1300 1557 1383 post·
1635 1367 1638 1372 ,

238 1423 341 1490 quam
368 1408 477 1469 textus
503 1424 578 1491 cap.
596 1407 650 1484 28,
666 1406 833 1490 quantum
857 1398 931 1466 fieri
954 1399 1076 1490 potuit,
1093 1399 1328 1489 imperfectius
1356 1406 1471 1466 tamen
1498 1420 1555 1465 re-

237 1509 373 1576 stitutus
392 1514 452 1588 est,
473 1509 593 1575 tertiae
609 1507 770 1597 strophae
787 1505 969 1595 adscripsit
983 1505 1169 1595 pericopen
1188 1529 1220 1574 v.
1239 1511 1352 1588 b7·68,
1369 1506 1556 1596 antiquum

236 1613 279 1679 de
298 1636 379 1701 rege
403 1616 440 1681 in
463 1613 617 1681 exsilium
641 1613 846 1681 abducendo
859 1612 1057 1679 vaticinium
1078 1634 1147 1679 non
1169 1612 1308 1702 repetiit
1329 1617 1476 1693 tantum,
1492 1611 1557 1679 sed

235 1725 277 1788 tt
293 1721 445 1787 versibus
464 1719 697 1810 amplificavit,
718 1719 889 1785 coloribus
912 1718 966 1785 sui
990 1718 1066 1785 aevi
1089 1719 1239 1809 propriis
1261 1719 1304 1785 ad
1331 1719 1467 1793 oculum
1494 1717 1556 1784 de·

233 1826 360 1916 pinxit,
391 1826 483 1917 ipsos
512 1826 664 1915 Assyrios
698 1824 809 1913 digito
837 1824 1096 1892 demonstravit.
1122 1829 1254 1902 Quanto
1284 1830 1437 1915 tempore
1470 1830 1555 1892 ente

234 1931 326 1999 diem
345 1941 503 2025 repertae
530 1956 551 2001 a
577 1933 664 2000 losia
690 1933 809 1999 thorae
838 1933 922 1999 haec
946 1932 1022 1999 fieri
1049 1933 1234 2023 coeperint,
1253 1932 1330 2022 quis
1358 1935 1556 2022 computet?

234 2040 329 2116 Quod
348 2045 384 2106 ut
407 2040 560 2121 definiat,
582 2045 776 2130 perspectas
802 2044 882 2105 ante
903 2039 1031 2105 habeat
1047 2044 1183 2129 oportet
1204 2060 1323 2107 omnes
1345 2044 1379 2104 et
1400 2037 1557 2126 singulas

234 2147 500 2235 persecutiones,
518 2169 603 2237 quas
625 2168 720 2213 sacer
741 2146 832 2213 liber
857 2160 978 2235 passus
999 2151 1061 2211 est.
1077 2145 1191 2212 Fuerit
1209 2145 1268 2212 ille
1288 2145 1430 2213 fortasse
1453 2144 1556 2211 labor

235 2252 378 2318 diversis
395 2253 495 2319 annis
518 2259 552 2319 et
571 2258 624 2319 sat
643 2253 779 2338 maguis
799 2256 993 2340 temporum
1018 2249 1212 2318 intervallis
1235 2256 1441 2342 resumptus.
1457 2255 1556 2318 Cres-

235 2363 316 2424 cunt
336 2360 468 2425 lurores
488 2359 591 2425 etiam
613 2382 633 2425 a
654 2358 768 2448 parvis
789 2356 896 2424 initiis
913 2357 958 2424 ad
983 2379 1110 2445 magna
1130 2357 1304 2426 incendia.
1322 2358 1453 2425 Primos
1474 2357 1555 2424 illos

234 2487 358 2555 pravos
381 2488 479 2553 reges
502 2464 694 2533 cohibuerit
716 2463 833 2553 aliqua
856 2463 937 2530 libri
962 2464 1049 2531 sacri
1073 2466 1265 2532 reverentia
1291 2465 1557 2555 :expunxerint

233 2573 270 2638 hi
283 2573 435 2662 primum
454 2572 544 2639 solos
559 2596 591 2640 v.
608 2577 650 2640 36
665 2595 730 2661 sq,
746 2570 806 2638 alii
817 2570 992 2659 integrum
1007 2576 1120 2660 caput,
1141 2571 1199 2637 alii
1214 2571 1355 2638 tandem
1378 2572 1555 2659 integram

233 2679 370 2746 thoram
386 2679 650 2747 eliminaverint.

277 2790 376 2874 Ergo,
395 2786 647 2877 quodsensere
671 2790 747 2873 post
770 2783 900 2850 Bohlea
930 2782 1057 2873 plures,
1088 2784 1220 2875 aliquid
1241 2790 1332 2852 certe
1357 2784 1480 2873 eapitis
1506 2791 1553 2853 28

232 2899 307 2983 post
326 2899 459 2980 Moysen
480 2915 550 2959 csse
574 2892 751 2973 insertum,
770 2913 939 2980 perpensa
958 2893 1032 2981 ipsa
1054 2897 1165 2958 textus
1188 2891 1305 2958 indole
1331 2896 1365 2959 et
1387 2891 1548 2969 historia,

231 2998 374 3065 concedi
393 3022 489 3088 posse
507 3020 698 3078 censemuS,
719 2997 777 3064 sed
799 2997 963 3063 audacter
979 3019 1147 3084 negamus
1163 2997 1200 3064 id
1220 3020 1284 3087 per
1302 2997 1460 3065 fraudem
1481 2999 1554 3066 lac-

232 3110 303 3171 tum
331 3127 403 3171 esse
427 3105 483 3170 vel
508 3104 583 3170 fieri
609 3105 770 3193 potuisse.
792 3108 887 3170 Certe
912 3126 981 3170 non
1008 3104 1137 3170 factum
1164 3109 1214 3170 est
1237 3104 1281 3171 ad
1306 3103 1554 3194 decipiendum

233 3232 349 3296 regem
376 3211 513 3293 losiam‚
539 3233 641 3300 quem
669 3209 790 3276 eximie
819 3209 998 3276 vecordem
1026 3211 1130 3278 tuisse
1154 3212 1295 3300 quidam
1324 3211 1478 3298 gratuito
1502 3213 1555 3280 et-

231 3319 380 3404 fingunt.
400 3318 490 3384 Fecit
509 3318 573 3384 hoc
595 3316 762 3406 propheto
782 3314 906 3405 aliquis
929 3315 1004 3383 iure
1026 3338 1087 3385 suo
1115 3323 1148 3384 ct
1173 3317 1333 3384 instinctu
1354 3317 1490 3399 divino;
1514 3318 1554 3386 id

232 3425 359 3492 faciens
374 3447 488 3493 veram
504 3423 613 3491 edidit
626 3422 860 3514 prophetiam,
877 3422 971 3512 quod
993 3429 1134 3492 eventus
1146 3425 1314 3513 quosdam
1331 3424 1472 3492 bellicos
1484 3425 1554 3492 ali-

232 3533 398 3621 quamdiu
422 3538 497 3621 post
523 3533 656 3598 futuros
681 3529 933 3598 accuratissime
957 3532 1268 3620 praenuntiaverit;
1285 3530 1366 3598 lecit
1386 3532 1424 3598 in
1447 3532 1553 3600 thora

231 3661 302 3703 non
326 3645 459 3704 mortua
483 3638 541 3704 sed
567 3639 656 3720 viva,
678 3659 765 3726 quae
789 3636 842 3704 ius
865 3636 1017 3704 habebat
1042 3637 1229 3727 impiorum
1253 3636 1552 3707 retundendorum

232 3749 264 3812 et
285 3768 348 3834 pro
366 3767 427 3812 sua
447 3743 553 3812 voluti
571 3746 641 3810 vita
659 3742 898 3824 dimidicandi,
921 3749 1061 3834 eratque
1081 3743 1197 3810 vivum
1213 3744 1412 3834 spalladium
1435 3747 1552 3832 gentis

231 3852 371 3919 electae.

274 3966 319 4026 lte
337 3959 415 4025 stilo
432 3981 506 4048 cap.
525 3965 567 4023 28
580 3958 665 4025 haec
686 3957 788 4024 habet
805 3961 863 4023 Dr.
884 3978 891 4024 :
911 3985 926 4018 α
944 3961 1017 4023 Non
1038 3962 1088 4024 est
1106 3955 1143 4023 in
1157 3962 1194 4022 V.
1213 3963 1249 4025 Τ.
1266 3958 1441 4048 pericope,
1459 3980 1550 4047 quae

230 4065 340 4131 eidem
364 4071 582 4154 comparetur
604 4064 720 4154 quoad
743 4065 907 4130 orationis
928 4063 1084 4151 vigorem
1108 4065 1322 4132 continuum.
1343 4064 1417 4131 Stili
1441 4085 1550 4149 gene-

231 4172 311 4236 ralis
330 4170 500 4257 quaedam
521 4179 571 4237 est
594 4170 741 4237 affinitas
763 4191 841 4237 cum
862 4169 1074 4236 orationibus
1093 4171 1304 4260 propheticis
1328 4172 1491 4237 leremiae
1513 4177 1550 4238 et
1595 4221 1597 4225 -

232 4276 413 4344 Ezechielis
442 4276 565 4366 potius,
587 4300 691 4366 quam
717 4276 951 4367 antiquiorum
975 4278 1246 4367 prophetarum;
1272 4277 1332 4345 sed
1357 4278 1470 4345 forma
1495 4283 1548 4343 cst

233 4383 343 4471 magis
369 4386 591 4470 symmetrica
612 4391 646 4450 et
672 4385 716 4451 ad
743 4405 878 4451 omnem
906 4384 988 4450 artis
1010 4385 1141 4473 apicem
1168 4389 1301 4466 exacta,
1324 4407 1428 4473 quam
1453 4384 1549 4474 apud

232 4492 409 4558 leremiam
431 4511 503 4556 esse
518 4490 701 4571 consucvit,
720 4491 817 4556 ideae
840 4491 950 4576 magis
963 4491 1078 4558 variae
1097 4489 1150 4571 iis,
1167 4513 1256 4580 quae
1278 4490 1370 4581 apud
1388 4491 1548 4559 Ezechie-

232 4600 300 4667 lem
324 4600 360 4666 in
384 4597 519 4665 unicam
540 4595 757 4687 prophetiam
777 4604 957 4682 congestae
983 4597 1300 4686 deprehenduntur.
1322 4597 1547 4686 Symmetriee

232 4706 413 4788 ordiuntur
439 4710 600 4772 tractatus
626 4725 704 4770 cum
730 4704 772 4769 de
800 4701 1097 4770 benedictionibus
1118 4710 1191 4771 tum
1220 4704 1262 4773 de
1293 4705 1549 4773 maledictioni-
