3366 5346
248 303 307 360 314
696 315 927 359 uoutncraxauu
950 313 1107 358 saxosus.

246 455 290 528 et,
311 472 389 516 cum
403 453 561 515 vetentur
582 448 685 514 boves
702 455 816 514 aratro
836 447 995 514 adbiberi
1010 454 1044 512 et
1063 468 1142 513 oves
1158 445 1303 527 tonderi,
1322 452 1417 535 patet
1440 447 1499 533 agi
1522 447 1566 515 de

248 556 453 621 animalibus
478 555 554 643 plus
580 555 715 621 octiduo
744 555 832 620 natis
858 576 865 622 :
895 581 911 614 a
940 556 1018 620 Non
1050 553 1241 643 operaberis
1271 553 1307 618 in
1327 554 1567 642 primopenito

249 662 350 745 beree,
365 675 397 728 et
412 685 480 726 riou
498 660 649 727 tondebis
667 661 899 750 prirnopenita
916 659 1030 726 ouium
1055 688 1085 725 u.
1106 659 1200 726 Alter
1215 660 1353 728 allectus
1374 666 1436 739 est,
1455 668 1493 726 ut
1507 661 1570 727 ad·

248 768 407 835 ducenda
431 770 500 833 siut
520 768 564 834 ad
588 767 820 834 sanctuarium
842 767 960 854 ibique
982 766 1050 832 ritu
1074 765 1296 855 pacificorum
1318 766 1537 834 immolanda
1560 790 1568 835 :

248 897 281 940 v.
300 880 341 940 20
359 902 375 933 «
390 875 430 940 In
446 886 626 963 conspeetu
640 873 780 938 Durniui
792 873 855 939 Dei
868 873 921 939 tui
933 871 1087 939 comedes
1102 895 1143 938 ea
1148 894 1216 960 per
1230 895 1339 939 anlnos
1358 872 1515 962 sinpulos
1532 875 1569 940 in

248 980 335 1060 loco,
352 1002 451 1068 quern
468 979 606 1069 eleperit
622 980 785 1046 llorninus
801 1007 832 1061 n,
847 1019 891 1030 -
905 982 997 1046 LXX
1009 981 1089 1068 Syr.
1104 978 1237 1046 addunt
1248 982 1338 1045 Deus
1356 993 1457 1046 tures:
1476 981 1569 1046 eius·

250 1086 344 1152 modi
366 1086 464 1152 facile
489 1086 771 1153 adscribebantur
791 1125 833 1136 -
858 1116 873 1145 α
899 1099 935 1151 tu
952 1097 985 1151 et
1005 1085 1124 1152 demtis
1150 1098 1210 1151 tua
1234 1114 1264 1151 n.
1287 1092 1337 1152 nn
1360 1087 1568 1153 vetabantur

249 1192 386 1259 invitari
406 1192 519 1269 amici,
536 1215 704 1282 pauperes
723 1193 865 1266 Levitae,
885 1193 1008 1278 egeni?
1029 1193 1137 1259 Etiam
1152 1194 1188 1258 iu
1203 1192 1281 1277 lege
1302 1197 1357 1257 Ex.
1383 1199 1423 1257 12
1446 1192 1565 1258 doricus

249 1306 298 1365 est
316 1298 448 1364 latioris
461 1299 678 1388 acceptionis.
696 1321 728 1363 v,
740 1305 776 1364 et
800 1328 814 1357 α
831 1298 895 1364 Sin
910 1311 1024 1364 autem
1041 1297 1197 1364 babuerit
1214 1298 1385 1364 irraeulam
1403 1326 1418 1357 υ
1436 1298 1567 1365 animal

199 1442 204 1451 ·
247 1404 335 1470 illud
358 1405 628 1493 primogenitum
652 1406 707 1491 (cl.
727 1408 803 1472 Lov.
828 1404 1096 1494 22,·21sqq.),«
1121 1402 1176 1469 cel
1197 1403 1360 1470 claudum
1379 1405 1490 1491 faerit
1513 1405 1569 1471 uel

248 1533 398 1592 caecum,
423 1523 484 1577 aut
507 1511 543 1576 in
565 1511 687 1600 aliqua
706 1525 805 1600 parte
827 1510 978 1598 deforme
1004 1511 1069 1595 [cel
1090 1509 1223 1599 (lebilel,
1240 1533 1310 1576 non
1332 1510 1567 1577 inunolabitar

249 1617 392 1682 Domino
412 1621 480 1682 Deo
496 1632 555 1682 tuo
574 1647 603 1699 u,
621 1641 651 1682 v.
671 1623 714 1682 22
731 1647 746 1677 «
766 1616 827 1683 sed
840 1618 933 1683 iutra
943 1629 1064 1706 portas
1079 1616 1172 1682 urbis
1187 1629 1266 1683 terere
1282 1617 1433 1683 coneedes
1448 1616 1539 1683 illud
1554 1638 1567 1682 .·

155 1786 159 1791 ,
249 1734 320 1787 tane
345 1721 491 1788 mundus
510 1745 615 1811 qaam
636 1722 834 1789 teutmundus
855 1722 1018 1789 similiter
1039 1735 1215 1789 vescentur
1235 1723 1328 1804 eis»,
1348 1743 1423 1789 eum
1448 1730 1566 1789 tamen

249 1828 418 1894 immundi
439 1851 459 1895 a
478 1829 701 1917 pacificorum
720 1831 960 1897 communione
981 1829 1254 1908 excluderentur,
1275 1856 1292 1890 u
1317 1828 1416 1918 qnasi
1440 1850 1566 1917 caprea

249 1946 280 1999 et
303 1955 433 2000 cerro»
456 1936 514 2023 (cf.
542 1942 652 2017 lats.
675 1935 745 2022 22),
768 1958 855 2024 quae
880 1957 1057 2024 nunquam
1076 1935 1155 2001 usui
1175 1958 1272 2002 sacro
1295 1935 1564 2002 adhibebantur.

249 2064 281 2107 v.
301 2048 341 2108 23
359 2070 374 2099 «
394 2044 465 2107 Hoc
480 2041 591 2107 solum
607 2044 806 2122 observabis,
825 2055 862 2108 ut
878 2042 1082 2132 sanquinem
1099 2064 1217 2108 eorum
1231 2064 1301 2108 non
1323 2039 1493 2121 eomedas,
1507 2040 1569 2107 sed

249 2144 405 2237 esseaedes
424 2148 460 2212 in
483 2162 606 2214 terrain
627 2149 730 2236 quasi
751 2169 878 2236 aquarn
900 2175 931 2215 n.
954 2148 1143 2215 Prudenter
1162 2148 1263 2215 venia
1280 2147 1453 2214 mactandi
1473 2146 1567 2213 domi

251 2261 378 2340 (tata
394 2259 433 2318 21
457 2258 548 2342 sqqsl
574 2254 733 2344 explicite
755 2254 949 2321 extenditur
967 2255 1012 2320 ad
1030 2254 1262 2344 primogenita
1284 2253 1369 2321 haec
1393 2252 1566 2319 maculam

252 2358 428 2425 habentia.

384 2588 416 2646 7.
438 2584 507 2647 Lea
527 2579 569 2647 de
582 2579 854 2648 solemnitatibus
869 2580 965 2671 aprrd
977 2581 1215 2648 sanctuarium
1230 2578 1441 2647 celebrandis

771 2691 869 2754 Dent.
890 2692 1045 2770 16,1-1“1.

295 2893 379 2979 Arp.
396 2931 440 2940 —
458 2895 589 2958 Statuta
604 2891 646 2956 de
666 2891 777 2959 tribus
795 2891 1067 2958 solemnitatibus
1081 2890 1292 2979 adaptantur
1306 2889 1567 2957 necessitatibus

252 2997 328 3063 aevi
352 2997 518 3078 iudicum,
545 3020 613 3086 quo
640 3019 792 3064 accessus
817 2998 861 3063 ad
887 2999 1122 3063 sanctuarium
1146 2997 1189 3062 ob
1217 2996 1396 3063 continuas
1420 2996 1492 3061 lere
1514 2997 1567 3061 rei

251 3102 411 3190 publicae
430 3102 679 3168 vicissitudines
693 3111 766 3169 crat
781 3103 989 3192 impeditior.
1008 3109 1129 3169 Severe
1144 3102 1367 3192 praecipitur,
1384 3108 1421 3168 ut
1442 3101 1567 3168 solem·

252 3208 375 3274 uitales
394 3209 484 3296 apud
510 3209 740 3277 sanctuarium
761 3209 948 3276 maximum
969 3209 1196 3276 celebrentur.
1219 3214 1356 3291 Verum,
1377 3208 1565 3275 secuudum

253 3314 461 3403 principium
481 3319 579 3383 Num.
599 3322 678 3397 9,10
700 3338 750 3404 sq.
780 3318 1009 3399 enuntiatum,
1033 3315 1228 3381 extenditur
1247 3314 1462 3404 aliquantum
1479 3322 1566 3380 tem·

251 3443 314 3510 pus
337 3421 414 3507 lege
434 3425 511 3488 Lev.
534 3429 575 3489 23
597 3428 763 3489 statutum
783 3445 845 3512 pro
860 3445 997 3512 quaque
1014 3420 1244 3488 solemnitate.
1260 3426 1324 3487 Pro
1343 3421 1449 3488 Phase
1463 3442 1565 3509 prae-

251 3535 303 3595 ter
322 3551 419 3594 ovem
443 3535 476 3594 et
499 3551 639 3617 capram
660 3529 800 3595 victima
823 3527 1018 3595 admittitur
1042 3528 1115 3593 bos
1142 3527 1333 3594 Generatim
1355 3527 1505 3594 sancitur
1526 3528 1565 3591 in

252 3633 486 3699 oblationibus
509 3635 612 3700 sacris
632 3634 875 3725 praestandum
898 3656 968 3699 esse
993 3635 1117 3722 cuique
1140 3639 1287 3717 tantum,
1308 3641 1477 3722 quantum
1500 3655 1564 3722 pro

250 3746 445 3828 temporum
460 3739 641 3828 iniquitate
655 3748 827 3830 praestare
840 3741 963 3819 valeat,
986 3746 1019 3805 et
1034 3762 1105 3805 non
1121 3738 1209 3827 plus.

295 3849 382 3911 llaec
410 3845 462 3912 lex
496 3845 616 3911 morito
644 3847 852 3912 adscribitur
877 3846 930 3926 iis,
964 3869 1052 3934 quae
1076 3845 1188 3911 locum
1217 3846 1329 3911 cultus
1354 3844 1482 3911 directo
1510 3844 1566 3911 vel

251 3952 416 4018 indirecte
431 3953 605 4037 attingunt
625 3974 632 4019 :
655 3953 728 4037 agit
748 3953 840 4018 enim
860 3953 901 4017 de
923 3951 1198 4017 solemnitatibus
1217 3951 1310 4040 apud
1333 3951 1565 4017 sanctuarium

252 4059 437 4123 maximum
452 4056 677 4123 celebrandis.
701 4058 797 4123 lllam
814 4080 865 4136 ea,
888 4079 957 4145 qua
973 4057 1028 4123 hie
1048 4057 1177 4143 legitur
1191 4058 1313 4138 forma,
1336 4079 1407 4123 esse
1425 4056 1565 4123 alliuem

250 4161 368 4246 legum
391 4168 540 4244 las-am
569 4169 745 4243 lbet-293
771 4169 930 4243 tale-m
952 4163 1114 4252 idemque
1144 4169 1247 4251 atque
1268 4163 1330 4228 has
1354 4184 1479 4228 aevum
1495 4184 1567 4227 res-

251 4267 375 4354 picere,
401 4269 653 4334 confirmabunt
676 4292 728 4350 ea,
754 4291 841 4357 quae
861 4268 985 4335 dicturi
1004 4291 1131 4347 sumus,
1155 4276 1189 4333 et
1211 4268 1364 4356 produnt
1383 4272 1565 4356 sequentes

252 4370 482 4459 expressiones
502 4395 509 4440 :
533 4403 547 4433 «
567 4374 672 4455 locus,
688 4397 790 4464 quem
806 4374 950 4460 elegerit
966 4375 1068 4440 lahve
1086 4403 1101 4435 »
1121 4374 1130 4447 l
1136 4397 1166 4439 v.
1188 4381 1220 4438 2.
1240 4380 1328 4462 usq.
1349 4381 1400 4439 11.
1421 4380 1460 4440 15
1475 4372 1562 4461 sq.);

251 4477 356 4543 Phase
376 4500 407 4542 v.
431 4486 450 4544 5
470 4500 541 4544 nou
564 4480 808 4547 celebrandum
827 4481 919 4546 domi
939 4482 995 4568 (cl.
1019 4485 1266 4561 12151811.
1291 4480 1364 4566 26);
1388 4499 1564 4545 commen-

251 4584 342 4650 datio
365 4584 498 4650 Levitae
522 4609 552 4650 v.
578 4592 628 4652 lt.
653 4594 704 4654 lt.
722 4587 983 4675 paragraphis.
1012 4592 1041 4651 1.
1063 4592 1096 4650 9.
1117 4591 1168 4651 13.
1191 4592 1230 4651 lb
1252 4585 1436 4651 ordiuntur
1451 4586 1561 4650 lorum

251 4689 419 4774 absoluta,
444 4713 475 4758 v.
504 4698 519 4756 1
543 4693 689 4759 solemni
711 4709 808 4760 ttae.
837 4698 917 4758 Cum
941 4689 1162 4780 pentateuchi
1181 4690 1275 4776 leges
1296 4690 1470 4778 plurimae
1491 4712 1563 4756 non
