3366 5346
193 299 233 369 20
743 264 954 352 rurudnucrro.

194 446 230 515 b.
252 445 424 538 percussio
444 443 595 512 secunda
609 467 641 510 ν.
661 449 763 510 arat
784 464 792 510 ε
814 441 915 508 lahve
932 440 1055 527 infligit
1077 440 1200 508 virium
1224 440 1380 507 omnium
1399 441 1508 511 hebe-

238 553 412 633 tudinem,
434 573 541 641 quare
561 549 711 640 populus
729 549 773 615 ab
792 546 949 614 hostibus
968 546 1103 636 penitus
1123 547 1347 636 opprimitur,

194 682 223 727 c.
242 658 413 749 percussio
432 659 533 724 tertia
548 681 579 722 v.
603 662 707 724 35-tt
731 677 737 722 :
763 655 863 721 lahve
880 652 1010 739 infligit
1024 653 1141 720 ulcera
1160 653 1377 736 incurabilia,
1396 676 1506 744 popu-

236 767 291 833 lus
307 788 385 832 cum
401 786 481 851 rege
497 752 636 829 tandem
650 762 687 827 in
702 761 858 828 exsilium
875 760 1056 848 abripitur.

22 848 25 852 Ι
87 918 89 923 2
191 873 226 940 d.
256 876 333 939 Post
351 870 541 938 clausulam
564 892 595 935 ve
620 875 661 936 t5
690 891 740 956 sq.
763 866 997 956 amplificatur
1021 888 1054 931 v.
1084 871 1188 933 b7-68
1205 865 1307 933 tertia
1328 868 1505 956 percussio

236 983 269 1046 et
283 977 501 1055 describitur,
518 976 690 1066 quomodo
708 972 854 1040 llebraei
868 974 904 1038 in
920 972 1064 1039 urbibus
1078 974 1146 1038 suis
1161 971 1207 1039 ab
1221 973 1369 1040 inimicis
1379 973 1506 1040 obsessi

236 1085 345 1150 atroci
361 1084 450 1150 fame
464 1087 721 1164 consumantur,
742 1102 783 1145 ac
797 1079 936 1145 demum
952 1078 990 1144 in
1004 1078 1238 1168 captivitatem
1258 1078 1501 1146 divendantur.

361 1276 385 1308 c.
401 1259 566 1307 HISTORIA
581 1257 841 1305 RESTITUTIONIS
856 1255 1021 1304 FOEDERIS
1036 1256 1133 1304 DEUT.
1146 1256 1330 1317 29,‘.>(1)·31‚1a.

235 1407 318 1470 Cum
338 1404 411 1493 ipse
432 1403 608 1468 restitutor
628 1406 737 1467 textus
752 1398 925 1487 29,29(28)
941 1398 984 1465 de
1000 1396 1208 1465 obscuritate
1223 1404 1331 1465 textus
1351 1421 1504 1489 conque·

190 1514 296 1593 ratur,
314 1509 430 1597 aliqua
445 1507 650 1574 coniecturis
665 1505 838 1572 elucidare
853 1506 967 1571 conati
981 1527 1109 1572 sumus.

236 1622 267 1682 1.
288 1614 406 1681 Oratio
423 1612 553 1701 Moysis
568 1613 816 1679 restitutionem
836 1610 988 1699 foederis
1004 1609 1210 1700 praecedens
1229 1612 1501 1702 29‚2-28(1·27).

188 1745 220 1790 a.
244 1720 301 1788 uei
322 1719 556 1811 providentia,
585 1741 654 1808 qua
681 1717 836 1784 lsraelem
856 1741 896 1784 ex
922 1723 1078 1808 Aegypto
1099 1718 1278 1784 lordauem
1298 1740 1403 1808 usque
1424 1740 1502 1808 per·

109 1894 111 1899 .
234 1827 347 1908 duxit,
365 1826 471 1913 exigit
485 1825 620 1892 fidelem
640 1824 882 1891 mandatorum
899 1823 1174 1890 observationem
1190 1824 1409 1914 tamti-8).

187 1933 222 2000 b.
263 1932 441 2000 concionis
474 1931 689 2020 propositum
720 1929 922 2019 explicatur,
960 1936 996 1996 ut
1033 1929 1158 1996 feriant
1195 1931 1316 1997 foedus
1353 1953 1503 2000 annexas

230 2040 363 2106 habens
377 2037 634 2104 maledictiones
647 2036 934 2125 aemulata-tt).

86 2199 96 2220 .
186 2169 216 2212 c.
236 2151 412 2211 llonentur
431 2143 497 2209 sihi
510 2165 630 2210 cavere
645 2143 689 2207 ab
701 2138 898 2208 ¹idololatria
910 2147 1038 2210 secreta
1051 2144 1362 2230 esna-mutuo).

187 2252 222 2319 d.
244 2256 395 2332 Lacuna,
413 2271 502 2338 quae
515 2249 654 2316 lortasse
670 2248 841 2314 tractabat
856 2247 899 2314 de
913 2247 1109 2315 idololatria
1121 2249 1270 2339 publica.

186 2381 215 2425 c.
256 2360 539 2423 Demonstrautur
570 2354 784 2421 idololatriae
806 2354 967 2442 publicae
996 2356 1132 2422 futurae
1159 2379 1290 2446 poenae
1325 2362 1501 2436 2932-Ξὸ

246 2463 374 2551 mer).

228 2467 261 2637 i.
281 2575 417 2636 Lacuna
433 2568 620 2656 auset-28),
636 2565 697 2634 ubi
712 2568 856 2634 coniicio
871 2568 971 2634 luisse
985 2573 1087 2636 antea
1102 2567 1362 2658 descriptionem
1376 2567 1500 2635 solerii·

143 2681 145 2685 ’
183 2676 303 2743 m'tatis
323 2677 359 2741 in
380 2675 593 2742 restitutione
612 2673 759 2742 foederis
778 2673 929 2742 habitae.

229 2790 260 2849 3.
279 2781 396 2849 Oratio
412 2783 540 2870 Moysis
550 2793 628 2871 post
640 2780 892 2847 restitutionem
908 2804 983 2870 cap.
1001 2787 1055 2848 30.

183 2910 214 2954 a.
244 2887 499 2953 Poenitentibus
522 2893 600 2973 post
624 2885 829 2974 apostasiam
855 2908 989 2975 semper
1010 2893 1145 2975 praesto
1167 2889 1232 2955 erit
1252 2890 1376 2956 lahvae
1401 2889 1500 2956 favor

230 2998 383 3072 30,1-10.

128 3165 129 3168 ,
184 3098 218 3163 b.
245 3095 438 3164 Mandatum
462 3095 622 3163 lsraelitis
638 3096 837 3186 impositum
856 3120 924 3164 nou
948 3104 997 3165 est
1021 3099 1179 3184 difficile;
1205 3101 1298 3191 quod
1312 3101 1498 3170 observan-

228 3208 278 3269 tes
290 3224 428 3268 omnem
445 3207 695 3291 consequentur
709 3209 904 3270 terrestrem
919 3204 1193 3274 benedictionem
1209 3214 1384 3290 acal-20.

229 3316 261 3376 lt.
281 3308 410 3375 Ultima
426 3309 552 3398 Moysis
570 3309 607 3374 in
623 3309 741 3374 eadem
757 3311 918 3377 concione
933 3324 1011 3380 ueto
1026 3321 1178 3393 31,1-13.

182 3438 213 3482 a.
245 3421 355 3483 llonet
380 3417 550 3483 Hebraeos
578 3416 682 3482 etiam
709 3423 954 3504 postmortem
991 3442 1087 3486 suam
1120 3421 1220 3488 bonis
1251 3443 1322 3488 csse
1354 3421 1496 3506 animis,

227 3523 318 3611 quod
339 3523 465 3589 lahven
482 3523 633 3590 habeant
653 3522 861 3604 adiutorem,
883 3533 916 3590 et
938 3529 1054 3593 losucn
1070 3527 1191 3594 ducem
1209 3551 1229 3593 a
1249 3529 1351 3593 Iahve
1372 3529 1497 3595 consti-

226 3633 337 3693 tutum
353 3635 481 3708 31,1-8.

96 3756 99 3761 ·
181 3733 217 3800 b.
240 3733 409 3822 Scriptarn
432 3756 501 3801 ase
523 3736 658 3801 tharam
680 3741 809 3823 Moyses
827 3737 1060 3804 sacerdotibus
1081 3740 1186 3806 tradit
1208 3739 1449 3807 asservandam
1463 3745 1498 3808 et

225 3840 325 3906 annis
341 3840 525 3907 sabbaticis
540 3843 667 3931 populo
682 3843 952 3932 praelegendam
968 3851 1121 3928 ale-13.

483 4021 508 4068 d.
524 4019 792 4067 COLLEOTANEUM
805 4022 923 4070 LEGUM
938 4023 1036 4070 DEUT.
1054 4025 1191 4084 lul-talo.

225 4164 280 4226 Est
295 4159 360 4225 hoc
379 4161 528 4249 primum
551 4161 813 4244 documentum,
835 4164 930 4252 quod
952 4192 967 4225 ι(
990 4167 1103 4232 verbis
1123 4167 1270 4234 foederis
1291 4195 1306 4227 »
1328 4168 1494 4235 inscrtum
1608 4234 1613 4241 .

180 4265 362 4355 reperitur,
377 4265 467 4332 inter
480 4269 705 4357 pentalogum
719 4291 794 4335 cum
809 4293 872 4336 sua
885 4274 1075 4360 paraenesi,
1089 4278 1122 4339 et
1137 4276 1228 4352 inter
1238 4275 1494 4342 benedictiones

180 4376 213 4437 et
232 4371 491 4439 maledictiones
511 4397 585 4464 cap.
611 4381 666 4442 28.
687 4376 891 4462 rraefigitur
911 4378 1083 4464 generalis
1102 4381 1279 4471 inscriptio
1301 4387 1391 4462 12‚1.
1415 4379 1494 4448 Sin-

157 4478 269 4565 ·gulis
297 4479 432 4565 legibus
460 4480 689 4548 adscribimus
721 4482 821 4581 initio
850 4484 906 4571 (cf.
939 4488 1012 4551 CEL
1038 4510 1072 4576 p.
1109 4490 1162 4573 22)
1194 4490 1347 4578 ipsarum
1372 4489 1491 4574 legum

177 4607 365 4674 carumque
380 4586 595 4654 novellarum
616 4588 670 4655 vel
689 4589 928 4672 articulorum,
944 4614 1015 4658 non
1036 4594 1128 4681 quod
1146 4618 1187 4661 ea
1202 4595 1237 4662 h.
1260 4596 1284 4663 l.
1303 4593 1492 4662 indicanda

176 4691 370 4776 videantur,
399 4693 461 4761 sed
489 4718 532 4761 ne
566 4702 683 4784 postea
714 4696 958 4764 collectaneum
992 4700 1200 4789 explicantes
1230 4708 1340 4769 totum
1374 4703 1490 4789 legum
