3366 5346
692 308 843 351 caarreuu
864 309 979 353 uovsvs.
1437 295 1494 356 509

182 449 282 510 testes
297 443 458 519 oculatos
483 442 542 508 sed
567 447 743 530 tamquam
764 447 864 507 testes
883 442 953 508 sive
976 442 1143 512 mediatos
1167 445 1237 509 sive
1256 444 1490 527 immediatos

182 573 265 637 ergo
279 548 533 640 penerelisainrc
549 559 697 614 tuntum.

224 661 410 724 autumant
429 655 569 721 tandem
584 657 662 734 Mn„
679 653 784 720 Klost.
803 677 835 742 p.
855 661 918 722 225
936 655 1107 744 paucique
1123 656 1196 737 alii,
1209 657 1380 724 canticum
1396 662 1490 725 Ileut.

181 769 223 828 32
237 775 355 828 notetur
367 784 444 828 esse
462 784 503 827 ea·
522 761 592 827 atio
610 760 728 849 ulique
746 761 943 849 antiquiore
964 762 1115 828 cornuue
1135 762 1246 829 (teneto
1268 776 1490 853 pertractatu.

181 869 337 949 Advorte,
364 869 533 934 canticum
559 872 653 933 [leut.
676 874 718 934 32
744 868 873 933 habere
894 874 1091 936 accuratam
1112 868 1323 958 strophicam
1347 876 1492 936 structu-

181 997 255 1041 ram
273 982 316 1055 et,
344 974 437 1064 quod
464 997 540 1040 mox
564 974 891 1055 demonstrabimus,
916 975 1031 1041 ideam
1060 975 1243 1042 artificiose
1269 975 1490 1043 illustratam.

183 1087 221 1149 vt
238 1082 323 1149 illud
349 1105 388 1147 ex
413 1081 607 1170 antiquiore
631 1079 782 1147 carmine
809 1089 929 1147 natum
950 1105 1020 1148 esse
1048 1082 1249 1163 affirmetur,
1274 1104 1342 1148 non
1368 1082 1496 1150 sulficit

182 1210 273 1254 mera
290 1189 499 1269 coniectura,
520 1187 580 1254 sed
598 1187 866 1254 demonstranda
881 1210 969 1277 quae
990 1189 1094 1255 fuerit
1112 1189 1319 1277 antiquioris
1334 1187 1496 1255 carminis

113 1297 118 1303 ’
181 1292 258 1360 idea
274 1300 305 1360 et
320 1299 501 1375 structura,
522 1299 556 1360 et
570 1293 741 1382 quomodo
756 1294 841 1359 baec
861 1316 895 1359 se
913 1294 1039 1361 habeat
1054 1294 1099 1360 ad
1114 1294 1222 1361 nostri
1240 1294 1364 1360 cantici
1378 1294 1493 1360 ideam

181 1406 215 1465 et
229 1405 449 1467 structuram.
467 1405 510 1467 lle
524 1422 590 1489 qua
608 1421 644 1466 re
660 1399 712 1465 illi
725 1408 882 1467 auctores
895 1401 1000 1467 altum
1017 1407 1155 1467 servant
1169 1400 1357 1467 silentium.

225 1507 405 1583 Quaeritur
428 1529 545 1597 poree,
572 1506 733 1592 quisnam
756 1529 778 1573 a
800 1528 900 1573 sacro
927 1518 1003 1572 eote
1025 1505 1086 1572 hoc
1112 1507 1285 1573 canticum
1307 1507 1494 1596 pronunti·

181 1635 238 1678 ore
260 1612 457 1701 efficeatur.
485 1612 717 1679 lutrodueitur
738 1612 879 1701 quidem
901 1613 1045 1701 loquens
1063 1612 1165 1679 lotoe
1184 1635 1217 1680 v.
1239 1620 1353 1682 :ro-31.
1374 1619 1489 1695 37-te;

180 1725 215 1786 at
238 1719 277 1785 in
296 1719 436 1808 reliquis
462 1741 530 1785 non
550 1725 599 1785 est
619 1720 720 1785 lahve
744 1719 937 1786 subiectum
958 1720 1114 1808 loquens.
1138 1725 1168 1785 ls
1187 1742 1217 1784 v.
1238 1726 1345 1786 3non
1370 1719 1493 1786 dixerit

183 1855 198 1885 ι(
217 1829 283 1892 [teo
298 1833 415 1891 nostro
439 1853 472 1907 e,
501 1848 570 1892 non
597 1826 730 1892 locutus
749 1825 791 1892 sit
810 1827 911 1892 tertia
933 1847 1079 1915 persona
1105 1825 1147 1890 de
1171 1848 1205 1891 se
1225 1824 1315 1915 ipso;
1335 1848 1366 1892 v.
1392 1833 1432 1893 3t
1460 1832 1493 1892 et

181 1937 236 1998 35⁴·
258 1954 328 1997 non
348 1954 417 1999 esse
445 1932 566 1998 lshvae
592 1931 778 2021 loquentis,
810 1933 901 1997 infra
923 1930 1181 2020 explicabimus.
1210 1932 1300 1997 Licet
1325 1934 1456 2019 Moyses
1472 1955 1493 1998 a

181 2043 246 2105 Deo
262 2044 363 2118 31,19
379 2040 486 2105 iussus
498 2037 667 2105 canticum
685 2037 917 2126 descripserit,
935 2044 968 2103 et
981 2037 1122 2104 fortasse
1138 2043 1204 2104 [leo
1228 2037 1400 2126 aspirante
1419 2039 1491 2127 ipse

121 2185 123 2189 ι
180 2145 268 2211 illud
290 2144 559 2223 concinnaverit,
584 2150 685 2233 atque
705 2143 754 2210 ita
773 2143 877 2209 verba
898 2145 1021 2209 cantici
1048 2143 1116 2209 sint
1139 2144 1244 2209 verba
1266 2145 1385 2230 Moysis
1404 2149 1492 2210 tam-

180 2272 285 2341 quam
306 2250 468 2331 uuctoris,
491 2250 570 2316 hinc
588 2249 743 2316 nondum
759 2251 912 2338 sequitur
928 2255 1059 2336 Moysen
1079 2249 1299 2316 introducere
1321 2271 1355 2315 se
1379 2251 1491 2339 ipsum
1590 2319 1591 2323 ,

180 2366 355 2446 tamquam
388 2378 569 2445 personam
603 2355 726 2423 cantici
760 2357 865 2422 verba
893 2356 1156 2445 proloquentem
1185 2376 1192 2422 :
1221 2361 1332 2444 petest
1361 2355 1492 2446 quippe

181 2469 299 2528 auctor
309 2463 474 2549 effingere
490 2463 660 2530 canticum
675 2462 779 2528 veluti
795 2463 839 2529 ab
853 2463 929 2529 aliis
944 2462 1215 2551 pronuntiatum.
1233 2462 1374 2528 lubetur
1388 2485 1491 2551 porro

182 2575 283 2649 31,1o
316 2591 390 2657 sqq.
428 2575 470 2634 ‘27
503 2591 577 2657 sqq.
612 2575 736 2654 Moyses
761 2568 849 2633 illud
874 2568 1047 2634 canticum
1071 2568 1282 2648 describere,
1313 2590 1382 2633 non
1420 2574 1491 2634 tam

182 2696 244 2763 pro
275 2674 477 2762 aequalibus
504 2674 583 2756 suis,
614 2696 717 2762 quam
742 2674 957 2763 potissimum
983 2696 1045 2765 pro
1072 2674 1227 2764 posteris,
1248 2674 1373 2740 intuitu
1391 2696 1491 2739 even-

181 2787 277 2847 tuum
321 2780 549 2868 quorumdam
591 2770 804 2857 futurorum,
833 2801 981 2869 quorum
1027 2779 1124 2846 nulla
1148 2780 1287 2846 omnino
1316 2801 1395 2868 pars
1417 2779 1491 2868 ipse

181 2892 307 2975 Moyses
323 2894 407 2953 esset
427 2888 562 2953 futurus
579 2910 585 2955 :
604 2888 699 2976 atqui
718 2887 755 2952 in
771 2887 936 2953 eiusmodi
953 2887 1084 2952 cantico
1104 2891 1244 2952 nonest
1265 2885 1491 2953 adstruendus

181 2999 305 3082 Moyses
334 2992 438 3060 veluti
465 3014 627 3083 praeseus
655 2993 761 3082 loqui,
784 2992 849 3058 nisi
875 2992 911 3057 id
933 3016 971 3059 ex
992 2992 1064 3081 ipso
1089 2998 1180 3059 textu
1205 2991 1401 3079 colligatur.
1418 2996 1490 3059 Non

180 3101 273 3166 enim
293 3122 497 3167 consuevere
513 3100 669 3166 homines
686 3099 730 3165 ad
750 3121 808 3165 eos
826 3099 932 3165 verba
948 3121 1062 3165 coram
1080 3101 1203 3181 lacere,
1222 3099 1281 3188 qui
1296 3099 1402 3184 longo
1416 3105 1492 3188 post

180 3229 214 3273 se
232 3213 386 3295 tempore
399 3207 521 3273 victuri
535 3206 612 3273 sint.
631 3207 735 3287 lliceS,
755 3211 887 3294 Moysen
899 3213 1000 3287 31,3o
1017 3206 1072 3294 (cl.
1089 3206 1203 3293 32,letl
1220 3234 1235 3266 «
1252 3206 1405 3273 locutum
1419 3228 1490 3272 esse

182 3314 285 3380 verba
306 3315 466 3379 carminis
485 3313 647 3379 audiente
667 3313 825 3378 universo
848 3318 946 3378 coetu
971 3314 1074 3378 lsrael
1096 3341 1130 3385 a,
1156 3333 1240 3397 ergo
1262 3312 1413 3400 primum
1430 3312 1491 3377 illa

182 3421 300 3506 utique
316 3418 480 3506 prodiisse
495 3441 534 3485 ox
553 3440 612 3483 ore
632 3418 748 3502 Moysis
762 3419 898 3482 nomine
918 3439 977 3482 suo
992 3418 1175 3504 loquentis.
1194 3422 1316 3482 l'erum
1337 3417 1397 3481 illa
1418 3421 1490 3482 tum

182 3528 308 3609 Moyses
323 3523 570 3610 pronuntiabat
584 3545 653 3588 non
665 3528 702 3587 ut
714 3544 775 3588 suo
788 3521 831 3588 ad
846 3521 1012 3611 populum
1023 3521 1076 3588 vel
1090 3543 1205 3587 coram
1227 3521 1356 3609 populo
1370 3522 1488 3599 verba,

181 3629 239 3695 sed
256 3628 476 3718 praelabatur
496 3627 730 3718 popularibus
751 3633 789 3694 ut
809 3628 980 3695 discerent
1004 3634 1038 3693 et
1058 3628 1225 3695 memoria
1243 3633 1400 3694 tenerent
1420 3626 1489 3715 (31,

184 3739 235 3822 19)
253 3757 292 3801 ac
315 3739 434 3823 postca
456 3740 493 3800 ut
513 3757 574 3800 sua
593 3735 745 3822 ipsorum
765 3735 871 3800 verba
890 3735 1126 3802 decantarent.
1143 3739 1232 3821 Ergo
1251 3734 1287 3815 ii,
1306 3734 1366 3822 qui
1387 3735 1492 3800 canti·

182 3863 258 3908 cum
284 3841 468 3907 universim
495 3841 688 3929 profantur,
712 3846 792 3906 sunt
812 3840 989 3907 Israelitoe
1004 3863 1081 3919 seu,
1099 3862 1176 3906 cum
1190 3839 1277 3907 illud
1292 3839 1366 3906 sine
1385 3840 1491 3906 dubio

182 3948 393 4015 solemnibus
412 3946 649 4013 occasionibus
670 3947 807 4036 publice
830 3948 1082 4029 decantaretur,
1101 3955 1179 4014 sunt
1204 3957 1382 4013 caletorum
1398 3945 1494 4012 ctiori

182 4055 322 4122 nomine
336 4053 389 4119 vel
405 4075 464 4119 suo
480 4053 534 4120 vel
550 4055 653 4120 totius
671 4053 792 4143 populi
811 4053 1001 4143 loquentes.

228 4162 336 4248 Igitur
354 4159 531 4248 stropham
554 4166 587 4227 et
605 4160 853 4249 antistropham
874 4159 1021 4250 primam
1041 4161 1231 4248 loquuntur
1246 4158 1342 4225 chori
1356 4158 1491 4226 nomine
1579 4173 1583 4180 ·

127 4252 130 4257 ’
183 4291 253 4334 suo.
272 4266 322 4334 ltd
345 4267 489 4333 chorum
504 4265 698 4332 referantur
712 4265 833 4333 sullixa
848 4289 879 4333 v.
898 4271 912 4331 1
935 4273 969 4332 et
984 4267 1113 4333 lormae
1137 4293 1152 4326 ι(
1176 4265 1301 4354 loquor
1318 4293 1347 4345 »‚
1371 4294 1387 4326 α
1410 4287 1490 4354 pro-

183 4373 302 4440 nuntio
322 4396 356 4454 »3
374 4397 406 4438 v.
423 4379 505 4462 6sq.
524 4373 649 4439 chorus
662 4395 696 4439 se
718 4395 738 4439 a
760 4373 886 4462 populo
901 4372 1061 4439 disceruit
1080 4372 1317 4462 populumque
1342 4371 1490 4459 alloqui-

185 4487 255 4559 tur3
271 4502 301 4546 v.
319 4487 338 4544 7
353 4480 541 4546 invitantur
556 4478 712 4559 Hebraei,
729 4484 767 4545 ut
785 4502 805 4544 a
824 4477 1061 4568 patribussuis
1080 4500 1139 4544 seu
1158 4478 1297 4545 senibus
1313 4477 1491 4565 inquirant

184 4583 225 4649 de
243 4585 391 4674 antiquis
407 4587 509 4652 lahve
530 4607 613 4672 erga
631 4585 797 4674 populum
820 4584 1006 4652 beneficiis.
1035 4589 1116 4653 Gom
1141 4584 1356 4671 antistropha
1378 4581 1489 4670 prima

185 4713 215 4756 v.
246 4697 324 4758 8-1e
357 4714 554 4781 responsum
588 4690 630 4757 ad
662 4692 751 4758 bunc
780 4692 1011 4780 quaestionem
1043 4690 1184 4772 habeat,
1206 4696 1284 4779 apte
1312 4687 1491 4755 interimus
