3366 5346
177 294 235 353 528
549 307 626 351 reru
651 307 783 352 uurrura
805 307 868 350 urm
893 306 984 350 virsa
1006 305 1124 351 rursu.

178 441 261 509 nino
289 441 470 509 vertendae
498 448 579 507 sunt
601 463 699 507 voces
721 429 828 507 ubba
843 456 979 504 uirtus:
1006 446 1041 506 at
1068 439 1204 506 nullum
1226 438 1347 506 haberi
1367 444 1493 527 aptum

177 571 325 629 sensum,
352 556 385 615 et
404 571 467 639 per
490 570 523 614 sc
551 553 661 637 patet,
690 553 724 614 et
747 572 765 614 e
786 553 1095 615 commentatorum
1117 545 1365 614 tentaminibus
1386 545 1494 611 facile

177 655 391 746 perspicitur.
418 657 549 742 Sprunr.
577 663 676 736 βίαιοι,
705 677 772 744 qua
793 676 873 721 voco
896 654 986 745 idem
1007 659 1088 721 Gen.
1115 658 1171 734 6,'r
1196 652 1357 743 exprimit
1381 639 1492 719 urbm.

178 765 268 828 LXX
287 766 404 846 ἀνὲητει
421 795 461 819 =
483 751 586 834 obn,
606 768 638 828 et
664 763 752 828 hano
773 784 844 829 esse
867 762 1053 847 genuinam
1076 760 1257 827 lectionem
1279 760 1379 826 docet
1399 781 1494 826 corn·

176 874 316 958 paratus
331 892 361 934 v.
381 875 434 935 at.
452 871 536 959 Apte
552 868 662 955 igitur
678 867 895 935 concluditur
909 868 1051 958 stropha
1065 866 1178 934 serbis
1196 887 1202 933 :
1221 866 1358 933 inimici
1371 878 1492 933 auteur

178 975 287 1042 nostri
299 987 379 1041 scrut
393 975 502 1041 stulti.

140 1104 143 1110 ’
222 1082 444 1172 Autistropha
467 1105 497 1149 v.
522 1089 639 1161 32-35‚
666 1081 715 1148 uti
734 1082 876 1171 stropha
897 1104 929 1148 r.
953 1088 1064 1163 uti-31,
1087 1080 1160 1168 agit
1185 1103 1255 1147 non
1270 1080 1313 1146 de
1329 1080 1499 1148 Hebraeis

177 1189 236 1256 sed
251 1187 293 1255 de
310 1180 436 1257 'eorum
460 1189 605 1256 inimicis
634 1189 713 1278 (Col
751 1190 792 1272 .);
820 1203 848 1252 ³:
866 1212 897 1254 v.
915 1195 957 1255 32
982 1187 1145 1277 parallelo
1167 1188 1274 1254 habet
1292 1187 1335 1254 od
1353 1203 1381 1250 u
1397 1210 1431 1254 v.
1449 1194 1494 1253 31

180 1294 339 1385 (buln).
365 1296 525 1363 'traditur
543 1297 651 1364 altero
677 1297 777 1379 ratio,
801 1318 863 1363 cur
880 1318 949 1362 nou
964 1295 1114 1363 <labeant
1129 1296 1194 1362 sibi
1212 1293 1407 1361 adscribere
1424 1294 1496 1360 ini·

178 1403 257 1469 mici
272 1424 349 1470 suas
370 1403 413 1470 de
434 1403 555 1469 Israele
581 1409 695 1492 partus
717 1401 874 1470 victorias
895 1423 1037 1469 :corum
1055 1401 1258 1492 perversitas
1279 1422 1424 1476 morum,
1443 1401 1495 1466 ob

178 1531 281 1599 quam
301 1511 394 1576 omni
417 1511 533 1576 farore
548 1509 685 1596 indigui
704 1515 793 1576 sunt.
816 1532 847 1576 v.
871 1516 913 1577 32
935 1537 950 1567 «
967 1513 1015 1575 De
1034 1509 1130 1576 eirico
1145 1507 1373 1575 Sodomorum
1391 1507 1496 1575 cineri

178 1639 294 1682 eorum
320 1646 350 1696 υ,
368 1639 427 1683 scu
454 1616 567 1682 verius
592 1615 636 1682 de
666 1614 736 1682 cite
756 1617 981 1684 Sodomorum
1000 1615 1077 1681 ritis
1100 1637 1228 1697 eorum,
1250 1646 1265 1676 α
1291 1612 1387 1681 etde
1411 1617 1496 1681 sub-

179 1722 318 1788 urbanis
344 1750 378 1798 »,
406 1721 430 1788 i.
457 1744 486 1790 c.
511 1721 554 1788 de
577 1745 709 1812 cornpo,
740 1752 755 1782 «
785 1722 992 1789 Gornorrbae
1013 1751 1043 1790 n.
1066 1727 1155 1799 Quae
1177 1721 1273 1809 regio
1295 1721 1420 1787 sterilis
1442 1728 1496 1788 est

179 1828 312 1918 (Tusa),
325 1828 459 1894 nullum
475 1850 683 1915 generosum
699 1829 848 1916 gignens
867 1848 1026 1915 germem
1043 1829 1072 1894 si
1091 1851 1180 1918 quac
1197 1829 1247 1894 ibi
1272 1827 1357 1894 vites
1372 1850 1497 1896 nascc-

177 1935 316 2017 bautur,
342 1941 441 2003 erant
458 1958 540 2002 sanc
564 1935 795 2003 tenuissimae.
819 1940 995 2003 Praeterea
1026 1935 1188 2002 «surculi
1213 1934 1416 2002 maledictae
1438 1958 1497 2002 ra-

177 2041 263 2109 dicis
279 2047 376 2125 suut,
391 2042 529 2109 infamis
544 2042 616 2109 eius
633 2042 730 2109 urbis
745 2042 890 2110 erimina
910 2043 1088 2109 imitantur
1111 2070 1127 2102 »
1152 2041 1309 2128 (Culrrr.);
1327 2041 1496 2131 exprimi-

178 2156 233 2216 tur
250 2149 398 2215 affinitas
419 2171 569 2227 morum,
595 2171 664 2215 non
691 2149 880 2236 sauguinis,
906 2137 987 2216 saue
1008 2171 1076 2215 non
1101 2148 1264 2216 dicuntur
1287 2148 1337 2214 illi
1360 2149 1499 2216 inimici

177 2256 251 2321 nati
270 2277 340 2321 esse
366 2284 381 2316 «
410 2278 449 2321 ex
468 2255 581 2343 pravis
599 2256 785 2322 maioribus
806 2257 901 2344 pravi
926 2256 988 2320 tilii
1012 2285 1026 2314 »
1052 2256 1182 2344 (iton),
1207 2255 1287 2322 cum
1306 2260 1397 2321 certe
1422 2278 1496 2322 uon

178 2359 448 2450 supponunture
469 2361 650 2427 Sodomitis
663 2361 942 2450 progenitoribus
954 2368 1066 2428 ortum
1082 2362 1225 2428 duxisse.
1246 2390 1261 2422 «
1286 2365 1356 2428 Coo
1374 2385 1495 2429 cortun

179 2490 246 2533 uuo
262 2466 373 2555 fellis,
393 2480 424 2534 et
445 2467 534 2533 botri
555 2467 765 2535 urrrorissr'rui
783 2497 812 2535 u.
831 2473 893 2534 Pro
913 2483 1012 2537 ‘nau
1031 2470 1126 2558 Sum.
1145 2485 1276 2543 norm,
1298 2474 1332 2536 et
1347 2491 1411 2558 pro
1431 2484 1496 2535 Ψ)

178 2574 259 2640 item
285 2587 370 2647 uum
393 2574 486 2663 quod
507 2575 585 2663 Syr.
614 2575 715 2642 vertit
739 2598 872 2657 nrrruru,
897 2578 990 2641 Lxx
1010 2575 1060 2643 uti
1092 2575 1190 2663 VultJ.
1214 2575 1324 2663 sellis,
1352 2575 1498 2643 Videtur

179 2695 247 2745 uun
268 2702 337 2747 csse
360 2681 477 2770 planta
503 2681 632 2770 saporis
653 2684 763 2748 amari
790 2683 865 2771 iter.
902 2689 997 2763 8‚1u;
1023 2686 1191 2769 9‚15[1t];
1218 2689 1335 2762 23‚15;
1364 2683 1493 2749 Thren.

178 2788 288 2877 3‚19);
312 2795 494 2877 usurpatur
513 2787 614 2854 etiam
635 2789 679 2855 do
700 2811 828 2855 veneno
850 2788 909 2855 lob
928 2795 1040 2870 20,16.
1065 2813 1095 2854 v.
1119 2797 1159 2856 33
1187 2817 1202 2849 «
1224 2789 1284 2856 Fet
1302 2788 1495 2855 draconum

177 2894 294 2961 viuum
310 2917 438 2978 eornm,
458 2907 490 2959 et
511 2917 676 2961 uenenum
697 2895 857 2985 aspidum
878 2895 1069 2962 insanabile
1087 2924 1120 2978 n,
1139 2898 1240 2962 Hebe.
1264 2897 1364 2984 sorte.
1392 2919 1421 2963 v.
1449 2904 1507 2965 3t'

179 3028 194 3060 «
213 3003 334 3067 Nonne
353 3000 435 3067 truce
456 3029 489 3081 r,
515 3001 538 3067 i.
561 3023 592 3067 e.
615 3024 774 3090 perversa
789 3025 907 3069 eorum
923 3003 1071 3084 indoles,
1093 3035 1108 3063 α
1131 3002 1269 3069 curulitu
1288 3016 1367 3070 sient
1394 3003 1498 3093 oprrd

179 3130 230 3172 nie
249 3136 283 3188 »‚
302 3130 422 3197 —pro
443 3110 520 3187 ἅπκξ
542 3117 697 3195 λεγεμένῳ
722 3124 785 3171 02:
802 3109 878 3195 loge
899 3132 976 3175 cum
997 3111 1091 3176 Sani.
1112 3126 1190 3183 0222,
1209 3109 1301 3200 quod
1323 3116 1413 3177 recte
1433 3133 1495 3177 ex·

179 3233 329 3302 pressere
348 3210 519 3279 versiones
540 3213 725 3297 recondita,
750 3222 920 3281 asservata
941 3253 985 3265 -
1005 3246 1019 3274 «
1043 3228 1076 3282 et
1095 3217 1234 3306 sipnotu
1259 3246 1288 3297 »,
1302 3216 1417 3303 sigillo
1432 3219 1496 3283 ob-

178 3318 329 3408 sr'qnoto,
353 3347 368 3380 u
386 3321 422 3386 in
447 3319 614 3386 tbesuuris
638 3321 743 3387 rucis?
759 3348 775 3382 ι)
798 3337 870 3386 amu
887 3321 980 3388 locus
999 3329 1063 3404 cst,
1084 3323 1145 3389 ubi
1164 3324 1280 3413 aliqua
1296 3322 1495 3390 recondun-

179 3433 246 3505 tur,
264 3426 332 3493 sive
348 3449 506 3493 annonae
523 3428 557 3516 (³2
573 3432 646 3494 Par.
670 3429 797 3516 11,11)‚
814 3428 883 3494 sive
904 3452 958 3496 res
975 3428 1142 3518 pretiosae
1159 3434 1269 3516 (Prov,
1290 3431 1417 3519 2120),
1433 3430 1494 3498 hic

179 3532 393 3600 documenta.
419 3538 508 3620 Ergo
524 3535 559 3600 h.
576 3534 598 3599 l.
617 3540 696 3600 sunt
711 3534 876 3616 archivio,
892 3535 1008 3625 qualia
1025 3544 1178 3626 temporo
1195 3537 1295 3603 exodi
1315 3535 1495 3604 habebant

178 3661 249 3705 non
263 3662 360 3725 reges
379 3640 488 3706 solum
505 3642 651 3730 Aegypti
671 3649 703 3706 et
730 3641 948 3729 Babyloniae,
976 3642 1033 3708 sed
1058 3643 1171 3730 reguli
1194 3644 1278 3709 item
1301 3643 1494 3710 Chauaani-

178 3744 257 3810 tidis
278 3752 311 3811 et
332 3746 459 3833 Syriae.
478 3748 641 3835 Loquitur
656 3753 748 3814 vates
764 3747 807 3814 ad
825 3771 895 3829 θος,
913 3748 972 3838 qui
996 3748 1083 3815 bene
1103 3757 1226 3816 norant
1239 3749 1323 3838 quid
1336 3749 1494 3816 archivia

177 3857 298 3918 essent.
325 3874 357 3919 v.
383 3859 425 3918 35
449 3882 465 3914 u
485 3856 563 3920 ,tteo
582 3867 631 3920 cst
650 3854 734 3920 ultio
762 3878 797 3937 »ς
818 3854 903 3921 mihi
921 3855 973 3921 ius
996 3861 1045 3921 est
1062 3856 1213 3938 ultiouis
1231 3864 1353 3923 etcum
1372 3855 1492 3924 certis·

177 3958 260 4026 sime
280 3981 455 4048 exsequar,
475 3989 490 4019 «
508 3973 539 4025 et
553 3984 615 4049 epo
635 3962 821 4028 retribuum
839 3962 872 4027 in
891 3974 1050 4052 tempore,
1067 3976 1104 4028 ut
1121 3992 1136 4024 u
1153 3986 1211 4029 scu
1231 3987 1297 4052 quo
1318 3992 1334 4023 «
1354 3962 1493 4029 labatur

174 4086 233 4154 pes
249 4088 365 4130 eorum
393 4095 421 4131 ».
452 4094 468 4127 «
496 4067 636 4143 Quando
662 4068 792 4134 venerit
810 4068 893 4134 illud
914 4075 1049 4158 tempus
1079 4069 1257 4157 puniendi,
1280 4091 1344 4155 ego
1363 4069 1491 4136 faciam

177 4171 268 4259 quod
290 4172 427 4238 labatur
447 4195 506 4261 pes
526 4196 658 4256 corum,
682 4181 719 4239 ut
739 4174 805 4263 ipsi
828 4174 864 4240 iu
887 4181 1014 4241 terram
1038 4182 1199 4243 corruunt
1222 4200 1240 4243 n
1263 4175 1393 4262 (Post).
1422 4177 1490 4243 Sed

177 4298 240 4364 pro
266 4265 293 4337 b
317 4284 410 4343 Seru.
438 4270 756 4367 L.u'.i'=·.b;e1·g0:
783 4281 819 4346 in
846 4280 901 4348 elie
929 4282 1066 4349 ultionis
1090 4296 1121 4348 et
1142 4281 1391 4359 retributionis,
1407 4303 1489 4349 num

178 4369 259 4445 ebur
276 4405 346 4448 nou
366 4391 416 4448 est
435 4398 465 4450 et
490 4408 551 4474 epo
571 4388 769 4467 retribuum,
792 4389 849 4454 scd
871 4401 902 4454 et
919 4389 1170 4469 retributionis;
1188 4389 1254 4471 vel,
1273 4388 1394 4455 leviter
1410 4409 1489 4456 mu-

176 4494 248 4555 tatu
263 4492 496 4579 punctatiunc,
517 4505 548 4558 et
563 4494 723 4561 retribuet
738 4495 878 4584 uliquis,
894 4518 952 4561 scu
972 4508 1004 4561 et
1016 4498 1076 4583 siet
1092 4494 1277 4562 retributio.
1302 4499 1389 4562 Haeo
1406 4518 1488 4562 vero

175 4596 404 4684 punctationis
427 4599 569 4666 ruututio
591 4602 828 4690 praeferenda,
850 4603 931 4691 quia
955 4601 1025 4668 dies
1047 4602 1187 4668 ultionis
1201 4614 1233 4668 et
1253 4601 1490 4670 retributionis

177 4704 384 4792 tautologice
405 4704 544 4791 dicitur,
565 4715 598 4774 et
617 4708 761 4776 incisum
781 4710 1017 4798 temporales.
1044 4718 1097 4776 35³
1113 4732 1208 4776 scous
1222 4717 1315 4777 curet
1334 4709 1489 4777 subiecto
