3366 5346
236 275 276 334 46
789 279 997 326 Inraobucmo,

237 427 366 490 Complet
380 433 475 477 orator
486 426 662 487 decalogum,
672 435 729 471 non
747 420 887 482 adscripto
902 418 1010 482 prolixo
1025 417 1199 469 collectaneo
1211 419 1315 482 legum,
1328 422 1377 472 sed
1388 422 1561 489 decalogum

236 529 373 567 rovocans
387 515 421 565 ad
436 517 549 566 unicum
565 516 678 563 axioma
695 510 871 573 religiosum.
885 507 984 570 Neque
998 509 1059 557 sinc
1074 507 1206 565 consilto,
1221 522 1257 558 nc
1274 509 1365 560 dicam
1384 513 1445 563 sine
1465 515 1560 568 ironia

237 605 345 667 aliqua,
362 617 451 668 usque
473 605 556 654 iterat
572 614 657 651 voces
677 603 872 662 «praecepta,
883 599 1002 655 statuta,
1019 596 1161 656 mandata,
1178 599 1232 646 etc.
1252 613 1277 659 r,
1292 598 1379 649 veluti
1392 600 1489 652 dicens
1503 617 1558 668 pro

236 694 373 756 plurimis,
390 706 462 757 quae
477 693 540 755 quis
554 691 689 754 requirat,
705 687 819 750 legibus
833 683 1065 735 ceremonialibus
1079 697 1110 735 se
1123 687 1236 735 unicum
1250 688 1279 736 in
1294 688 1417 739 medtum
1430 690 1559 755 prolerre

235 783 403 846 principium
416 782 531 832 morale.
549 780 640 838 Quem
651 778 760 828 Vernos
777 775 884 825 inducit
898 775 939 823 sie-
948 774 1108 836 loquentem
1122 787 1128 821 :
1143 790 1155 821 ι
1169 776 1272 839 Α661ρ6
1282 775 1453 839 decumam,
1471 794 1559 844 quam

236 871 381 933 proposuit
402 869 512 933 Moyses
527 868 593 918 siliis
615 866 706 917 lsrael
725 867 754 914 in
773 866 851 914 terra
870 862 962 912 Moab,
979 861 1102 924 Foedus,
1119 863 1195 926 quod
1213 866 1279 914 ante
1296 864 1403 930 aliquot
1422 881 1512 920 annos
1527 871 1558 921 ln

234 965 329 1008 ruente
355 958 446 1008 llorcb
468 960 582 1020 paetum
601 959 644 1007 est
661 953 833 1016 constatque
855 950 1005 1014 decalogo,
1027 951 1111 1002 bodie
1132 952 1304 1015 compleatur
1324 957 1435 1017 oportet
1453 958 1558 1010 additis

235 1047 375 1097 mandatis
396 1052 424 1097 et
446 1047 572 1105 statutis,
594 1057 667 1107 quae
687 1043 835 1093 vobiscum
855 1041 1110 1091 communicaturus
1134 1040 1243 1091 adsum.
1269 1041 1380 1094 Habent
1398 1058 1465 1097 vero
1485 1048 1557 1098 baec

234 1136 368 1186 mandata
380 1141 408 1185 et
420 1137 534 1194 statuta,
551 1133 629 1183 aliud
644 1132 715 1182 nihil
729 1143 813 1195 quam
827 1129 1020 1179 adorationem
1035 1130 1208 1192 spiritualem
1221 1130 1308 1182 lahve
1320 1134 1417 1194 solius,
1429 1134 1556 1200 redemp-

208 1286 211 1291 .
236 1225 305 1273 toris
317 1224 413 1287 populi
428 1225 472 1273 sui
488 1239 511 1272 ι.
529 1221 572 1272 Ad
588 1233 660 1285 <puae
676 1217 899 1283 respondemus,
916 1217 1088 1280 obligatione
1103 1218 1213 1269 colendi
1229 1218 1314 1271 lahve
1332 1223 1430 1286 utique
1444 1221 1557 1275 tundarl

235 1313 422 1374 obligationes
435 1312 559 1375 reliquas
574 1322 687 1371 omnes,
707 1322 764 1358 non
786 1319 850 1358 esse
865 1306 1010 1356 terendum
1026 1306 1104 1356 illum
1119 1319 1168 1370 per
1183 1312 1270 1358 totam
1285 1311 1437 1360 secundam
1449 1314 1557 1364 oratto·

235 1413 300 1451 nem
315 1401 407 1450 tusum
429 1402 457 1449 in
471 1400 564 1450 verbis
587 1415 598 1446 ι
617 1397 766 1457 mandata,
783 1398 948 1460 praecepta,
967 1397 1072 1445 statuta
1088 1411 1099 1442 ω
1109 1408 1116 1455 ;
1137 1409 1252 1458 prorsus
1267 1399 1471 1449 intolerabilem
1491 1414 1556 1452 esse

237 1490 357 1540 ironiam
372 1490 459 1550 illam,
476 1501 549 1553 quae
564 1488 719 1538 adstruitur
734 1499 786 1550 pro
801 1486 888 1535 totius
903 1484 986 1534 Deut.
1003 1485 1133 1548 pericope
1147 1487 1268 1536 maxime
1282 1493 1416 1550 augusta,
1430 1502 1481 1551 pro
1494 1491 1556 1553 ipso

237 1573 318 1629 Deut¹
330 1578 439 1629 nucleo.

594 1783 625 1843 5.
643 1779 689 1841 Dc
714 1774 812 1841 thora
836 1776 878 1839 cb
902 1773 1026 1840 Heleia
1049 1785 1194 1864 reperta.

281 1978 421 2040 Eversas
434 1973 505 2038 iam
524 1971 692 2039 habemus
714 1970 799 2036 duas
819 1992 837 2036 e
854 1969 1038 2059 potissimis
1056 1970 1329 2038 adversariorum
1350 1970 1554 2039 munitioni·

235 2081 298 2148 bus
318 2100 325 2146 ε
349 2080 515 2169 primam,
533 2100 622 2167 quae
642 2077 889 2144 collectaneum
912 2078 1034 2143 tribuit
1067 2078 1381 2144 Deuteronomistae
1403 2079 1551 2160 auctori3

235 2187 392 2266 alteram,
408 2206 496 2273 quae
511 2185 577 2249 hoo
592 2183 855 2262 collectaneum,
869 2181 940 2248 sive
953 2187 1064 2250 totum
1078 2183 1148 2250 sive
1163 2192 1297 2273 partem
1312 2184 1386 2251 eius
1404 2189 1552 2265 tantum,

236 2293 306 2358 sive
320 2291 430 2356 solum
453 2292 524 2356 sive
541 2289 617 2355 aliis
641 2288 848 2377 quibusdam
869 2288 1041 2369 iunctum,
1059 2291 1262 2379 pronuntiat
1282 2312 1353 2358 esse
1368 2296 1463 2358 Deut.
1482 2291 1554 2381 pri·

236 2396 437 2483 migenium.
464 2400 585 2463 Contra
616 2416 704 2483 quae
732 2394 982 2473 clamabamus,
1009 2395 1260 2464 collectaneum
1287 2419 1356 2464 esse
1385 2397 1555 2464 Samuelis

237 2504 400 2586 auctoris,
424 2507 557 2592 partem
580 2501 661 2567 libri
690 2522 759 2568 non
783 2500 1044 2590 primigeniam,
1067 2502 1126 2569 sed
1151 2525 1291 2593 prorsus
1314 2502 1550 2570 adventitiam.

236 2615 369 2677 Partem
385 2632 481 2690 vero,
496 2631 584 2698 quae
599 2608 644 2674 oh
656 2607 861 2694 gravitatem
877 2608 1000 2674 merito
1015 2609 1224 2697 primigenia
1236 2608 1441 2699 appelletur,
1457 2610 1555 2676 altir-

236 2717 415 2784 mabamus
429 2738 500 2783 esse
514 2715 739 2806 pentalogum
754 2714 885 2802 lloysis.
902 2715 1136 2801 Aggredimur
1154 2715 1224 2782 iem
1243 2717 1379 2782 tertiam
1395 2715 1554 2784 adversa·

236 2823 367 2890 riorum
392 2822 631 2890 munitionem.
657 2822 897 2899 Quaestionem
921 2819 958 2886 in
983 2826 1052 2887 tota
1076 2821 1119 2887 de
1139 2824 1371 2911 pentateucho
1400 2822 1553 2912 disputa·

235 2930 328 2994 tione
344 2927 579 3014 gravissimam
597 2949 667 2992 uno
686 2948 745 2991 ore
767 2925 818 2990 illi
833 2927 1047 3015 proclamant
1061 2949 1133 2995 esse
1148 2928 1383 3018 quaestionem
1400 2929 1442 2995 de
1461 2928 1552 2996 libro

237 3034 281 3100 ab
311 3032 425 3099 llelcia
449 3038 596 3120 reperto.
625 3037 750 3120 Estque
779 3031 931 3119 proiecto
953 3033 1172 3118 gravissima,
1198 3058 1277 3102 eum
1305 3035 1406 3102 nobis
1428 3037 1554 3124 prodat

237 3141 375 3206 thoram
389 3144 542 3227 tempore
555 3137 659 3204 losiae
680 3137 769 3223 regis
782 3138 961 3220 exstitisse,
983 3139 1151 3230 nobisque
1171 3142 1262 3208 viam
1279 3144 1411 3232 aperiat
1427 3142 1552 3209 discer-

235 3246 358 3326 nendi,
375 3267 462 3335 quae
482 3251 514 3311 ot
535 3244 645 3333 qualis
670 3244 731 3312 illa
752 3245 853 3311 thora
876 3244 1110 3325 meritonam
1135 3248 1261 3315 librum
1283 3271 1373 3316 anno
1393 3255 1447 3316 18⁰
1461 3249 1553 3335 regis

235 3353 340 3420 losiae
363 3357 540 3442 repertum
562 3353 789 3442 pronuntiant
813 3352 922 3419 critici
944 3353 1048 3419 tuisse
1077 3361 1151 3422 tum
1183 3378 1302 3422 recens
1325 3356 1549 3436 tabricatum,

233 3459 416 3550 ipsumque
446 3482 517 3527 esse
550 3464 647 3526 Deut.
674 3457 934 3547 primigenium.
968 3459 1065 3525 Hier.
1094 3460 1297 3550 (comment.
1322 3462 1357 3529 in
1391 3467 1444 3529 Ea.
1477 3469 1549 3544 t,l;

233 3570 281 3634 Μ.
300 3566 416 3653 imit)
440 3572 473 3631 et
501 3565 621 3654 Gltrpr.
648 3564 698 3654 (in
723 3564 838 3632 Matth.
856 3564 951 3634 hom.
975 3572 1012 3644 9;
1031 3569 1079 3634 lt.
1104 3574 1246 3648 57,180
1276 3569 1345 3658 sq.)
1373 3569 1553 3637 declarant

233 3672 334 3737 tuisse
346 3674 443 3736 Decet.
462 3675 557 3737 Certe
571 3694 641 3737 non
657 3670 842 3739 censebant
856 3672 959 3737 tuisse
974 3676 1084 3739 totum
1101 3677 1385 3762 pentateuchum,
1403 3675 1464 3742 sed
1478 3697 1552 3743 rem

232 3779 274 3845 iis
295 3777 378 3844 loeis
402 3776 513 3843 obiter
532 3782 665 3843 tantum
684 3778 890 3864 attingentes
917 3800 988 3844 non
1005 3779 1190 3862 definiunt,
1212 3782 1361 3848 tueritne
1385 3782 1474 3849 liber
1491 3781 1552 3850 ille

135 3888 139 3893 ’
232 3890 389 3975 repertus
409 3888 520 3951 totum
533 3888 643 3965 Deut,
663 3906 709 3950 an
726 3907 806 3974 pars
818 3884 891 3951 eius
906 3884 1024 3974 aliqua
1040 3891 1186 3954 tantum.

279 3998 309 4057 t.
325 3996 406 4058 dcta
423 3991 529 4056 losiae
545 3995 732 4057 narrantur
747 3996 766 4056 t
780 3996 863 4077 Reg.
882 3997 925 4056 22
938 4015 989 4080 sq.
1008 3998 1040 4058 et
1057 3999 1077 4057 ⁸2
1097 3999 1172 4060 Par.
1190 4000 1232 4061 31
1253 4016 1303 4084 sq.
1320 3999 1383 4061 Nos
1399 3996 1551 4083 primum

231 4097 342 4185 ipsam
358 4098 590 4164 narrationem
610 4096 762 4162 brevitor
781 4097 1108 4179 commentabimur;
1124 4099 1206 4167 dein
1226 4122 1311 4191 quas
1330 4100 1423 4169 11661ί
1437 4107 1552 4192 partes

230 4202 290 4269 ille
312 4202 401 4269 liber
424 4209 577 4292 repertus
603 4202 780 4286 habuerit,
804 4202 1045 4293 disquiremus.
1069 4207 1165 4274 Brevi
1189 4209 1329 4298 synopsi
1350 4208 1552 4277 subiicimus

232 4309 409 4399 utriusque
425 4311 512 4376 sacri
526 4310 607 4377 libri
621 4309 869 4381 narrationem.
