<?xml version="1.0" encoding="UTF-8"?>
<!DOCTYPE html PUBLIC "-//W3C//DTD XHTML 1.0 Transitional//EN"
    "http://www.w3.org/TR/xhtml1/DTD/xhtml1-transitional.dtd">
<html xmlns="http://www.w3.org/1999/xhtml" xml:lang="en" lang="en">
 <head>
  <title>
</title>
<meta http-equiv="Content-Type" content="text/html;charset=utf-8" />
  <meta name='ocr-system' content='tesseract 3.04.00' />
  <meta name='ocr-capabilities' content='ocr_page ocr_carea ocr_par ocr_line ocrx_word'/>
</head>
<body>
  <div class='ocr_page' id='page_1' title='image "./commentariusind00hummgoog/commentariusind00hummgoog_0504.png"; bbox 0 0 3366 5346; ppageno 0'>
   <div class='ocr_carea' id='block_1_1' title="bbox 635 260 1441 355">
    <p class='ocr_par' dir='ltr' id='par_1_1' title="bbox 635 260 1441 355">
     <span class='ocr_line' id='line_1_1' title="bbox 635 260 1441 355; baseline -0.004 -12"><span class='ocrx_word' id='word_1_1' title='bbox 635 300 726 345; x_wconf 86' lang='lat' dir='ltr'><strong>narr.</strong></span> <span class='ocrx_word' id='word_1_2' title='bbox 749 283 841 355; x_wconf 74' lang='lat'><strong>28,65</strong></span> <span class='ocrx_word' id='word_1_3' title='bbox 864 298 929 350; x_wconf 90' lang='lat' dir='ltr'><strong>soo.</strong></span> <span class='ocrx_word' id='word_1_4' title='bbox 1226 260 1236 280; x_wconf 78' lang='lat'><em>⁰</em></span> <span class='ocrx_word' id='word_1_5' title='bbox 1385 283 1441 340; x_wconf 76' lang='lat' dir='ltr'><strong>ert</strong></span> 
     </span>
    </p>
   </div>
   <div class='ocr_carea' id='block_1_2' title="bbox 129 429 1450 2227">
    <p class='ocr_par' dir='ltr' id='par_1_2' title="bbox 129 429 1450 2227">
     <span class='ocr_line' id='line_1_2' title="bbox 131 429 1444 523; baseline -0.001 -25"><span class='ocrx_word' id='word_1_6' title='bbox 131 431 266 522; x_wconf 78' lang='lat' dir='ltr'><strong><em>requies</em></strong></span> <span class='ocrx_word' id='word_1_7' title='bbox 281 431 429 522; x_wconf 73' lang='lat' dir='ltr'><strong>nestipio</strong></span> <span class='ocrx_word' id='word_1_8' title='bbox 440 432 541 521; x_wconf 83' lang='lat' dir='ltr'><strong>perlis</strong></span> <span class='ocrx_word' id='word_1_9' title='bbox 556 433 609 501; x_wconf 86' lang='lat' dir='ltr'><strong>tui</strong></span> <span class='ocrx_word' id='word_1_10' title='bbox 624 461 658 516; x_wconf 75' lang='lat' dir='ltr'><strong>a,</strong></span> <span class='ocrx_word' id='word_1_11' title='bbox 676 454 780 523; x_wconf 90' lang='lat' dir='ltr'><strong>quam</strong></span> <span class='ocrx_word' id='word_1_12' title='bbox 796 432 949 520; x_wconf 84' lang='lat' dir='ltr'><strong>requiem</strong></span> <span class='ocrx_word' id='word_1_13' title='bbox 965 430 1066 497; x_wconf 89' lang='lat' dir='ltr'><strong>lsrael</strong></span> <span class='ocrx_word' id='word_1_14' title='bbox 1080 429 1209 519; x_wconf 89' lang='lat' dir='ltr'><strong>reperit</strong></span> <span class='ocrx_word' id='word_1_15' title='bbox 1224 429 1335 495; x_wconf 91' lang='lat' dir='ltr'><strong>solum</strong></span> <span class='ocrx_word' id='word_1_16' title='bbox 1352 430 1444 519; x_wconf 89' lang='lat' dir='ltr'><strong>apud</strong></span> 
     </span>
     <span class='ocr_line' id='line_1_3' title="bbox 129 535 1445 627; baseline -0.002 -22"><span class='ocrx_word' id='word_1_17' title='bbox 129 541 266 619; x_wconf 81' lang='lat' dir='ltr'><strong>labven3</strong></span> <span class='ocrx_word' id='word_1_18' title='bbox 300 567 316 599; x_wconf 81' lang='lat' dir='ltr'><strong>a</strong></span> <span class='ocrx_word' id='word_1_19' title='bbox 343 537 438 605; x_wconf 86' lang='lat' dir='ltr'><strong>dabit</strong></span> <span class='ocrx_word' id='word_1_20' title='bbox 459 538 551 606; x_wconf 88' lang='lat' dir='ltr'><strong>enim</strong></span> <span class='ocrx_word' id='word_1_21' title='bbox 575 539 637 606; x_wconf 89' lang='lat' dir='ltr'><strong>tibi</strong></span> <span class='ocrx_word' id='word_1_22' title='bbox 663 540 829 606; x_wconf 78' lang='lat' dir='ltr'><em>Dominus</em></span> <span class='ocrx_word' id='word_1_23' title='bbox 852 537 900 603; x_wconf 90' lang='lat' dir='ltr'><strong>ibi</strong></span> <span class='ocrx_word' id='word_1_24' title='bbox 920 559 976 604; x_wconf 84' lang='lat' dir='ltr'><strong>aar</strong></span> <span class='ocrx_word' id='word_1_25' title='bbox 988 535 1171 627; x_wconf 60' lang='lat' dir='ltr'><strong>parridum,</strong></span> <span class='ocrx_word' id='word_1_26' title='bbox 1197 549 1229 601; x_wconf 89' lang='lat' dir='ltr'><strong>et</strong></span> <span class='ocrx_word' id='word_1_27' title='bbox 1251 535 1445 625; x_wconf 76' lang='lat' dir='ltr'><strong>deficientes</strong></span> 
     </span>
     <span class='ocr_line' id='line_1_4' title="bbox 132 633 1446 736; baseline 0 -24"><span class='ocrx_word' id='word_1_28' title='bbox 132 646 257 732; x_wconf 73' lang='lat' dir='ltr'><strong>aetolos,</strong></span> <span class='ocrx_word' id='word_1_29' title='bbox 278 657 309 711; x_wconf 86' lang='lat' dir='ltr'><strong>ct</strong></span> <span class='ocrx_word' id='word_1_30' title='bbox 326 644 482 712; x_wconf 89' lang='lat' dir='ltr'><strong>animam</strong></span> <span class='ocrx_word' id='word_1_31' title='bbox 504 660 744 736; x_wconf 81' lang='lat' dir='ltr'><em>consumptam</em></span> <span class='ocrx_word' id='word_1_32' title='bbox 759 667 911 712; x_wconf 87' lang='lat' dir='ltr'><strong>moerore</strong></span> <span class='ocrx_word' id='word_1_33' title='bbox 933 673 963 709; x_wconf 89' lang='lat'><strong>».</strong></span> <span class='ocrx_word' id='word_1_34' title='bbox 992 633 1067 734; x_wconf 72' lang='lat' dir='ltr'><strong>pbr</strong></span> <span class='ocrx_word' id='word_1_35' title='bbox 1090 649 1123 710; x_wconf 91' lang='lat' dir='ltr'><strong>et</strong></span> <span class='ocrx_word' id='word_1_36' title='bbox 1143 657 1235 735; x_wconf 55' lang='lat' dir='ltr'><strong>strar</strong></span> <span class='ocrx_word' id='word_1_37' title='bbox 1256 646 1333 724; x_wconf 77' lang='grc' dir='ltr'>ἅπαξ</span> <span class='ocrx_word' id='word_1_38' title='bbox 1353 650 1446 732; x_wconf 68' lang='grc' dir='ltr'>λεγό-</span> 
     </span>
     <span class='ocr_line' id='line_1_5' title="bbox 133 749 1447 841; baseline -0.003 -20"><span class='ocrx_word' id='word_1_39' title='bbox 133 784 218 837; x_wconf 78' lang='grc' dir='ltr'><strong>μενα.</strong></span> <span class='ocrx_word' id='word_1_40' title='bbox 238 757 341 818; x_wconf 92' lang='lat' dir='ltr'><strong>Pavet</strong></span> <span class='ocrx_word' id='word_1_41' title='bbox 359 751 466 840; x_wconf 88' lang='lat' dir='ltr'><strong>igitur</strong></span> <span class='ocrx_word' id='word_1_42' title='bbox 481 775 552 836; x_wconf 94' lang='lat' dir='ltr'><strong>cor,</strong></span> <span class='ocrx_word' id='word_1_43' title='bbox 579 753 853 820; x_wconf 78' lang='lat' dir='ltr'>obtenebrantur</span> <span class='ocrx_word' id='word_1_44' title='bbox 873 749 1011 841; x_wconf 81' lang='lat' dir='ltr'><strong>(atala.</strong></span> <span class='ocrx_word' id='word_1_45' title='bbox 1028 750 1123 839; x_wconf 77' lang='lat' dir='ltr'><strong>Syr.)</strong></span> <span class='ocrx_word' id='word_1_46' title='bbox 1140 749 1243 832; x_wconf 90' lang='lat' dir='ltr'><strong>oculi,</strong></span> <span class='ocrx_word' id='word_1_47' title='bbox 1262 750 1377 817; x_wconf 87' lang='lat' dir='ltr'><strong>anima</strong></span> <span class='ocrx_word' id='word_1_48' title='bbox 1389 750 1447 817; x_wconf 93' lang='lat' dir='ltr'><strong>de-</strong></span> 
     </span>
     <span class='ocr_line' id='line_1_6' title="bbox 134 856 1446 948; baseline -0.002 -23"><span class='ocrx_word' id='word_1_49' title='bbox 134 859 203 925; x_wconf 83' lang='lat' dir='ltr'><strong>ficit</strong></span> <span class='ocrx_word' id='word_1_50' title='bbox 224 880 394 938; x_wconf 90' lang='lat' dir='ltr'><strong>moerore,</strong></span> <span class='ocrx_word' id='word_1_51' title='bbox 411 858 494 925; x_wconf 91' lang='lat' dir='ltr'><strong>hino</strong></span> <span class='ocrx_word' id='word_1_52' title='bbox 515 859 611 927; x_wconf 91' lang='lat' dir='ltr'><strong>nulla</strong></span> <span class='ocrx_word' id='word_1_53' title='bbox 635 860 784 928; x_wconf 87' lang='lat' dir='ltr'><strong>habetur</strong></span> <span class='ocrx_word' id='word_1_54' title='bbox 802 860 950 948; x_wconf 78' lang='lat' dir='ltr'><strong>requies,</strong></span> <span class='ocrx_word' id='word_1_55' title='bbox 972 856 1067 935; x_wconf 84' lang='lat' dir='ltr'><strong>Quod</strong></span> <span class='ocrx_word' id='word_1_56' title='bbox 1091 859 1282 924; x_wconf 79' lang='lat' dir='ltr'><strong>accuratius</strong></span> <span class='ocrx_word' id='word_1_57' title='bbox 1300 879 1446 946; x_wconf 90' lang='lat' dir='ltr'><strong>sequen·</strong></span> 
     </span>
     <span class='ocr_line' id='line_1_7' title="bbox 131 952 1446 1055; baseline -0.001 -24"><span class='ocrx_word' id='word_1_58' title='bbox 131 965 221 1031; x_wconf 88' lang='lat' dir='ltr'><strong>tibus</strong></span> <span class='ocrx_word' id='word_1_59' title='bbox 234 965 436 1055; x_wconf 85' lang='lat' dir='ltr'><strong>explicatur.</strong></span> <span class='ocrx_word' id='word_1_60' title='bbox 455 987 487 1031; x_wconf 91' lang='lat' dir='ltr'><strong>v.</strong></span> <span class='ocrx_word' id='word_1_61' title='bbox 511 972 554 1032; x_wconf 83' lang='grc'><strong>66</strong></span> <span class='ocrx_word' id='word_1_62' title='bbox 578 994 594 1025; x_wconf 76' lang='lat' dir='ltr'><strong>a</strong></span> <span class='ocrx_word' id='word_1_63' title='bbox 624 968 670 1032; x_wconf 82' lang='lat' dir='ltr'><strong>ta</strong></span> <span class='ocrx_word' id='word_1_64' title='bbox 697 968 761 1033; x_wconf 84' lang='lat' dir='ltr'><strong>erit</strong></span> <span class='ocrx_word' id='word_1_65' title='bbox 775 965 848 1032; x_wconf 88' lang='lat' dir='ltr'><strong>oita</strong></span> <span class='ocrx_word' id='word_1_66' title='bbox 874 978 933 1031; x_wconf 89' lang='lat' dir='ltr'><strong>tna</strong></span> <span class='ocrx_word' id='word_1_67' title='bbox 949 952 1072 1054; x_wconf 77' lang='lat' dir='ltr'><strong>[attasi]</strong></span> <span class='ocrx_word' id='word_1_68' title='bbox 1092 962 1246 1054; x_wconf 88' lang='lat' dir='ltr'><strong>pendens</strong></span> <span class='ocrx_word' id='word_1_69' title='bbox 1267 975 1346 1030; x_wconf 86' lang='lat' dir='ltr'><strong>anta</strong></span> <span class='ocrx_word' id='word_1_70' title='bbox 1363 976 1394 1030; x_wconf 90' lang='lat' dir='ltr'><strong>te</strong></span> <span class='ocrx_word' id='word_1_71' title='bbox 1415 992 1446 1045; x_wconf 88' lang='lat'><strong>»,</strong></span> 
     </span>
     <span class='ocr_line' id='line_1_8' title="bbox 132 1069 1447 1161; baseline 0.003 -29"><span class='ocrx_word' id='word_1_72' title='bbox 132 1100 147 1132; x_wconf 87' lang='lat'>«</span> <span class='ocrx_word' id='word_1_73' title='bbox 167 1094 185 1137; x_wconf 92' lang='lat' dir='ltr'><strong>e</strong></span> <span class='ocrx_word' id='word_1_74' title='bbox 201 1072 297 1138; x_wconf 87' lang='lat' dir='ltr'><strong>tenui</strong></span> <span class='ocrx_word' id='word_1_75' title='bbox 316 1071 424 1138; x_wconf 86' lang='lat' dir='ltr'><strong>veluti</strong></span> <span class='ocrx_word' id='word_1_76' title='bbox 442 1071 500 1137; x_wconf 89' lang='lat' dir='ltr'><strong>filo</strong></span> <span class='ocrx_word' id='word_1_77' title='bbox 526 1100 541 1133; x_wconf 77' lang='lat' dir='ltr'><strong>a</strong></span> <span class='ocrx_word' id='word_1_78' title='bbox 567 1072 648 1161; x_wconf 85' lang='lat' dir='ltr'><strong>(Cal</strong></span> <span class='ocrx_word' id='word_1_79' title='bbox 687 1073 729 1160; x_wconf 87' lang='lat'><strong>.);</strong></span> <span class='ocrx_word' id='word_1_80' title='bbox 750 1101 765 1133; x_wconf 76' lang='lat' dir='ltr'><strong>a</strong></span> <span class='ocrx_word' id='word_1_81' title='bbox 794 1071 927 1139; x_wconf 79' lang='lat' dir='ltr'><strong>timebis</strong></span> <span class='ocrx_word' id='word_1_82' title='bbox 945 1084 1044 1137; x_wconf 85' lang='lat' dir='ltr'><strong>nacte</strong></span> <span class='ocrx_word' id='word_1_83' title='bbox 1057 1081 1089 1137; x_wconf 87' lang='lat' dir='ltr'><strong>et</strong></span> <span class='ocrx_word' id='word_1_84' title='bbox 1108 1069 1175 1155; x_wconf 90' lang='lat' dir='ltr'><strong>die,</strong></span> <span class='ocrx_word' id='word_1_85' title='bbox 1198 1083 1231 1137; x_wconf 91' lang='lat' dir='ltr'><strong>et</strong></span> <span class='ocrx_word' id='word_1_86' title='bbox 1247 1092 1318 1136; x_wconf 91' lang='lat' dir='ltr'><strong>nan</strong></span> <span class='ocrx_word' id='word_1_87' title='bbox 1333 1069 1447 1136; x_wconf 85' lang='lat' dir='ltr'><strong>credes</strong></span> 
     </span>
     <span class='ocr_line' id='line_1_9' title="bbox 132 1176 1447 1266; baseline 0 -23"><span class='ocrx_word' id='word_1_88' title='bbox 132 1178 221 1244; x_wconf 81' lang='lat' dir='ltr'><strong>ritae</strong></span> <span class='ocrx_word' id='word_1_89' title='bbox 240 1189 319 1244; x_wconf 83' lang='lat' dir='ltr'><strong>tuae</strong></span> <span class='ocrx_word' id='word_1_90' title='bbox 335 1205 365 1245; x_wconf 76' lang='lat' dir='ltr'><strong>a.</strong></span> <span class='ocrx_word' id='word_1_91' title='bbox 380 1176 509 1245; x_wconf 89' lang='lat' dir='ltr'><strong>Eadem</strong></span> <span class='ocrx_word' id='word_1_92' title='bbox 530 1179 754 1246; x_wconf 88' lang='lat' dir='ltr'><strong>verbahabet</strong></span> <span class='ocrx_word' id='word_1_93' title='bbox 769 1178 947 1260; x_wconf 73' lang='lat' dir='ltr'><strong>robetae</strong></span> <span class='ocrx_word' id='word_1_94' title='bbox 963 1177 1005 1244; x_wconf 88' lang='lat' dir='ltr'><strong>de</strong></span> <span class='ocrx_word' id='word_1_95' title='bbox 1025 1176 1185 1263; x_wconf 80' lang='lat' dir='ltr'><strong>aegrotis,</strong></span> <span class='ocrx_word' id='word_1_96' title='bbox 1201 1176 1331 1266; x_wconf 27' lang='lat' dir='ltr'><strong>*quibus</strong></span> <span class='ocrx_word' id='word_1_97' title='bbox 1347 1176 1447 1244; x_wconf 90' lang='lat' dir='ltr'><strong>nulla</strong></span> 
     </span>
     <span class='ocr_line' id='line_1_10' title="bbox 133 1282 1450 1374; baseline -0.002 -24"><span class='ocrx_word' id='word_1_98' title='bbox 133 1292 181 1350; x_wconf 90' lang='lat' dir='ltr'><strong>est</strong></span> <span class='ocrx_word' id='word_1_99' title='bbox 200 1283 388 1351; x_wconf 79' lang='lat' dir='ltr'><strong>sanationis</strong></span> <span class='ocrx_word' id='word_1_100' title='bbox 405 1306 493 1374; x_wconf 82' lang='lat' dir='ltr'><strong>spes,</strong></span> <span class='ocrx_word' id='word_1_101' title='bbox 512 1307 545 1355; x_wconf 78' lang='lat' dir='ltr'><strong>v,</strong></span> <span class='ocrx_word' id='word_1_102' title='bbox 564 1291 606 1352; x_wconf 81' lang='lat' dir='ltr'><strong>st</strong></span> <span class='ocrx_word' id='word_1_103' title='bbox 626 1315 640 1346; x_wconf 79' lang='lat' dir='ltr'><strong>r</strong></span> <span class='ocrx_word' id='word_1_104' title='bbox 658 1287 761 1353; x_wconf 88' lang='lat' dir='ltr'><strong>Mane</strong></span> <span class='ocrx_word' id='word_1_105' title='bbox 780 1284 872 1352; x_wconf 88' lang='lat' dir='ltr'><strong>dices</strong></span> <span class='ocrx_word' id='word_1_106' title='bbox 894 1307 902 1354; x_wconf 91' lang='lat'>:</span> <span class='ocrx_word' id='word_1_107' title='bbox 922 1283 1006 1365; x_wconf 86' lang='lat' dir='ltr'><strong>Quis</strong></span> <span class='ocrx_word' id='word_1_108' title='bbox 1025 1282 1115 1350; x_wconf 84' lang='lat' dir='ltr'><strong>milri</strong></span> <span class='ocrx_word' id='word_1_109' title='bbox 1129 1282 1186 1356; x_wconf 88' lang='lat' dir='ltr'><strong>det</strong></span> <span class='ocrx_word' id='word_1_110' title='bbox 1200 1285 1400 1373; x_wconf 79' lang='lat' dir='ltr'><strong>vesperam?</strong></span> <span class='ocrx_word' id='word_1_111' title='bbox 1416 1296 1450 1349; x_wconf 90' lang='lat' dir='ltr'><strong>et</strong></span> 
     </span>
     <span class='ocr_line' id='line_1_11' title="bbox 132 1389 1448 1490; baseline 0.001 -34"><span class='ocrx_word' id='word_1_112' title='bbox 132 1412 265 1479; x_wconf 85' lang='lat' dir='ltr'><strong>vespere</strong></span> <span class='ocrx_word' id='word_1_113' title='bbox 283 1410 290 1458; x_wconf 92' lang='lat'>:</span> <span class='ocrx_word' id='word_1_114' title='bbox 311 1390 394 1476; x_wconf 81' lang='lat' dir='ltr'><strong>Quis</strong></span> <span class='ocrx_word' id='word_1_115' title='bbox 413 1390 500 1490; x_wconf 74' lang='lat' dir='ltr'><strong>milri</strong></span> <span class='ocrx_word' id='word_1_116' title='bbox 524 1391 581 1458; x_wconf 80' lang='lat' dir='ltr'><strong>tlet</strong></span> <span class='ocrx_word' id='word_1_117' title='bbox 605 1395 732 1459; x_wconf 82' lang='lat' dir='ltr'><strong>mane?</strong></span> <span class='ocrx_word' id='word_1_118' title='bbox 755 1404 894 1483; x_wconf 85' lang='lat' dir='ltr'><strong>propter</strong></span> <span class='ocrx_word' id='word_1_119' title='bbox 916 1389 1028 1457; x_wconf 85' lang='lat' dir='ltr'><strong>cordis</strong></span> <span class='ocrx_word' id='word_1_120' title='bbox 1053 1389 1105 1456; x_wconf 87' lang='lat' dir='ltr'><strong>tni</strong></span> <span class='ocrx_word' id='word_1_121' title='bbox 1120 1389 1360 1478; x_wconf 78' lang='lat' dir='ltr'><strong>sonnidinem,</strong></span> <span class='ocrx_word' id='word_1_122' title='bbox 1379 1413 1448 1480; x_wconf 81' lang='lat' dir='ltr'><strong>qua</strong></span> 
     </span>
     <span class='ocr_line' id='line_1_12' title="bbox 133 1495 1449 1588; baseline 0.001 -27"><span class='ocrx_word' id='word_1_123' title='bbox 133 1496 321 1576; x_wconf 86' lang='lat' dir='ltr'><strong>terreberis,</strong></span> <span class='ocrx_word' id='word_1_124' title='bbox 338 1509 370 1563; x_wconf 92' lang='lat' dir='ltr'><strong>et</strong></span> <span class='ocrx_word' id='word_1_125' title='bbox 381 1509 521 1587; x_wconf 83' lang='lat' dir='ltr'><strong>propter</strong></span> <span class='ocrx_word' id='word_1_126' title='bbox 539 1521 592 1583; x_wconf 92' lang='lat' dir='ltr'><strong>ea,</strong></span> <span class='ocrx_word' id='word_1_127' title='bbox 607 1521 696 1588; x_wconf 82' lang='lat' dir='ltr'><strong>qnae</strong></span> <span class='ocrx_word' id='word_1_128' title='bbox 709 1501 775 1566; x_wconf 89' lang='lat' dir='ltr'><strong>tais</strong></span> <span class='ocrx_word' id='word_1_129' title='bbox 791 1496 921 1565; x_wconf 88' lang='lat' dir='ltr'><strong>videbis</strong></span> <span class='ocrx_word' id='word_1_130' title='bbox 937 1496 1042 1564; x_wconf 83' lang='lat' dir='ltr'><strong>oettlis</strong></span> <span class='ocrx_word' id='word_1_131' title='bbox 1062 1524 1091 1564; x_wconf 76' lang='lat' dir='ltr'><strong>a.</strong></span> <span class='ocrx_word' id='word_1_132' title='bbox 1108 1518 1140 1563; x_wconf 86' lang='lat' dir='ltr'><strong>v.</strong></span> <span class='ocrx_word' id='word_1_133' title='bbox 1164 1502 1206 1563; x_wconf 89' lang='grc'><strong>68</strong></span> <span class='ocrx_word' id='word_1_134' title='bbox 1224 1525 1239 1557; x_wconf 94' lang='lat'>«</span> <span class='ocrx_word' id='word_1_135' title='bbox 1257 1495 1404 1564; x_wconf 85' lang='lat' dir='ltr'><strong>Hedacet</strong></span> <span class='ocrx_word' id='word_1_136' title='bbox 1418 1509 1449 1562; x_wconf 89' lang='lat' dir='ltr'><strong>te</strong></span> 
     </span>
     <span class='ocr_line' id='line_1_13' title="bbox 133 1601 1447 1696; baseline 0 -27"><span class='ocrx_word' id='word_1_137' title='bbox 133 1603 301 1670; x_wconf 80' lang='lat' dir='ltr'><strong>Dominus</strong></span> <span class='ocrx_word' id='word_1_138' title='bbox 320 1603 486 1671; x_wconf 84' lang='lat' dir='ltr'><strong>elassibus</strong></span> <span class='ocrx_word' id='word_1_139' title='bbox 501 1604 538 1671; x_wconf 90' lang='lat' dir='ltr'><strong>in</strong></span> <span class='ocrx_word' id='word_1_140' title='bbox 553 1608 749 1696; x_wconf 73' lang='lat' dir='ltr'><strong>Aeqyptam</strong></span> <span class='ocrx_word' id='word_1_141' title='bbox 765 1628 828 1695; x_wconf 84' lang='lat' dir='ltr'><strong>per</strong></span> <span class='ocrx_word' id='word_1_142' title='bbox 843 1606 945 1687; x_wconf 88' lang='lat' dir='ltr'><strong>eiam,</strong></span> <span class='ocrx_word' id='word_1_143' title='bbox 964 1603 1005 1670; x_wconf 89' lang='lat' dir='ltr'><strong>de</strong></span> <span class='ocrx_word' id='word_1_144' title='bbox 1023 1626 1092 1694; x_wconf 85' lang='lat' dir='ltr'><strong>qna</strong></span> <span class='ocrx_word' id='word_1_145' title='bbox 1107 1601 1198 1669; x_wconf 75' lang='lat' dir='ltr'><strong>aian</strong></span> <span class='ocrx_word' id='word_1_146' title='bbox 1216 1602 1290 1685; x_wconf 87' lang='lat' dir='ltr'><strong>tibi,</strong></span> <span class='ocrx_word' id='word_1_147' title='bbox 1316 1615 1447 1669; x_wconf 83' lang='lat' dir='ltr'><strong>aleam</strong></span> 
     </span>
     <span class='ocr_line' id='line_1_14' title="bbox 131 1709 1448 1798; baseline -0.001 -22"><span class='ocrx_word' id='word_1_148' title='bbox 131 1709 281 1798; x_wconf 82' lang='lat' dir='ltr'><strong>amplias</strong></span> <span class='ocrx_word' id='word_1_149' title='bbox 293 1732 363 1777; x_wconf 89' lang='lat' dir='ltr'><strong>non</strong></span> <span class='ocrx_word' id='word_1_150' title='bbox 375 1709 517 1779; x_wconf 81' lang='lat' dir='ltr'><strong>rideres.</strong></span> <span class='ocrx_word' id='word_1_151' title='bbox 534 1711 586 1778; x_wconf 91' lang='lat' dir='ltr'><strong>Ibi</strong></span> <span class='ocrx_word' id='word_1_152' title='bbox 599 1711 752 1780; x_wconf 85' lang='lat' dir='ltr'><strong>venderis</strong></span> <span class='ocrx_word' id='word_1_153' title='bbox 770 1711 921 1779; x_wconf 85' lang='lat' dir='ltr'><strong>inimicis</strong></span> <span class='ocrx_word' id='word_1_154' title='bbox 938 1711 1006 1777; x_wconf 85' lang='lat' dir='ltr'><strong>tais</strong></span> <span class='ocrx_word' id='word_1_155' title='bbox 1019 1710 1178 1777; x_wconf 83' lang='lat' dir='ltr'><strong>inserens</strong></span> <span class='ocrx_word' id='word_1_156' title='bbox 1191 1721 1224 1775; x_wconf 86' lang='lat' dir='ltr'><strong>et</strong></span> <span class='ocrx_word' id='word_1_157' title='bbox 1237 1709 1397 1794; x_wconf 77' lang='lat' dir='ltr'><strong>ancillas,</strong></span> <span class='ocrx_word' id='word_1_158' title='bbox 1416 1722 1448 1775; x_wconf 91' lang='lat' dir='ltr'><strong>et</strong></span> 
     </span>
     <span class='ocr_line' id='line_1_15' title="bbox 133 1816 1448 1910; baseline -0.002 -27"><span class='ocrx_word' id='word_1_159' title='bbox 133 1839 199 1883; x_wconf 90' lang='lat' dir='ltr'><strong>nan</strong></span> <span class='ocrx_word' id='word_1_160' title='bbox 217 1816 280 1882; x_wconf 84' lang='lat' dir='ltr'><strong>erit</strong></span> <span class='ocrx_word' id='word_1_161' title='bbox 296 1817 357 1906; x_wconf 80' lang='lat' dir='ltr'><strong>qui</strong></span> <span class='ocrx_word' id='word_1_162' title='bbox 369 1832 461 1885; x_wconf 87' lang='lat' dir='ltr'><strong>emat</strong></span> <span class='ocrx_word' id='word_1_163' title='bbox 481 1846 514 1898; x_wconf 87' lang='lat'><strong>›&gt;,</strong></span> <span class='ocrx_word' id='word_1_164' title='bbox 534 1818 673 1887; x_wconf 85' lang='lat' dir='ltr'><strong>difficile</strong></span> <span class='ocrx_word' id='word_1_165' title='bbox 689 1820 879 1910; x_wconf 86' lang='lat' dir='ltr'><strong>reperietur</strong></span> <span class='ocrx_word' id='word_1_166' title='bbox 894 1823 1039 1907; x_wconf 79' lang='lat' dir='ltr'><strong>emptor.</strong></span> <span class='ocrx_word' id='word_1_167' title='bbox 1064 1816 1127 1885; x_wconf 87' lang='lat' dir='ltr'><strong>Via</strong></span> <span class='ocrx_word' id='word_1_168' title='bbox 1142 1816 1215 1898; x_wconf 89' lang='lat' dir='ltr'><strong>illa,</strong></span> <span class='ocrx_word' id='word_1_169' title='bbox 1230 1839 1332 1884; x_wconf 90' lang='lat' dir='ltr'><strong>sensu</strong></span> <span class='ocrx_word' id='word_1_170' title='bbox 1347 1816 1448 1882; x_wconf 90' lang='lat' dir='ltr'><strong>obvio</strong></span> 
     </span>
     <span class='ocr_line' id='line_1_16' title="bbox 132 1921 1448 2012; baseline 0.001 -25"><span class='ocrx_word' id='word_1_171' title='bbox 132 1921 319 2005; x_wconf 89' lang='lat' dir='ltr'><strong>intellecta,</strong></span> <span class='ocrx_word' id='word_1_172' title='bbox 342 1930 390 1990; x_wconf 94' lang='lat' dir='ltr'><strong>est</strong></span> <span class='ocrx_word' id='word_1_173' title='bbox 412 1924 469 1991; x_wconf 87' lang='lat' dir='ltr'><strong>via</strong></span> <span class='ocrx_word' id='word_1_174' title='bbox 483 1923 623 2007; x_wconf 81' lang='lat' dir='ltr'><strong>deserti,</strong></span> <span class='ocrx_word' id='word_1_175' title='bbox 641 1948 713 2007; x_wconf 86' lang='lat' dir='ltr'><strong>non</strong></span> <span class='ocrx_word' id='word_1_176' title='bbox 727 1931 854 1993; x_wconf 88' lang='lat' dir='ltr'><strong>tractus</strong></span> <span class='ocrx_word' id='word_1_177' title='bbox 876 1923 990 1990; x_wconf 89' lang='lat' dir='ltr'><strong>maris.</strong></span> <span class='ocrx_word' id='word_1_178' title='bbox 1018 1938 1140 1996; x_wconf 66' lang='lat' dir='ltr'><strong>narrar,</strong></span> <span class='ocrx_word' id='word_1_179' title='bbox 1157 1927 1288 1988; x_wconf 86' lang='lat' dir='ltr'><strong>mutata</strong></span> <span class='ocrx_word' id='word_1_180' title='bbox 1305 1929 1448 2012; x_wconf 88' lang='lat' dir='ltr'><strong>puncta·</strong></span> 
     </span>
     <span class='ocr_line' id='line_1_17' title="bbox 132 2028 1449 2121; baseline -0.001 -27"><span class='ocrx_word' id='word_1_181' title='bbox 132 2028 237 2110; x_wconf 90' lang='lat' dir='ltr'><strong>tione,</strong></span> <span class='ocrx_word' id='word_1_182' title='bbox 254 2034 347 2096; x_wconf 91' lang='lat' dir='ltr'><strong>verte</strong></span> <span class='ocrx_word' id='word_1_183' title='bbox 369 2052 446 2096; x_wconf 86' lang='lat' dir='ltr'><strong>cnm</strong></span> <span class='ocrx_word' id='word_1_184' title='bbox 462 2029 705 2098; x_wconf 79' lang='lat' dir='ltr'><strong>lamentatione</strong></span> <span class='ocrx_word' id='word_1_185' title='bbox 730 2032 786 2121; x_wconf 83' lang='lat' dir='ltr'><strong>(of.</strong></span> <span class='ocrx_word' id='word_1_186' title='bbox 813 2037 855 2098; x_wconf 87' lang='lat' dir='ltr'><strong>is.</strong></span> <span class='ocrx_word' id='word_1_187' title='bbox 887 2035 984 2111; x_wconf 74' lang='lat'><strong>29,2;</strong></span> <span class='ocrx_word' id='word_1_188' title='bbox 1010 2030 1134 2096; x_wconf 86' lang='lat' dir='ltr'><strong>Thren.</strong></span> <span class='ocrx_word' id='word_1_189' title='bbox 1157 2028 1242 2117; x_wconf 55' lang='lat'>25).</span> <span class='ocrx_word' id='word_1_190' title='bbox 1269 2029 1347 2105; x_wconf 85' lang='lat' dir='ltr'><strong>Quis</strong></span> <span class='ocrx_word' id='word_1_191' title='bbox 1370 2051 1449 2118; x_wconf 91' lang='lat' dir='ltr'><strong>sup-</strong></span> 
     </span>
     <span class='ocr_line' id='line_1_18' title="bbox 133 2133 1445 2227; baseline 0.001 -28"><span class='ocrx_word' id='word_1_192' title='bbox 133 2135 346 2223; x_wconf 90' lang='lat' dir='ltr'><strong>peditaturus</strong></span> <span class='ocrx_word' id='word_1_193' title='bbox 361 2146 435 2203; x_wconf 90' lang='lat' dir='ltr'><strong>erat</strong></span> <span class='ocrx_word' id='word_1_194' title='bbox 450 2140 576 2204; x_wconf 83' lang='lat' dir='ltr'><strong>naves?</strong></span> <span class='ocrx_word' id='word_1_195' title='bbox 592 2143 681 2205; x_wconf 90' lang='lat' dir='ltr'><strong>Sane</strong></span> <span class='ocrx_word' id='word_1_196' title='bbox 701 2160 774 2204; x_wconf 91' lang='lat' dir='ltr'><strong>non</strong></span> <span class='ocrx_word' id='word_1_197' title='bbox 797 2136 858 2204; x_wconf 91' lang='lat' dir='ltr'><strong>alii</strong></span> <span class='ocrx_word' id='word_1_198' title='bbox 877 2158 982 2227; x_wconf 90' lang='lat' dir='ltr'><strong>quam</strong></span> <span class='ocrx_word' id='word_1_199' title='bbox 1007 2133 1192 2201; x_wconf 87' lang='lat' dir='ltr'><strong>Phoenices</strong></span> <span class='ocrx_word' id='word_1_200' title='bbox 1220 2154 1228 2200; x_wconf 76' lang='grc' dir='ltr'>ε</span> <span class='ocrx_word' id='word_1_201' title='bbox 1248 2134 1290 2200; x_wconf 88' lang='lat' dir='ltr'><strong>cf.</strong></span> <span class='ocrx_word' id='word_1_202' title='bbox 1313 2139 1366 2201; x_wconf 71' lang='grc' dir='ltr'><strong>ΕΖ.</strong></span> <span class='ocrx_word' id='word_1_203' title='bbox 1391 2141 1445 2216; x_wconf 76' lang='lat'><strong>27,</strong></span> 
     </span>
    </p>
   </div>
   <div class='ocr_carea' id='block_1_3' title="bbox 136 2240 1549 2325">
    <p class='ocr_par' dir='ltr' id='par_1_3' title="bbox 136 2240 1549 2325">
     <span class='ocr_line' id='line_1_19' title="bbox 136 2240 1549 2325; baseline 0.001 -19"><span class='ocrx_word' id='word_1_204' title='bbox 136 2247 193 2322; x_wconf 89' lang='lat'><strong>13;</strong></span> <span class='ocrx_word' id='word_1_205' title='bbox 215 2245 289 2307; x_wconf 78' lang='lat' dir='ltr'><strong>Am.</strong></span> <span class='ocrx_word' id='word_1_206' title='bbox 312 2249 384 2325; x_wconf 85' lang='lat'><strong>1,9;</strong></span> <span class='ocrx_word' id='word_1_207' title='bbox 410 2243 477 2310; x_wconf 91' lang='lat' dir='ltr'><strong>loel</strong></span> <span class='ocrx_word' id='word_1_208' title='bbox 495 2251 563 2323; x_wconf 87' lang='grc'>3,6.</span> <span class='ocrx_word' id='word_1_209' title='bbox 584 2249 709 2311; x_wconf 84' lang='lat' dir='ltr'><strong>Verum</strong></span> <span class='ocrx_word' id='word_1_210' title='bbox 728 2250 935 2310; x_wconf 87' lang='lat' dir='ltr'><strong>mercatores</strong></span> <span class='ocrx_word' id='word_1_211' title='bbox 951 2241 1004 2308; x_wconf 93' lang='lat' dir='ltr'><strong>illi</strong></span> <span class='ocrx_word' id='word_1_212' title='bbox 1019 2241 1146 2309; x_wconf 88' lang='lat' dir='ltr'><strong>versuti</strong></span> <span class='ocrx_word' id='word_1_213' title='bbox 1160 2263 1231 2308; x_wconf 94' lang='lat' dir='ltr'><strong>non</strong></span> <span class='ocrx_word' id='word_1_214' title='bbox 1246 2246 1344 2307; x_wconf 88' lang='lat' dir='ltr'><strong>erant</strong></span> <span class='ocrx_word' id='word_1_215' title='bbox 1357 2246 1448 2308; x_wconf 87' lang='lat' dir='ltr'><strong>ocrte</strong></span> <span class='ocrx_word' id='word_1_216' title='bbox 1546 2240 1549 2247; x_wconf 77' lang='grc'>’</span> 
     </span>
    </p>
   </div>
   <div class='ocr_carea' id='block_1_4' title="bbox 132 2347 1539 4007">
    <p class='ocr_par' dir='ltr' id='par_1_4' title="bbox 132 2347 1449 2542">
     <span class='ocr_line' id='line_1_20' title="bbox 132 2347 1449 2440; baseline 0.001 -28"><span class='ocrx_word' id='word_1_217' title='bbox 132 2347 168 2412; x_wconf 90' lang='lat' dir='ltr'><strong>in</strong></span> <span class='ocrx_word' id='word_1_218' title='bbox 191 2352 386 2437; x_wconf 83' lang='lat' dir='ltr'><strong>Aegyptum</strong></span> <span class='ocrx_word' id='word_1_219' title='bbox 411 2349 601 2418; x_wconf 86' lang='lat' dir='ltr'><strong>traducturi</strong></span> <span class='ocrx_word' id='word_1_220' title='bbox 622 2351 763 2437; x_wconf 82' lang='lat' dir='ltr'><strong>agmina</strong></span> <span class='ocrx_word' id='word_1_221' title='bbox 784 2351 1037 2440; x_wconf 79' lang='lat' dir='ltr'><strong>mancipiorum</strong></span> <span class='ocrx_word' id='word_1_222' title='bbox 1057 2347 1105 2414; x_wconf 90' lang='lat' dir='ltr'><strong>ita</strong></span> <span class='ocrx_word' id='word_1_223' title='bbox 1130 2347 1393 2432; x_wconf 88' lang='lat' dir='ltr'><strong>miserabilium,</strong></span> <span class='ocrx_word' id='word_1_224' title='bbox 1412 2352 1449 2413; x_wconf 91' lang='lat' dir='ltr'><strong>ut</strong></span> 
     </span>
     <span class='ocr_line' id='line_1_21' title="bbox 134 2454 643 2542; baseline 0.012 -26"><span class='ocrx_word' id='word_1_225' title='bbox 134 2454 347 2541; x_wconf 85' lang='lat' dir='ltr'><strong>emptoribus</strong></span> <span class='ocrx_word' id='word_1_226' title='bbox 361 2461 472 2542; x_wconf 87' lang='lat' dir='ltr'><strong>essent</strong></span> <span class='ocrx_word' id='word_1_227' title='bbox 487 2457 643 2522; x_wconf 89' lang='lat' dir='ltr'><strong>carituri.</strong></span> 
     </span>
    </p>

    <p class='ocr_par' dir='ltr' id='par_1_5' title="bbox 133 2559 1539 4007">
     <span class='ocr_line' id='line_1_22' title="bbox 179 2559 1448 2650; baseline 0.002 -27"><span class='ocrx_word' id='word_1_228' title='bbox 179 2559 245 2624; x_wconf 89' lang='lat' dir='ltr'><strong>Sed</strong></span> <span class='ocrx_word' id='word_1_229' title='bbox 266 2581 401 2626; x_wconf 90' lang='lat' dir='ltr'><strong>rursum</strong></span> <span class='ocrx_word' id='word_1_230' title='bbox 426 2584 553 2650; x_wconf 88' lang='lat' dir='ltr'><strong>quaero</strong></span> <span class='ocrx_word' id='word_1_231' title='bbox 580 2562 681 2650; x_wconf 89' lang='lat' dir='ltr'><strong>:quis</strong></span> <span class='ocrx_word' id='word_1_232' title='bbox 701 2563 872 2629; x_wconf 89' lang='lat' dir='ltr'><strong>Hebraeos</strong></span> <span class='ocrx_word' id='word_1_233' title='bbox 892 2561 1046 2650; x_wconf 86' lang='lat' dir='ltr'><strong>captivos</strong></span> <span class='ocrx_word' id='word_1_234' title='bbox 1063 2560 1229 2627; x_wconf 90' lang='lat' dir='ltr'><strong>ducturus</strong></span> <span class='ocrx_word' id='word_1_235' title='bbox 1243 2567 1317 2626; x_wconf 90' lang='lat' dir='ltr'><strong>erat</strong></span> <span class='ocrx_word' id='word_1_236' title='bbox 1335 2560 1373 2626; x_wconf 93' lang='lat' dir='ltr'><strong>in</strong></span> <span class='ocrx_word' id='word_1_237' title='bbox 1387 2565 1448 2626; x_wconf 77' lang='lat' dir='ltr'><strong>Ae·</strong></span> 
     </span>
     <span class='ocr_line' id='line_1_23' title="bbox 134 2665 1443 2755; baseline 0 -24"><span class='ocrx_word' id='word_1_238' title='bbox 134 2669 302 2752; x_wconf 84' lang='lat' dir='ltr'><strong>gyptum?</strong></span> <span class='ocrx_word' id='word_1_239' title='bbox 328 2670 422 2733; x_wconf 85' lang='lat' dir='ltr'><strong>Certe</strong></span> <span class='ocrx_word' id='word_1_240' title='bbox 448 2689 520 2733; x_wconf 91' lang='lat' dir='ltr'><strong>non</strong></span> <span class='ocrx_word' id='word_1_241' title='bbox 546 2669 671 2754; x_wconf 78' lang='lat' dir='ltr'><strong>Assyri.</strong></span> <span class='ocrx_word' id='word_1_242' title='bbox 700 2673 771 2735; x_wconf 89' lang='lat' dir='ltr'><strong>Non</strong></span> <span class='ocrx_word' id='word_1_243' title='bbox 795 2669 928 2755; x_wconf 85' lang='lat' dir='ltr'><strong>cogeris</strong></span> <span class='ocrx_word' id='word_1_244' title='bbox 959 2667 1149 2748; x_wconf 88' lang='lat' dir='ltr'><strong>affirmare,</strong></span> <span class='ocrx_word' id='word_1_245' title='bbox 1175 2665 1328 2755; x_wconf 89' lang='lat' dir='ltr'><strong>praedici</strong></span> <span class='ocrx_word' id='word_1_246' title='bbox 1358 2666 1393 2731; x_wconf 90' lang='lat' dir='ltr'><strong>h.</strong></span> <span class='ocrx_word' id='word_1_247' title='bbox 1420 2666 1443 2731; x_wconf 95' lang='lat' dir='ltr'><strong>l.</strong></span> 
     </span>
     <span class='ocr_line' id='line_1_24' title="bbox 135 2771 1449 2861; baseline 0.002 -26"><span class='ocrx_word' id='word_1_248' title='bbox 135 2792 241 2836; x_wconf 89' lang='lat' dir='ltr'><strong>unum</strong></span> <span class='ocrx_word' id='word_1_249' title='bbox 270 2771 408 2860; x_wconf 88' lang='lat' dir='ltr'><strong>aliquod</strong></span> <span class='ocrx_word' id='word_1_250' title='bbox 439 2773 704 2841; x_wconf 88' lang='lat' dir='ltr'><strong>determinatum</strong></span> <span class='ocrx_word' id='word_1_251' title='bbox 733 2775 861 2840; x_wconf 86' lang='lat' dir='ltr'><strong>factum</strong></span> <span class='ocrx_word' id='word_1_252' title='bbox 893 2773 1105 2840; x_wconf 85' lang='lat' dir='ltr'><strong>historicum.</strong></span> <span class='ocrx_word' id='word_1_253' title='bbox 1136 2773 1304 2861; x_wconf 91' lang='lat' dir='ltr'><strong>Propheta</strong></span> <span class='ocrx_word' id='word_1_254' title='bbox 1334 2777 1449 2838; x_wconf 88' lang='lat' dir='ltr'><strong>noster</strong></span> 
     </span>
     <span class='ocr_line' id='line_1_25' title="bbox 133 2875 1449 2969; baseline 0.002 -28"><span class='ocrx_word' id='word_1_255' title='bbox 133 2875 306 2944; x_wconf 87' lang='lat' dir='ltr'><strong>scribebat</strong></span> <span class='ocrx_word' id='word_1_256' title='bbox 330 2877 489 2966; x_wconf 90' lang='lat' dir='ltr'><strong>pluribus</strong></span> <span class='ocrx_word' id='word_1_257' title='bbox 505 2879 789 2965; x_wconf 82' lang='lat' dir='ltr'><strong>generationibus</strong></span> <span class='ocrx_word' id='word_1_258' title='bbox 808 2885 884 2969; x_wconf 89' lang='lat' dir='ltr'><strong>post</strong></span> <span class='ocrx_word' id='word_1_259' title='bbox 902 2885 1037 2969; x_wconf 90' lang='lat' dir='ltr'><strong>tempus</strong></span> <span class='ocrx_word' id='word_1_260' title='bbox 1061 2878 1191 2966; x_wconf 83' lang='lat' dir='ltr'><strong>Moysis,</strong></span> <span class='ocrx_word' id='word_1_261' title='bbox 1216 2900 1283 2966; x_wconf 89' lang='lat' dir='ltr'><strong>quo</strong></span> <span class='ocrx_word' id='word_1_262' title='bbox 1303 2877 1449 2944; x_wconf 84' lang='lat' dir='ltr'><strong>Hebraei</strong></span> 
     </span>
     <span class='ocr_line' id='line_1_26' title="bbox 133 2983 1447 3075; baseline 0.001 -25"><span class='ocrx_word' id='word_1_263' title='bbox 133 2983 241 3072; x_wconf 93' lang='lat' dir='ltr'><strong>aliqui</strong></span> <span class='ocrx_word' id='word_1_264' title='bbox 277 2983 424 3051; x_wconf 92' lang='lat' dir='ltr'><strong>reditum</strong></span> <span class='ocrx_word' id='word_1_265' title='bbox 448 2987 485 3050; x_wconf 92' lang='lat' dir='ltr'><strong>in</strong></span> <span class='ocrx_word' id='word_1_266' title='bbox 512 2991 705 3075; x_wconf 81' lang='lat' dir='ltr'><strong>Aegyptum</strong></span> <span class='ocrx_word' id='word_1_267' title='bbox 732 2985 968 3054; x_wconf 87' lang='lat' dir='ltr'><strong>desideravere</strong></span> <span class='ocrx_word' id='word_1_268' title='bbox 995 2991 1055 3052; x_wconf 90' lang='lat' dir='ltr'><strong>aut</strong></span> <span class='ocrx_word' id='word_1_269' title='bbox 1085 2984 1280 3052; x_wconf 88' lang='lat' dir='ltr'><strong>desiderare</strong></span> <span class='ocrx_word' id='word_1_270' title='bbox 1304 2988 1447 3074; x_wconf 89' lang='lat' dir='ltr'><strong>potuere</strong></span> 
     </span>
     <span class='ocr_line' id='line_1_27' title="bbox 135 3089 1446 3182; baseline 0.002 -28"><span class='ocrx_word' id='word_1_271' title='bbox 135 3090 192 3177; x_wconf 89' lang='lat' dir='ltr'><strong>(ol.</strong></span> <span class='ocrx_word' id='word_1_272' title='bbox 217 3089 261 3155; x_wconf 91' lang='lat' dir='ltr'><strong>ad</strong></span> <span class='ocrx_word' id='word_1_273' title='bbox 283 3091 410 3179; x_wconf 60' lang='lat' dir='ltr'><strong>tnta).</strong></span> <span class='ocrx_word' id='word_1_274' title='bbox 431 3091 510 3158; x_wconf 84' lang='lat' dir='ltr'><strong>Eius</strong></span> <span class='ocrx_word' id='word_1_275' title='bbox 524 3115 608 3159; x_wconf 90' lang='lat' dir='ltr'><strong>aevo</strong></span> <span class='ocrx_word' id='word_1_276' title='bbox 624 3115 826 3182; x_wconf 89' lang='lat' dir='ltr'><strong>persuasum</strong></span> <span class='ocrx_word' id='word_1_277' title='bbox 841 3091 1018 3159; x_wconf 87' lang='lat' dir='ltr'><strong>habebant</strong></span> <span class='ocrx_word' id='word_1_278' title='bbox 1037 3091 1182 3158; x_wconf 88' lang='lat' dir='ltr'><strong>Hebraei</strong></span> <span class='ocrx_word' id='word_1_279' title='bbox 1199 3113 1326 3170; x_wconf 86' lang='lat' dir='ltr'><strong>omnes,</strong></span> <span class='ocrx_word' id='word_1_280' title='bbox 1349 3112 1446 3157; x_wconf 92' lang='lat' dir='ltr'><strong>suam</strong></span> 
     </span>
     <span class='ocr_line' id='line_1_28' title="bbox 133 3196 1446 3288; baseline 0.002 -26"><span class='ocrx_word' id='word_1_281' title='bbox 133 3201 272 3282; x_wconf 88' lang='lat' dir='ltr'><strong>gentem</strong></span> <span class='ocrx_word' id='word_1_282' title='bbox 288 3196 384 3263; x_wconf 93' lang='lat' dir='ltr'><strong>nullo</strong></span> <span class='ocrx_word' id='word_1_283' title='bbox 399 3197 466 3265; x_wconf 89' lang='lat' dir='ltr'><strong>alio</strong></span> <span class='ocrx_word' id='word_1_284' title='bbox 482 3203 637 3288; x_wconf 86' lang='lat' dir='ltr'><strong>tempore</strong></span> <span class='ocrx_word' id='word_1_285' title='bbox 660 3201 870 3266; x_wconf 87' lang='lat' dir='ltr'><strong>miseriorem</strong></span> <span class='ocrx_word' id='word_1_286' title='bbox 889 3198 1001 3282; x_wconf 89' lang='lat' dir='ltr'><strong>fuisse,</strong></span> <span class='ocrx_word' id='word_1_287' title='bbox 1022 3219 1126 3287; x_wconf 92' lang='lat' dir='ltr'><strong>quam</strong></span> <span class='ocrx_word' id='word_1_288' title='bbox 1142 3196 1274 3265; x_wconf 86' lang='lat' dir='ltr'><strong>durnin</strong></span> <span class='ocrx_word' id='word_1_289' title='bbox 1290 3201 1446 3287; x_wconf 80' lang='lat' dir='ltr'><strong>Aegypto</strong></span> 
     </span>
     <span class='ocr_line' id='line_1_29' title="bbox 133 3303 1539 3395; baseline 0.001 -27"><span class='ocrx_word' id='word_1_290' title='bbox 133 3309 337 3370; x_wconf 89' lang='lat' dir='ltr'><strong>versaretur.</strong></span> <span class='ocrx_word' id='word_1_291' title='bbox 352 3309 440 3391; x_wconf 83' lang='lat' dir='ltr'><strong>Ergo</strong></span> <span class='ocrx_word' id='word_1_292' title='bbox 450 3328 480 3372; x_wconf 86' lang='lat' dir='ltr'><strong>V.</strong></span> <span class='ocrx_word' id='word_1_293' title='bbox 494 3312 536 3372; x_wconf 85' lang='lat'><strong>68</strong></span> <span class='ocrx_word' id='word_1_294' title='bbox 546 3306 718 3395; x_wconf 89' lang='lat' dir='ltr'><strong>propheta</strong></span> <span class='ocrx_word' id='word_1_295' title='bbox 728 3304 1055 3372; x_wconf 85' lang='lat' dir='ltr'><strong>extremamlsraelis</strong></span> <span class='ocrx_word' id='word_1_296' title='bbox 1067 3305 1239 3370; x_wconf 90' lang='lat' dir='ltr'><strong>miseriam</strong></span> <span class='ocrx_word' id='word_1_297' title='bbox 1253 3326 1321 3369; x_wconf 92' lang='lat' dir='ltr'><strong>non</strong></span> <span class='ocrx_word' id='word_1_298' title='bbox 1331 3303 1445 3392; x_wconf 85' lang='lat' dir='ltr'><strong>inopte</strong></span> <span class='ocrx_word' id='word_1_299' title='bbox 1536 3335 1539 3341; x_wconf 53' lang='lat'><strong><em>⁴</em></strong></span> 
     </span>
     <span class='ocr_line' id='line_1_30' title="bbox 135 3407 1447 3499; baseline 0 -27"><span class='ocrx_word' id='word_1_300' title='bbox 135 3408 293 3497; x_wconf 89' lang='lat' dir='ltr'><strong>depingit</strong></span> <span class='ocrx_word' id='word_1_301' title='bbox 315 3415 491 3499; x_wconf 85' lang='lat' dir='ltr'><strong>tamquam</strong></span> <span class='ocrx_word' id='word_1_302' title='bbox 511 3411 660 3477; x_wconf 89' lang='lat' dir='ltr'><strong>reditum</strong></span> <span class='ocrx_word' id='word_1_303' title='bbox 692 3413 728 3477; x_wconf 93' lang='lat' dir='ltr'><strong>in</strong></span> <span class='ocrx_word' id='word_1_304' title='bbox 748 3417 941 3499; x_wconf 75' lang='lat' dir='ltr'><strong>Aegyptum</strong></span> <span class='ocrx_word' id='word_1_305' title='bbox 964 3432 971 3475; x_wconf 91' lang='lat'>:</span> <span class='ocrx_word' id='word_1_306' title='bbox 994 3410 1159 3475; x_wconf 88' lang='lat' dir='ltr'><strong>relabitur</strong></span> <span class='ocrx_word' id='word_1_307' title='bbox 1174 3409 1276 3474; x_wconf 91' lang='lat' dir='ltr'><strong>lsrael</strong></span> <span class='ocrx_word' id='word_1_308' title='bbox 1297 3409 1340 3472; x_wconf 91' lang='lat' dir='ltr'><strong>ad</strong></span> <span class='ocrx_word' id='word_1_309' title='bbox 1359 3407 1447 3473; x_wconf 91' lang='lat' dir='ltr'><strong>illud</strong></span> 
     </span>
     <span class='ocr_line' id='line_1_31' title="bbox 135 3513 1447 3603; baseline 0.001 -26"><span class='ocrx_word' id='word_1_310' title='bbox 135 3521 313 3601; x_wconf 89' lang='lat' dir='ltr'><strong>punctum,</strong></span> <span class='ocrx_word' id='word_1_311' title='bbox 336 3514 427 3581; x_wconf 93' lang='lat' dir='ltr'><strong>unde</strong></span> <span class='ocrx_word' id='word_1_312' title='bbox 450 3522 519 3581; x_wconf 90' lang='lat' dir='ltr'><strong>tam</strong></span> <span class='ocrx_word' id='word_1_313' title='bbox 535 3517 683 3602; x_wconf 85' lang='lat' dir='ltr'><strong>gloriose</strong></span> <span class='ocrx_word' id='word_1_314' title='bbox 706 3540 726 3582; x_wconf 91' lang='lat' dir='ltr'><strong>a</strong></span> <span class='ocrx_word' id='word_1_315' title='bbox 749 3522 858 3603; x_wconf 74' lang='lat' dir='ltr'><strong>Moyse</strong></span> <span class='ocrx_word' id='word_1_316' title='bbox 876 3517 990 3581; x_wconf 86' lang='lat' dir='ltr'><strong>luerat</strong></span> <span class='ocrx_word' id='word_1_317' title='bbox 1011 3520 1165 3602; x_wconf 88' lang='lat' dir='ltr'><strong>ereptus;</strong></span> <span class='ocrx_word' id='word_1_318' title='bbox 1181 3515 1250 3579; x_wconf 92' lang='lat' dir='ltr'><strong>imo</strong></span> <span class='ocrx_word' id='word_1_319' title='bbox 1268 3513 1447 3580; x_wconf 87' lang='lat' dir='ltr'><strong>miserabi-</strong></span> 
     </span>
     <span class='ocr_line' id='line_1_32' title="bbox 133 3618 1447 3711; baseline 0.001 -28"><span class='ocrx_word' id='word_1_320' title='bbox 133 3618 200 3683; x_wconf 89' lang='lat' dir='ltr'><strong>lior</strong></span> <span class='ocrx_word' id='word_1_321' title='bbox 224 3624 274 3685; x_wconf 89' lang='lat' dir='ltr'><strong>ost</strong></span> <span class='ocrx_word' id='word_1_322' title='bbox 294 3620 425 3687; x_wconf 85' lang='lat' dir='ltr'><strong>Israelis</strong></span> <span class='ocrx_word' id='word_1_323' title='bbox 439 3621 604 3689; x_wconf 88' lang='lat' dir='ltr'><strong>conditio.</strong></span> <span class='ocrx_word' id='word_1_324' title='bbox 629 3622 788 3711; x_wconf 78' lang='lat' dir='ltr'><strong>Aegyptii</strong></span> <span class='ocrx_word' id='word_1_325' title='bbox 805 3622 924 3708; x_wconf 76' lang='lat' dir='ltr'><strong>Moysis</strong></span> <span class='ocrx_word' id='word_1_326' title='bbox 941 3620 1103 3709; x_wconf 87' lang='lat' dir='ltr'><strong>aequales</strong></span> <span class='ocrx_word' id='word_1_327' title='bbox 1116 3619 1196 3686; x_wconf 88' lang='lat' dir='ltr'><strong>totis</strong></span> <span class='ocrx_word' id='word_1_328' title='bbox 1214 3619 1345 3687; x_wconf 89' lang='lat' dir='ltr'><strong>viribus</strong></span> <span class='ocrx_word' id='word_1_329' title='bbox 1359 3620 1447 3685; x_wconf 88' lang='lat' dir='ltr'><strong>nite-</strong></span> 
     </span>
     <span class='ocr_line' id='line_1_33' title="bbox 135 3723 1448 3816; baseline 0.004 -28"><span class='ocrx_word' id='word_1_330' title='bbox 135 3723 264 3792; x_wconf 91' lang='lat' dir='ltr'><strong>bantur</strong></span> <span class='ocrx_word' id='word_1_331' title='bbox 283 3726 451 3794; x_wconf 89' lang='lat' dir='ltr'><strong>Hebraeos</strong></span> <span class='ocrx_word' id='word_1_332' title='bbox 471 3728 618 3794; x_wconf 88' lang='lat' dir='ltr'><strong>retinere</strong></span> <span class='ocrx_word' id='word_1_333' title='bbox 642 3749 771 3807; x_wconf 85' lang='lat' dir='ltr'><strong>servos;</strong></span> <span class='ocrx_word' id='word_1_334' title='bbox 794 3728 937 3794; x_wconf 87' lang='lat' dir='ltr'><strong>Hebraei</strong></span> <span class='ocrx_word' id='word_1_335' title='bbox 956 3725 1171 3816; x_wconf 64' lang='lat' dir='ltr'><strong>posteriores</strong></span> <span class='ocrx_word' id='word_1_336' title='bbox 1194 3725 1318 3792; x_wconf 91' lang='lat' dir='ltr'><strong>divinis</strong></span> <span class='ocrx_word' id='word_1_337' title='bbox 1344 3727 1448 3793; x_wconf 90' lang='lat' dir='ltr'><strong>male·</strong></span> 
     </span>
     <span class='ocr_line' id='line_1_34' title="bbox 135 3829 1447 3923; baseline 0.002 -29"><span class='ocrx_word' id='word_1_338' title='bbox 135 3829 343 3898; x_wconf 90' lang='lat' dir='ltr'><strong>dictionibus</strong></span> <span class='ocrx_word' id='word_1_339' title='bbox 361 3832 397 3898; x_wconf 92' lang='lat' dir='ltr'><strong>in</strong></span> <span class='ocrx_word' id='word_1_340' title='bbox 416 3838 611 3923; x_wconf 77' lang='lat' dir='ltr'><strong>Aegyptum</strong></span> <span class='ocrx_word' id='word_1_341' title='bbox 635 3835 713 3918; x_wconf 88' lang='lat' dir='ltr'><strong>acti,</strong></span> <span class='ocrx_word' id='word_1_342' title='bbox 738 3833 783 3901; x_wconf 90' lang='lat' dir='ltr'><strong>ab</strong></span> <span class='ocrx_word' id='word_1_343' title='bbox 808 3833 983 3922; x_wconf 80' lang='lat' dir='ltr'><strong>Aegyptiis</strong></span> <span class='ocrx_word' id='word_1_344' title='bbox 1002 3831 1109 3920; x_wconf 91' lang='lat' dir='ltr'><strong>inepti</strong></span> <span class='ocrx_word' id='word_1_345' title='bbox 1133 3832 1364 3916; x_wconf 84' lang='lat' dir='ltr'><strong>habebuntur,</strong></span> <span class='ocrx_word' id='word_1_346' title='bbox 1388 3833 1447 3920; x_wconf 92' lang='lat' dir='ltr'><strong>qui</strong></span> 
     </span>
     <span class='ocr_line' id='line_1_35' title="bbox 135 3937 410 4007; baseline 0.018 -6"><span class='ocrx_word' id='word_1_347' title='bbox 135 3937 223 4002; x_wconf 89' lang='lat' dir='ltr'><strong>servi</strong></span> <span class='ocrx_word' id='word_1_348' title='bbox 242 3943 410 4007; x_wconf 87' lang='lat' dir='ltr'><strong>emantur.</strong></span> 
     </span>
    </p>
   </div>
   <div class='ocr_carea' id='block_1_5' title="bbox 576 4188 1003 4250">
    <p class='ocr_par' dir='ltr' id='par_1_6' title="bbox 576 4188 1003 4250">
     <span class='ocr_line' id='line_1_36' title="bbox 576 4188 1003 4250; baseline -0.007 -14"><span class='ocrx_word' id='word_1_349' title='bbox 576 4190 730 4250; x_wconf 82' lang='lat' dir='ltr'><strong>Subscriptio</strong></span> <span class='ocrx_word' id='word_1_350' title='bbox 744 4190 819 4236; x_wconf 84' lang='lat' dir='ltr'><strong>Dent.</strong></span> <span class='ocrx_word' id='word_1_351' title='bbox 836 4192 887 4249; x_wconf 68' lang='lat' dir='ltr'><strong>‘tat</strong></span> <span class='ocrx_word' id='word_1_352' title='bbox 898 4188 1003 4250; x_wconf 70' lang='lat' dir='ltr'><strong>(assa).</strong></span> 
     </span>
    </p>
   </div>
   <div class='ocr_carea' id='block_1_6' title="bbox 137 4353 1449 4766">
    <p class='ocr_par' dir='ltr' id='par_1_7' title="bbox 137 4353 1449 4766">
     <span class='ocr_line' id='line_1_37' title="bbox 184 4353 1449 4448; baseline -0.005 -23"><span class='ocrx_word' id='word_1_353' title='bbox 184 4360 266 4448; x_wconf 86' lang='lat' dir='ltr'><strong>Cap.</strong></span> <span class='ocrx_word' id='word_1_354' title='bbox 282 4360 394 4424; x_wconf 82' lang='lat' dir='ltr'><em>XXIX</em></span> <span class='ocrx_word' id='word_1_355' title='bbox 406 4380 437 4425; x_wconf 90' lang='lat' dir='ltr'><strong>v.</strong></span> <span class='ocrx_word' id='word_1_356' title='bbox 452 4363 468 4422; x_wconf 89' lang='lat'>1</span> <span class='ocrx_word' id='word_1_357' title='bbox 482 4386 497 4419; x_wconf 81' lang='lat' dir='ltr'><strong>a</strong></span> <span class='ocrx_word' id='word_1_358' title='bbox 510 4360 688 4424; x_wconf 83' lang='lat' dir='ltr'><strong>Haecstmt</strong></span> <span class='ocrx_word' id='word_1_359' title='bbox 702 4359 800 4424; x_wconf 84' lang='lat' dir='ltr'><strong>verba</strong></span> <span class='ocrx_word' id='word_1_360' title='bbox 810 4355 974 4447; x_wconf 77' lang='lat' dir='ltr'><strong>faederis,</strong></span> <span class='ocrx_word' id='word_1_361' title='bbox 989 4353 1268 4445; x_wconf 81' lang='lat' dir='ltr'><strong>quodpraecepit</strong></span> <span class='ocrx_word' id='word_1_362' title='bbox 1281 4353 1449 4420; x_wconf 84' lang='lat' dir='ltr'><strong>Dominus</strong></span> 
     </span>
     <span class='ocr_line' id='line_1_38' title="bbox 137 4459 1444 4554; baseline -0.003 -26"><span class='ocrx_word' id='word_1_363' title='bbox 137 4464 249 4552; x_wconf 70' lang='lat' dir='ltr'><strong>blansi</strong></span> <span class='ocrx_word' id='word_1_364' title='bbox 262 4477 301 4529; x_wconf 86' lang='lat' dir='ltr'><strong>nt</strong></span> <span class='ocrx_word' id='word_1_365' title='bbox 311 4464 435 4550; x_wconf 78' lang='lat' dir='ltr'><strong>feriret</strong></span> <span class='ocrx_word' id='word_1_366' title='bbox 449 4487 526 4530; x_wconf 83' lang='lat' dir='ltr'><strong>cnrn</strong></span> <span class='ocrx_word' id='word_1_367' title='bbox 539 4464 625 4554; x_wconf 79' lang='lat' dir='ltr'><strong>fili-is</strong></span> <span class='ocrx_word' id='word_1_368' title='bbox 639 4463 747 4530; x_wconf 85' lang='lat' dir='ltr'><strong>lsrael</strong></span> <span class='ocrx_word' id='word_1_369' title='bbox 763 4463 800 4529; x_wconf 88' lang='lat' dir='ltr'><strong>in</strong></span> <span class='ocrx_word' id='word_1_370' title='bbox 817 4475 907 4530; x_wconf 85' lang='lat' dir='ltr'><strong>terra</strong></span> <span class='ocrx_word' id='word_1_371' title='bbox 923 4464 1035 4542; x_wconf 87' lang='lat' dir='ltr'><strong>Moab,</strong></span> <span class='ocrx_word' id='word_1_372' title='bbox 1049 4473 1186 4551; x_wconf 84' lang='lat' dir='ltr'><strong>praeter</strong></span> <span class='ocrx_word' id='word_1_373' title='bbox 1202 4459 1293 4527; x_wconf 83' lang='lat' dir='ltr'><strong>illud</strong></span> <span class='ocrx_word' id='word_1_374' title='bbox 1305 4459 1444 4550; x_wconf 77' lang='lat' dir='ltr'><strong>foedus,</strong></span> 
     </span>
     <span class='ocr_line' id='line_1_39' title="bbox 138 4568 1448 4662; baseline -0.002 -28"><span class='ocrx_word' id='word_1_375' title='bbox 138 4569 233 4658; x_wconf 82' lang='lat' dir='ltr'><strong>qnod</strong></span> <span class='ocrx_word' id='word_1_376' title='bbox 258 4593 335 4636; x_wconf 89' lang='lat' dir='ltr'><strong>cam</strong></span> <span class='ocrx_word' id='word_1_377' title='bbox 359 4571 406 4637; x_wconf 85' lang='lat' dir='ltr'><strong>eis</strong></span> <span class='ocrx_word' id='word_1_378' title='bbox 427 4571 564 4662; x_wconf 74' lang='lat' dir='ltr'><strong>pepiqit</strong></span> <span class='ocrx_word' id='word_1_379' title='bbox 589 4571 626 4636; x_wconf 86' lang='lat' dir='ltr'><strong>in</strong></span> <span class='ocrx_word' id='word_1_380' title='bbox 652 4572 762 4637; x_wconf 88' lang='lat' dir='ltr'><strong>Horeb</strong></span> <span class='ocrx_word' id='word_1_381' title='bbox 789 4596 819 4635; x_wconf 77' lang='lat' dir='ltr'><strong>a.</strong></span> <span class='ocrx_word' id='word_1_382' title='bbox 846 4571 992 4636; x_wconf 79' lang='lat' dir='ltr'><strong>Omnino</strong></span> <span class='ocrx_word' id='word_1_383' title='bbox 1020 4568 1287 4658; x_wconf 87' lang='lat' dir='ltr'><strong>correspondent</strong></span> <span class='ocrx_word' id='word_1_384' title='bbox 1306 4568 1395 4632; x_wconf 88' lang='lat' dir='ltr'><strong>inter</strong></span> <span class='ocrx_word' id='word_1_385' title='bbox 1414 4587 1448 4631; x_wconf 90' lang='lat' dir='ltr'><strong>se</strong></span> 
     </span>
     <span class='ocr_line' id='line_1_40' title="bbox 139 4672 1446 4766; baseline -0.002 -24"><span class='ocrx_word' id='word_1_386' title='bbox 139 4677 368 4766; x_wconf 84' lang='lat' dir='ltr'><strong>expressiones</strong></span> <span class='ocrx_word' id='word_1_387' title='bbox 391 4678 517 4766; x_wconf 76' lang='lat' dir='ltr'><strong>foedas</strong></span> <span class='ocrx_word' id='word_1_388' title='bbox 536 4677 645 4765; x_wconf 85' lang='lat' dir='ltr'><strong>ferire</strong></span> <span class='ocrx_word' id='word_1_389' title='bbox 667 4677 702 4743; x_wconf 91' lang='lat' dir='ltr'><strong>in</strong></span> <span class='ocrx_word' id='word_1_390' title='bbox 723 4689 813 4744; x_wconf 83' lang='lat' dir='ltr'><strong>terra</strong></span> <span class='ocrx_word' id='word_1_391' title='bbox 832 4679 933 4744; x_wconf 81' lang='lat' dir='ltr'><strong>bloab</strong></span> <span class='ocrx_word' id='word_1_392' title='bbox 956 4683 989 4744; x_wconf 91' lang='lat' dir='ltr'><strong>et</strong></span> <span class='ocrx_word' id='word_1_393' title='bbox 1009 4674 1135 4762; x_wconf 78' lang='lat' dir='ltr'><strong>[aedeis</strong></span> <span class='ocrx_word' id='word_1_394' title='bbox 1146 4673 1255 4763; x_wconf 81' lang='lat' dir='ltr'><strong>ferire</strong></span> <span class='ocrx_word' id='word_1_395' title='bbox 1271 4672 1307 4736; x_wconf 88' lang='lat' dir='ltr'><strong>in</strong></span> <span class='ocrx_word' id='word_1_396' title='bbox 1324 4674 1446 4739; x_wconf 86' lang='lat' dir='ltr'><strong>Horeb.</strong></span> 
     </span>
    </p>
   </div>
   <div class='ocr_carea' id='block_1_7' title="bbox 0 0 1692 5346">
    <p class='ocr_par' dir='ltr' id='par_1_8' title="bbox 0 0 1692 5346">
     <span class='ocr_line' id='line_1_41' title="bbox 0 0 1692 5346; baseline 0 0"><span class='ocrx_word' id='word_1_397' title='bbox 0 0 1692 5346; x_wconf 95' lang='lat' dir='ltr'><strong> </strong></span> 
     </span>
    </p>
   </div>
  </div>
 </body>
</html>
