3366 5346
615 276 798 336 cousraarus
820 276 1057 320 nauruaosoun.
1456 262 1495 320 23

227 416 257 477 t.
287 410 461 478 Canticum
490 411 653 477 recitatur
678 415 773 477 Deut.
804 414 958 489 32,1-t3.
989 410 1143 498 Explicat
1170 415 1285 478 autem
1321 411 1494 478 cauticum

182 516 305 584 latrone
319 516 436 606 qaroad
450 516 608 585 Israelem
627 516 871 585 oeconomiam.
892 515 1059 605 Populum
1081 516 1216 583 fidelem
1232 515 1423 584 cumulabit
1438 517 1496 585 be·

181 623 451 704 nedictionibus3
469 623 644 690 infidelem
659 622 922 704 visitabitia'me,
940 628 1034 712 peste
1045 623 1265 712 hostiumque
1282 623 1496 713 mancipabit

180 730 351 820 potestati.
370 730 436 798 sed
448 752 562 820 neque
578 730 639 797 hos
658 731 833 818 permittet
849 729 938 796 ultra
953 729 1095 796 modum
1110 732 1147 796 in
1162 731 1330 820 populum
1350 730 1493 812 saevire,
1553 720 1557 726 ¹

181 859 224 903 ue
250 839 319 905 suis
340 836 477 904 tandem
502 836 634 903 viribus
656 858 768 925 neque
788 836 913 904 lahvaa
938 835 1175 926 providentiae
1191 859 1291 904 suum
1308 836 1497 903 attribuant

181 942 413 1034 triumphum;
435 965 539 1033 seque
564 943 734 1033 populum
762 942 805 1009 de
831 942 990 1008 manibus
1016 941 1234 1009 inimicorum
1258 943 1399 1010 tandem
1426 964 1496 1008 osse

181 1048 408 1117 liberaturum
420 1049 566 1116 solemni
580 1050 772 1116 aeramento
788 1049 979 1114 confirmat.

226 1164 258 1224 5.
276 1161 482 1247 Supremam
498 1161 623 1244 Moyses
635 1155 805 1222 Hebraeos
818 1161 934 1221 mouet
947 1153 990 1221 de
1005 1154 1244 1222 observatione
1253 1154 1495 1222 mandatorum

181 1267 276 1331 Daui.
295 1268 472 1343 {wal-ll.

227 1376 258 1436 a.
286 1370 467 1458 Eloquium
493 1368 652 1434 divinum
678 1371 773 1433 lteut.
800 1372 963 1449 sats-52
985 1389 993 1436 :
1018 1367 1121 1434 lahve
1145 1373 1277 1456 Moysen
1299 1367 1394 1434 iubet
1417 1388 1497 1432 cou-

182 1475 343 1543 scendere
356 1481 506 1542 moutam
522 1474 678 1558 Abarim,
696 1479 734 1540 ut
747 1472 798 1539 ibi
812 1473 991 1541 moriatur.

227 1590 258 1649 7.
282 1586 409 1668 Moyses
429 1581 687 1648 benedictiones
707 1579 750 1646 ad
773 1580 928 1666 singulas
948 1580 1059 1648 tribus
1080 1581 1301 1671 proloquitur
1319 1585 1415 1648 Dent.
1439 1585 1493 1648 33.

226 1694 259 1756 8.
276 1689 394 1776 Moysis
411 1709 519 1770 mors,
538 1687 731 1778 sepultura,
749 1689 941 1754 encomium
958 1691 1054 1754 Dent.
1073 1694 1126 1755 st.

446 1933 479 1994 3.
501 1926 755 1994 Collectaaeum
771 1926 887 2016 leqam
902 1930 1001 1993 Dent.
1021 1933 1231 2008 tut-asna.

229 2128 259 2189 1.
283 2125 334 2188 Ad
356 2119 630 2210 perspiciendam
649 2119 752 2187 totius
770 2124 865 2188 Dent.
890 2121 1031 2210 eiusque
1046 2122 1196 2210 partium
1219 2126 1373 2188 mutuam
1395 2121 1497 2188 ratioss

183 2249 263 2295 nem
282 2227 369 2294 tanti
389 2227 621 2293 momentiest
641 2228 813 2316 quaestio,
831 2247 936 2315 quam
954 2248 1046 2293 uuna
1060 2225 1311 2294 discutiendam
1332 2225 1496 2313 aggredi·

183 2355 273 2418 mur,
294 2338 332 2399 ut
350 2355 390 2399 ea
409 2333 550 2399 omuino
568 2332 604 2399 iu
624 2332 699 2422 ipsa
724 2332 979 2401 lutroduetione
999 2333 1098 2400 uobis
1117 2334 1161 2400 sit
1179 2333 1410 2423 expedienda.
1434 2338 1496 2402 lte·

184 2440 350 2508 cautiores
376 2461 422 2507 sc.
446 2439 518 2506 iere
539 2461 608 2506 uuo
632 2461 690 2505 ore
716 2444 881 2523 statuere,
907 2440 1158 2508 collectaneum
1185 2462 1258 2507 esse
1277 2441 1381 2507 totius
1399 2444 1494 2507 Dent.

183 2551 318 2637 partem
336 2534 563 2636 potissimam,
580 2568 619 2611 ac
634 2544 740 2611 veluti
759 2545 923 2627 nucleum⁴
939 2552 973 2612 et
992 2552 1166 2629 centrum;
1184 2546 1279 2633 leges
1298 2552 1496 2628 rutnans

183 2655 272 2744 ipsas
294 2652 370 2719 illas
391 2674 462 2719 esse
476 2651 587 2738 leges,
609 2673 757 2741 quarum
777 2651 970 2719 observatio
992 2674 1069 2740 cap.
1095 2658 1170 2718 1-11
1198 2654 1321 2718 coactis
1342 2651 1497 2741 undique

184 2757 411 2845 argumentis,
426 2781 500 2847 cap.
519 2763 561 2824 28
576 2779 651 2846 sqq.
668 2757 810 2847 prolatis
830 2757 1115 2847 promissionibus
1127 2763 1162 2824 et
1179 2757 1280 2823 minis
1292 2757 1494 2825 inculcetur.

184 2871 282 2949 Tota,
305 2887 409 2954 quam
434 2863 640 2932 recentiores
662 2870 816 2944 movent,
842 2864 885 2930 dc
907 2864 984 2930 stilo
1008 2863 1288 2931 deuteronomico
1312 2862 1496 2952 disputatio

184 2973 304 3040 nititur
330 2971 522 3061 supposito,
553 2970 800 3037 collectaneum
832 2969 955 3036 intime
984 2969 1076 3037 necti
1112 2975 1184 3037 tam
1212 2969 1497 3059 praecedentibus

184 3068 287 3168 quam
305 3077 541 3168 sequentibus,
560 3083 661 3166 atque
677 3077 758 3143 hinc
778 3097 887 3143 unum
906 3076 1125 3167 eundemque
1145 3077 1215 3143 lere
1236 3098 1306 3143 esse
1324 3077 1441 3143 stilum
1463 3083 1494 3158 1,

185 3190 336 3264 1-31‚13.
1270 3199 1271 3204 ’

228 3295 351 3358 Contra
365 3312 451 3379 quos
459 3288 548 3356 illud
558 3289 723 3356 audacter
741 3293 891 3372 tuemur,
908 3287 1155 3375 collectaneum
1170 3311 1239 3356 esse
1256 3289 1353 3356 Deat¹
1360 3301 1496 3380 partem

184 3420 254 3464 non
263 3396 478 3486 potissimam
489 3396 551 3464 sed
559 3395 714 3462 amnium
725 3395 867 3463 minime
879 3395 1118 3483 necessariam,
1130 3394 1371 3476 adventitiam,
1384 3418 1497 3463 recea-

185 3504 317 3589 tiarem,
332 3526 354 3569 a
373 3502 534 3571 Samuele
561 3503 579 3570 l
602 3506 685 3591 Ray.
713 3499 820 3585 1035
841 3502 959 3571 tharae
977 3502 1154 3569 insertam.
1176 3502 1383 3569 Colleclanei
1405 3503 1497 3590 leges

184 3609 302 3698 utique
320 3610 468 3697 praefixa
489 3616 564 3692 aar
581 3608 803 3698 inscriptione
826 3610 1044 3676 affirmantur
1063 3612 1205 3697 aMoyse
1226 3630 1295 3676 esse
1317 3607 1446 3692 editae,
1465 3608 1496 3676 si

187 3721 294 3781 textus
318 3736 393 3804 cap.
422 3721 459 3782 11
485 3738 537 3805 sq.
559 3720 772 3805 supponatur
793 3737 863 3782 esse
885 3715 1067 3783 continuus
1088 3737 1096 3785 :
1119 3714 1177 3781 sed
1201 3715 1403 3782 continuum
1425 3737 1496 3783 csse

184 3841 367 3906 negamuS,
385 3821 449 3887 uisi
469 3821 665 3889 testimonio
687 3828 702 3887 1
720 3826 803 3908 Reg.
824 3828 923 3904 1025
943 3821 1072 3911 iisque,
1092 3844 1177 3911 quas
1191 3822 1375 3889 afferemus
1391 3822 1496 3889 ratio-

184 3925 299 3995 nibus.
314 3926 566 3994 Collectaneum
581 3948 757 3994 censemus
777 3949 847 3993 esse
867 3927 1047 4011 volumen,
1065 3927 1159 4017 quod
1177 3951 1197 3994 a
1212 3950 1246 3994 se
1264 3928 1495 4019 conscriptum

185 4033 324 4100 Samuel
336 4033 479 4100 inseruit
497 4033 589 4100 inter
603 4033 779 4100 volumina
796 4034 932 4117 thorae,
948 4035 1039 4101 iuter
1057 4034 1222 4101 volumen
1237 4034 1328 4125 quod
1345 4035 1497 4104 habebat

185 4141 407 4228 pentalogum
424 4163 501 4207 cum
522 4140 701 4231 paraenesi
721 4140 772 4206 illi
791 4140 979 4231 adscripta,
996 4147 1030 4207 ct
1046 4141 1137 4208 iuter
1151 4142 1312 4209 volumen
1333 4141 1496 4211 benedic-

183 4246 317 4313 tionum
330 4251 363 4312 et
375 4247 670 4315 maledictionum.
687 4246 1010 4336 Inscriptionis12,1
1024 4247 1129 4314 verba
1140 4247 1259 4339 utique
1271 4249 1497 4317 conformavit

183 4352 321 4419 Samuel
333 4352 447 4419 verbis
459 4354 579 4440 Moysis
593 4358 647 4435 6‚1
670 4352 832 4442 aliisque,
855 4376 924 4420 uon
939 4358 978 4419 ut
997 4355 1202 4443 exprimeret
1215 4355 1463 4422 collectaneum
1478 4379 1495 4422 e

184 4450 302 4546 Moysis
327 4458 460 4526 calamo
489 4460 639 4542 fluxisse,
663 4458 721 4526 sed
746 4467 783 4526 ut
806 4460 951 4527 eandem
979 4459 1032 4526 illi
1053 4466 1157 4550 atque
1180 4462 1316 4549 legibus
1342 4462 1497 4527 mosaicis

185 4567 421 4632 auctoritatem
444 4566 644 4632 vindicaret.
670 4571 856 4632 ductorum
883 4566 1023 4634 nomina
1046 4589 1115 4633 nou
1137 4589 1342 4634 consuevere
1367 4571 1497 4632 veteres

184 4668 326 4738 Hebraei
349 4672 483 4762 scriptis
506 4672 664 4758 affigere,
690 4671 750 4738 scd
777 4672 960 4740 traditione
984 4679 1064 4739 nota
1090 4672 1277 4739 habebant.
1303 4670 1440 4738 Samuel
1463 4675 1497 4739 et
