3366 5346
266 309 325 366 aar
678 370 682 377 Ι
721 310 948 359 consacraneus
970 311 1127 355 sannaus.

266 457 410 535 bicolas,
440 453 588 543 populus
622 457 693 517 tota
721 449 838 537 aliqua
867 447 1023 532 longiore
1053 444 1181 533 epocha
1209 444 1252 509 ab
1282 445 1438 511 hostibus
1463 448 1616 536 oppri-x

267 568 417 631 meretur
445 561 505 644 ita,
525 567 562 624 ut
582 559 676 643 leges
698 557 811 644 plures
831 551 969 619 nonnisi
988 550 1202 631 difficillime,
1221 549 1357 639 aliquae
1386 554 1588 634 nullatenus

137 687 141 693 ·
265 667 439 737 observari
461 669 609 755 possent.
631 662 735 730 Cessit
756 658 1019 726 tabernaculum
1044 655 1172 745 templo
1198 677 1205 723 ε
1233 657 1360 724 mutari
1387 665 1529 746 potuere
1553 672 1588 727 et

266 779 395 843 mutata
412 779 491 838 sunt
516 771 619 836 etiam
641 767 721 834 alia.
740 771 855 855 Neque
880 787 920 830 ex
946 770 1062 830 nostro
1086 769 1213 829 asserto
1238 763 1324 829 illud
1348 767 1584 855 consequitur,

264 884 381 969 legum
395 879 622 944 mosaicarum
641 878 776 964 praeter
787 871 927 937 Librum
943 869 1100 936 Foederis
1119 869 1241 936 stabile
1256 870 1358 936 fuisse
1374 872 1474 952 nihil,
1496 873 1587 939 nihil

264 1006 488 1077 permanens;
506 983 591 1072 quin
608 982 678 1047 imo
692 981 878 1069 pleraeque
893 978 988 1063 leges
1006 982 1083 1043 hev.
1100 980 1198 1041 Num.
1216 976 1260 1042 de
1277 977 1369 1043 facto
1386 979 1586 1047 immutatae

264 1112 539 1183 perseveravere,
561 1109 673 1176 neque
698 1086 760 1151 ulli
786 1084 1031 1173 prophetarum
1054 1082 1091 1148 in
1119 1087 1269 1148 mentem
1289 1084 1385 1150 venit
1406 1085 1483 1151 illas
1508 1108 1585 1151 mu·
1619 1173 1624 1180 ¹

263 1207 345 1267 tare.
367 1203 490 1264 Verum
507 1195 598 1261 latae
617 1198 713 1259 erant
734 1214 754 1258 a
773 1196 839 1257 Deo
856 1211 932 1256 cum
948 1188 1050 1256 tacita
1069 1187 1127 1254 sod
1143 1211 1254 1277 aequa
1274 1190 1485 1269 conditione,
1504 1214 1585 1280 per-

264 1325 441 1372 mansuras
463 1324 532 1368 esse
556 1299 648 1389 apud
669 1296 838 1388 populum
860 1296 1018 1377 electum,
1037 1295 1101 1360 nisi
1124 1293 1190 1383 ipsi
1211 1299 1277 1361 lteo
1300 1296 1489 1385 aliquando
1507 1319 1585 1365 mu-

263 1411 342 1480 tatis
362 1417 556 1498 temporum
577 1402 843 1472 circumstantiis
863 1401 1062 1468 viderentur
1081 1401 1269 1468 mutandae
1288 1403 1340 1468 vel
1357 1404 1581 1471 revocandae.

265 1524 399 1605 Legese
422 1520 540 1582 contra
560 1511 654 1579 Libri
678 1509 837 1576 Foederis
858 1529 1103 1597 permansurae
1123 1511 1220 1574 erant
1237 1530 1306 1574 non
1328 1511 1361 1574 vi
1381 1508 1486 1577 solius
1503 1533 1583 1576 auo-

263 1622 408 1689 toritatis
430 1621 568 1686 divinae
591 1617 769 1702 legiferae,
786 1614 842 1681 sed
860 1615 895 1680 oi
910 1612 1070 1698 foederis,
1091 1635 1337 1703 permansurae
1358 1622 1456 1681 erant
1471 1616 1584 1682 donec

263 1731 490 1815 abrogaretur
518 1723 638 1791 foedus
667 1722 872 1789 sinaitioum.
896 1720 991 1796 Quod
1022 1721 1148 1785 lactum
1183 1726 1250 1803 est,
1278 1721 1415 1809 quando
1449 1744 1579 1789 novum

262 1856 326 1925 per
352 1834 523 1900 Christum
549 1829 671 1895 foedus
699 1827 869 1893 inlocum
893 1825 1017 1892 veteris
1044 1825 1195 1892 foederis
1221 1825 1436 1894 subintravit.
1464 1832 1582 1916 Neque

262 1939 414 2018 obiicias
434 1938 568 2025 aliquas
593 1935 690 2021 leges
713 1938 790 1999 Lev.
817 1938 915 1998 Num.
942 1930 1027 1998 ferri
1052 1936 1088 1997 ut
1115 1961 1130 1992 u
1156 1937 1322 2000 statutum
1338 1938 1544 2023 perpetuum
1565 1962 1580 1992 »

263 2051 353 2136 (lev.
381 2050 525 2132 7,3ῐι·-36
550 2039 727 2130 portiones
748 2038 1177 2121 sacerdotum'3h'x.·12,17
1197 2037 1267 2106 dies
1286 2038 1453 2127 Phase)‚«
1476 2045 1584 2106 statu-

262 2159 334 2220 tum
355 2154 560 2240 perpetuum
580 2153 613 2214 et
632 2151 769 2236 pactum
786 2146 870 2212 'salis
890 2149 1096 2234 perpetuum
1122 2173 1137 2205 »
1164 2145 1277 2233 (Num.
1304 2151 1404 2228 18‚1s
1425 2145 1583 2212 redditus

261 2255 509 2344 sacerdotum),
534 2254 605 2320 imo
638 2281 653 2314 «
679 2253 798 2319 foedus
825 2258 1031 2341 perpetuum
1061 2278 1076 2310 a
1102 2253 1212 2336 (Num.
1235 2257 1337 2332 25,13
1364 2252 1582 2341 pontificatus

263 2363 413 2432 familiae
428 2362 584 2448 Phinees,
600 2381 668 2449 quo
687 2358 804 2424 divino
820 2359 921 2424 effato
937 2357 1078 2424 minime
1098 2356 1141 2423 ad
1155 2357 1581 2448 pontificatum-inhabiles

263 2471 453 2539 evadebant
479 2464 735 2553 lthamaridae).
755 2463 881 2541 Quibus
902 2463 1175 2553 expressionibus
1200 2486 1270 2531 non
1296 2465 1455 2551 cogimur
1476 2464 1580 2531 aliam

200 2661 202 2665 Ι
264 2578 415 2644 tribuere
433 2576 502 2640 sim
524 2593 628 2664 quam
649 2569 822 2638 simihbus
839 2570 1058 2658 quibusdam,
1080 2592 1168 2659 quae
1185 2570 1223 2637 in
1239 2575 1470 2639 Romanorum
1492 2594 1581 2660 pon·

263 2685 393 2751 tificum
414 2679 560 2748 decretis
579 2679 746 2765 leguntur
763 2703 780 2738 u
801 2682 967 2766 perpetuo
984 2675 1138 2743 valituris
1155 2704 1186 2759 »,
1201 2676 1225 2742 i.
1245 2699 1275 2743 e.
1293 2677 1392 2745 nulla
1407 2700 1501 2744 mere
1518 2678 1580 2742 hn-

264 2813 367 2857 mana
385 2789 587 2855 auctoritate
608 2782 829 2870 abrogandiS,
849 2805 937 2871 quac
953 2786 1068 2849 tamen
1084 2783 1286 2850 auctoritate
1309 2783 1426 2873 ipsiuS,
1446 2783 1505 2873 qui
1520 2784 1582 2849 de-

263 2904 393 2964 cretum
412 2893 502 2975 tulit,
520 2889 693 2980 pontilicis
712 2891 766 2955 vel
782 2888 927 2956 alicuius
947 2888 1019 2954 eius
1035 2889 1234 2956 successoris
1258 2888 1419 2977 abrogari
1437 2897 1583 2978 possunt

263 3007 296 3066 et
320 2998 529 3088 quandoque
553 2997 777 3081 abrogentur.
802 3000 855 3060 Se.
884 2993 972 3059 illud
999 2994 1137 3062 edicunt
1164 3018 1224 3061 eae
1254 2997 1497 3086 expressiones,
1522 3018 1581 3060 eas

264 3107 366 3171 labro
383 3105 477 3189 leges
491 3103 588 3168 nulla
602 3103 752 3167 humana
766 3101 977 3180 auctoritate,
995 3100 1091 3168 nulla
1103 3102 1373 3191 praescriptione
1388 3100 1580 3167 iore-abro-

263 3211 410 3299 gandas3
428 3231 499 3276 non
523 3213 664 3294 negant,
683 3207 797 3296 ipsum
816 3206 919 3272 lehre
944 3228 1040 3295 posse
1063 3206 1140 3274 illas
1165 3213 1309 3291 mutare,
1327 3230 1499 3290 revocare,
1520 3230 1581 3275 nc-

263 3317 474 3385 cessitatibus
500 3321 694 3404 temporum
723 3312 995 3380 accommodare.
1022 3312 1129 3380 Aliter
1154 3314 1330 3381 habebant
1360 3313 1466 3401 leges,
1493 3337 1580 3403 quae

263 3426 329 3516 ipsi
349 3425 508 3491 Foederis
525 3422 624 3487 Libro
648 3421 796 3491 insertae
820 3424 928 3501 crant,
948 3424 986 3485 et·
1004 3419 1041 3485 in
1058 3419 1132 3509 ipsa
1151 3420 1296 3487 foederis
1319 3421 1480 3511 pactione
1502 3442 1581 3486 san-

264 3532 368 3619 guine
392 3529 609 3597 victimarum
629 3529 766 3593 fuerant
784 3547 983 3615 conspersae
1003 3549 1010 3594 :
1028 3526 1075 3592 ita
1094 3527 1263 3593 sentiebat
1281 3527 1401 3617 utique
1422 3527 1581 3594 collector

264 3660 335 3718 seu,
354 3659 440 3727 quos
459 3636 532 3723 ipsc
553 3634 737 3723 probabat,
758 3632 987 3721 quarumdam
1004 3632 1206 3700 collectanei
1221 3632 1338 3720 legum
1353 3639 1519 3700 auctores.

311 3748 346 3808 ln
367 3741 572 3831 quibusdam
592 3741 700 3826 igitur
715 3745 849 3805 mutant
865 3739 958 3825 leges
976 3738 1174 3806 collectanei
1192 3739 1287 3826 leges
1300 3744 1376 3806 [εν.
1392 3745 1507 3822 Num,
1527 3739 1579 3805 in-

264 3852 385 3917 sistunt
401 3870 482 3915 vero
503 3845 632 3912 foederi
657 3852 689 3911 et
705 3845 804 3912 Libro
820 3845 990 3912 Foederis.
1009 3846 1169 3936 Reliquas
1183 3846 1277 3932 leges
1290 3868 1362 3912 non
1383 3869 1447 3934 pro
1466 3846 1580 3912 lubitu

264 3958 435 4042 abrogant
451 3952 522 4034 sed,
541 3952 711 4041 plerisque
727 3953 868 4018 servatis
883 3951 1030 4031 intactis,
1048 3953 1213 4040 quasdam
1233 3951 1489 4018 necessitatibus
1506 3953 1581 4019 aevi

264 4063 417 4128 iudicum
431 4059 703 4128 accommodant.
719 4058 835 4144 lloysis
846 4063 920 4124 acta
935 4057 1142 4147 quandoque
1158 4060 1333 4148 appellant
1345 4059 1580 4148 (23,1-8[2·9]·,

265 4174 343 4250 M
359 4189 428 4256 sq.;
452 4165 644 4253 25,l7-lb);
665 4163 738 4229 eius
757 4164 911 4231 instituta
924 4164 1036 4251 logice
1051 4164 1226 4254 complent
1249 4166 1382 4254 (13;ao;
1400 4171 1579 4244 hwa-293

264 4272 433 4361 astella]
456 4295 506 4361 sq.
538 4270 645 4360 ¹7l¹8l
670 4293 720 4359 sq.
746 4269 959 4359 tblholjsq.);
981 4271 1133 4338 themata
1152 4271 1302 4339 mosaica
1325 4269 1469 4337 novellis
1483 4270 1583 4336 illus-

264 4385 371 4462 trant3
394 4379 488 4464 leges
513 4377 716 4443 collectanei
739 4377 855 4466 plures
879 4400 917 4443 ex
939 4400 1000 4444 sua
1022 4377 1136 4443 indole
1156 4383 1393 4463 agnoscuntur
1411 4397 1482 4444 esse
1500 4399 1583 4465 pcr-

265 4488 440 4576 antiquae,
459 4485 723 4574 praemosaicae,
739 4506 822 4569 ergo
842 4485 945 4551 etiam
968 4483 1085 4570 lloysis
1105 4486 1307 4551 auctoritate
1331 4484 1400 4550 sive
1421 4483 1581 4573 explicite

265 4598 334 4663 sive
352 4593 452 4660 tacite
465 4590 688 4681 approbatae.
707 4589 809 4657 Stilus
824 4591 943 4679 utique
962 4592 1034 4658 acri
1053 4589 1166 4680 potius
1180 4597 1229 4657 est
1244 4591 1453 4657 recentioris.
1472 4589 1581 4656 Habet

265 4702 371 4789 igitur
393 4700 640 4768 collectaneum
659 4695 842 4764 universim
865 4701 1053 4786 spectatum
1081 4697 1173 4783 loges
1196 4698 1359 4765 mosaicas
1378 4720 1441 4786 pro
1465 4718 1582 4762 neces-
