3366 5346
192 304 231 362 82
746 312 958 358 mraouuerro.

191 458 394 518 statutorum
408 450 544 516 havidis
556 455 702 530 exactus,
719 448 832 528 lsaias,
851 448 1015 514 Michaeas
1029 446 1158 536 aliique
1171 447 1360 536 prophetae
1376 447 1512 513 honore

191 558 314 625 hahiti.
341 563 465 624 Verum
488 577 624 646 pessum
648 555 718 621 iere
742 554 976 633 haecomnia,
1002 553 1063 620 ubi
1081 552 1171 642 patri
1197 553 1358 619 suecessit
1380 553 1511 643 impius

192 669 368 730 llauasses.
397 662 623 728 Constitutum
643 662 678 727 in
700 663 773 750 ipso
798 660 992 727 sanctuario
1014 659 1164 740 idolum,
1196 681 1276 725 area
1299 683 1317 725 a
1347 659 1429 748 piis,
1460 663 1510 727 uti

191 770 336 843 videtur.
355 769 513 836 Israelitis
532 768 569 835 in
591 769 704 835 loeum
729 774 838 835 tutum
859 771 1002 834 remota.
1025 766 1156 855 Ubique
1176 788 1238 855 per
1262 766 1384 833 urbem
1405 772 1437 833 et
1452 790 1509 834 re-

190 879 325 963 gionem
346 875 453 955 idola,
471 875 605 958 altaria,
629 874 710 941 luci.
728 878 845 962 Neque
859 873 1009 940 violenta
1023 872 1133 939 solum
1150 873 1235 939 haec
1249 895 1365 939 rerum
1383 873 1509 940 vicissi-

191 984 284 1059 tudo,
304 983 362 1048 sed
384 984 454 1048 imo
477 987 643 1049 eruenta:
668 1008 684 1042 (ι
707 986 848 1070 Insuper
869 986 902 1047 et
921 980 1125 1067 sanguinem
1148 980 1325 1045 innoxium
1340 980 1428 1047 ludit
1444 985 1509 1047 lla-

189 1112 300 1155 nasses
315 1089 461 1155 multum
477 1088 591 1168 nimiS,
607 1088 717 1154 donee
729 1087 889 1176 impleret
901 1086 1086 1154 Ierusalem
1097 1086 1262 1175 usquead
1279 1110 1317 1153 os
1334 1114 1350 1147 »
1369 1088 1402 1175 (t
1420 1091 1504 1172 tteg.

189 1196 368 1277 ee‚1o;cf.
391 1195 498 1283 tid).
518 1199 596 1260 Post
610 1194 715 1261 breve
731 1199 839 1260 Amen
859 1215 1002 1278 regnum
1021 1192 1180 1262 successit
1194 1194 1307 1271 tesius,
1331 1216 1400 1282 quo
1424 1217 1507 1281 rege

188 1324 323 1368 rursum
338 1302 490 1368 retloruit
509 1300 650 1387 religio,
667 1322 801 1367 summa
815 1299 1016 1366 auctoritate
1035 1299 1239 1367 fruebantur
1260 1300 1417 1366 Ieremias
1431 1301 1507 1367 atii·

187 1431 254 1498 que
279 1411 480 1498 prophetae.
512 1413 636 1474 Verum
662 1406 784 1473 losiam
809 1406 916 1472 secuti
943 1410 1022 1472 sunt
1038 1428 1135 1493 reges
1161 1406 1328 1472 imbecilli
1348 1408 1502 1489 leuchae,

187 1515 335 1597 loahim‚
361 1514 516 1595 Inachia,
545 1512 733 1581 Sedecias:
762 1513 894 1579 rediere
918 1512 1177 1601 superstitiones
1198 1518 1231 1579 et
1258 1513 1505 1601 prophetarum

186 1622 451 1712 persecutiones
477 1621 523 1687 Cf.
546 1623 679 1686 llourrs
695 1623 774 1687 xlv.
802 1626 864 1685 103
884 1641 960 1707 sqq.
979 1617 1201 1685 Habebunter
1222 1619 1330 1708 r'qr'rur
1344 1622 1505 1687 extremis

185 1750 306 1818 req-um
333 1727 539 1817 terri-poribus
564 1749 661 1815 reyes
684 1724 833 1814 pessimi
856 1725 983 1814 plures,
1009 1748 1156 1814 qrcorum
1179 1726 1269 1793 merle
1295 1738 1373 1793 acte
1393 1728 1506 1815 petrei

185 1834 298 1923 aliqui
317 1857 413 1923 repes
432 1834 553 1901 eximii
575 1854 708 1899 salerno
731 1843 858 1898 certate
880 1831 1057 1898 studerent
1074 1854 1248 1921 reperere.
1272 1837 1377 1915 Patet,
1399 1832 1504 1900 tuisse

185 1941 220 2007 in
236 1941 418 2007 Ierusalem
439 1944 650 2008 constantem
664 1939 817 2027 aliquam
832 1939 1033 2025 sectionem,
1055 1961 1252 2027 perversam
1266 1946 1300 2005 et
1313 1944 1501 2028 potentem,

185 2070 272 2137 quae
288 2049 351 2114 suh
371 2047 510 2136 optimis
534 2046 673 2132 regibus
692 2046 938 2135 reprimeretur
960 2044 1004 2111 ad
1031 2050 1177 2135 tempus,
1203 2045 1405 2113 succedente
1420 2068 1504 2132 rege

184 2154 373 2218 infirmiore
393 2159 496 2241 caput
513 2152 685 2218 attolleret
705 2152 874 2239 rebusque
890 2152 1068 2240 potiretur.
1090 2158 1205 2231 Porro,
1228 2152 1311 2218 dum
1329 2152 1502 2240 antiquio-

185 2281 237 2324 res
256 2258 443 2347 prophetae
468 2257 571 2343 (Elias
594 2258 673 2344 ete.)
693 2256 908 2346 potissimum
928 2280 1037 2341 regno
1059 2258 1162 2325 lsrael
1182 2258 1226 2325 ad
1249 2258 1381 2325 cultum
1403 2259 1502 2325 tahve

184 2364 377 2431 revocando
391 2386 533 2453 operam
548 2363 737 2445 navabant,
759 2363 948 2430 identidem
967 2370 1103 2431 tantum
1121 2365 1246 2455 aliquis
1267 2366 1502 2455 prophetaret

184 2473 237 2537 vir
250 2471 305 2538 ltei
325 2477 485 2537 narretur
498 2492 594 2556 reges
610 2469 692 2537 luda
706 2468 840 2551 adiisse,
858 2469 972 2537 iudea
988 2493 1069 2558 rege
1087 2472 1166 2539 Ozia
1180 2472 1330 2539 habetur
1341 2471 1378 2537 in
1392 2493 1501 2556 regne

185 2578 269 2645 luda
292 2577 456 2643 continue
475 2576 579 2644 series
598 2576 790 2666 insiqnirun
804 2577 1065 2667 prophetarum,
1084 2600 1203 2645 eorum
1223 2600 1371 2667 quorum
1392 2579 1501 2645 libros

184 2685 363 2765 hahemus
386 2690 418 2750 et
433 2683 591 2751 aliorum.

227 2798 331 2858 Erant
339 2791 461 2879 impiis
477 2791 617 2877 regibus
636 2791 728 2857 exosi
750 2795 853 2857 testes'
863 2791 1068 2879 prophetae,
1086 2813 1187 2857 exosa
1204 2791 1401 2858 testimonia
1419 2814 1500 2880 pro·

182 2900 365 2985 phetarum
388 2897 536 2963 oracula.
569 2902 676 2972 Quare
702 2895 889 2985 prophetas
915 2895 1162 2984 repudiabant,
1189 2897 1498 2988 persequebantur,

182 3002 444 3068 interficiebant.
464 3001 676 3078 Querebatur
689 3002 758 3069 iam
778 3003 814 3066 iu
832 3023 940 3088 regno
958 3003 1059 3069 lsrael
1075 3004 1185 3072 illias:
1207 3034 1222 3065 a
1239 3002 1501 3093 [terehquerunt

182 3114 321 3197 paetum
334 3112 432 3172 tuum
447 3106 511 3173 filii
531 3105 650 3186 lsrael,
667 3106 790 3174 altaria
808 3113 867 3174 tua
881 3107 1131 3189 destruxerunt,
1149 3111 1335 3200 prophetas
1353 3114 1427 3177 tuas
1442 3133 1499 3177 oc·

182 3215 340 3281 ciderunt
356 3212 486 3300 gladio,
501 3212 684 3279 derelictus
695 3235 772 3280 sum
788 3235 852 3300 ego
869 3214 960 3281 solus
973 3222 1007 3281 et
1022 3222 1192 3305 quaerunt
1205 3216 1357 3283 animam
1373 3239 1496 3299 meam,

183 3326 220 3388 ut
235 3322 395 3387 auferant
413 3341 490 3386 eam
512 3348 528 3381 »
550 3320 584 3408 (3
606 3323 689 3406 Reg.
709 3327 820 3399 tato.
846 3326 902 3402 1t3
921 3322 964 3389 cf.
983 3327 1081 3390 Rom.
1109 3324 1213 3411 tta).
1232 3324 1397 3391 terebelli
1415 3329 1495 3410 lteg.

184 3433 272 3510 18,·t.
299 3432 340 3494 to
360 3426 486 3494 oceidit
509 3447 627 3494 omues
648 3427 834 3514 prophetas
855 3428 956 3494 lahve
976 3436 1111 3517 praeter
1127 3434 1282 3513 centum,
1303 3429 1363 3519 qui
1378 3430 1498 3496 salvati

181 3542 277 3616 suut3
301 3533 448 3601 vicissim
472 3533 560 3600 Elias
583 3556 602 3599 e
625 3539 689 3600 tao
712 3533 889 3622 prophetis
908 3533 991 3600 Baal
1012 3535 1137 3602 oceidit
1158 3542 1233 3603 tot).
1262 3536 1344 3603 lehu
1369 3542 1386 3602 -t
1411 3541 1494 3623 hug.

184 3646 295 3722 10,19.
310 3646 352 3705 25
369 3638 544 3705 interemit
558 3661 676 3707 omnes
695 3639 880 3728 prophetas
897 3640 989 3708 Baal.
1007 3642 1330 3732 Pseudoprophetae
1345 3644 1497 3710 occasio-

181 3767 262 3813 nem
283 3743 374 3811 uaeti
394 3744 639 3812 interimebant
662 3745 848 3835 prophetas
870 3746 984 3813 lahve.
1013 3746 1144 3815 Similia
1165 3750 1289 3817 horum
1309 3750 1439 3816 fiebant
1462 3750 1498 3815 in

180 3875 289 3940 regno
305 3850 411 3919 luda:
428 3877 444 3909 «
463 3854 683 3917 Recesseruut
697 3875 718 3917 a
728 3858 771 3933 te,
790 3858 823 3919 et
837 3851 1054 3940 proiecerunt
1068 3855 1181 3940 legem
1197 3862 1292 3923 tuam
1307 3863 1384 3945 post
1399 3862 1496 3942 terga

178 3983 250 4039 sua,
273 3966 306 4025 et
321 3957 507 4047 prophetas
525 3961 601 4023 tues
614 3958 825 4040 occiderunt,
843 3959 904 4047 qui
918 3961 1195 4027 contestabantur
1209 3985 1278 4045 eos,
1298 3969 1336 4029 ut
1347 3967 1497 4029 reverte·

179 4070 299 4132 rentur
321 4064 364 4130 ad
385 4070 415 4128 te
439 4092 455 4123 »
474 4062 508 4151 (⁶2
526 4062 620 4130 Esdr.
645 4064 751 4149 926).
777 4068 864 4130 Sane
885 4064 928 4132 de
947 4067 1126 4155 prophetis
1142 4068 1259 4150 etiam,
1276 4069 1345 4135 imo
1365 4068 1496 4158 potissi-

178 4192 274 4237 mum
288 4167 516 4255 intelligenda
526 4169 632 4235 verba
642 4168 742 4234 Heln.
758 4175 879 4248 11,ar:
897 4198 914 4231 «
928 4172 1073 4261 lapidati
1087 4179 1177 4258 suut,
1194 4176 1276 4243 secti
1292 4180 1370 4244 sunt
1381 4182 1443 4243 ete.
1463 4206 1493 4244 r.

177 4277 378 4344 ludaeorum
401 4274 540 4341 traditio
562 4274 680 4356 habet,
708 4274 829 4341 lsaiam
855 4277 1026 4366 supplicio
1051 4302 1126 4347 esse
1145 4283 1391 4351 exanimatum.
1414 4287 1495 4349 Sau-

176 4383 253 4472 guis
277 4406 297 4448 a
320 4388 466 4449 ltauasse
488 4383 582 4448 fusus
604 4380 776 4470 imprimis
800 4382 864 4448 tuit
884 4386 1024 4470 sanguis
1052 4388 1314 4484 prophetarum.
1337 4390 1376 4456 lli
1398 4397 1495 4457 erunt

176 4490 281 4557 veluti
296 4489 333 4556 in
349 4487 461 4578 prima
476 4487 549 4554 acie
562 4509 681 4554 eorum
695 4488 874 4570 iustorum,
893 4513 1041 4579 quorum
1056 4496 1261 4583 sanguinem
1273 4499 1399 4565 Thren.
1414 4502 1493 4578 -t,13

175 4596 398 4665 etluudebant
412 4594 734 4684 pseudoprophetae
745 4597 982 4666 etsaeerdotes
995 4622 1155 4690 nequam.
1174 4604 1334 4671 Ezechias
1350 4605 1493 4671 ltiehae·

175 4728 229 4773 am
249 4705 462 4773 subtraxerat
481 4702 589 4768 furori
607 4700 744 4792 populi;
764 4699 936 4793 principes
952 4706 1036 4775 item
1052 4711 1231 4778 leremiam
1252 4718 1489 4793 serraverunt,
