3366 5346
388 278 617 324 oosxacmssusr
640 278 766 323 seorsus
789 279 938 324 rex-sun.
961 280 1175 325 conrxnsrux.
1400 265 1438 324 ⁶25
1544 335 1549 343 ,

104 430 106 434 “
127 414 324 480 adstruatur
346 412 459 498 legem
484 415 561 479 Lev.
590 417 630 477 17
655 411 838 498 abrogasse
863 411 979 500 quoad
1003 412 1244 496 mactationes,
1265 435 1353 502 quae
1377 435 1440 503 pro

126 519 202 586 cibo
224 523 359 585 tantum
382 518 520 599 tierent,
537 523 572 584 at
592 540 663 584 non
678 516 781 584 simul
801 517 944 584 indulsit
962 518 1098 586 veniam
1118 518 1365 587 sacrificiorum
1380 519 1440 585 ubi
1464 514 1467 520 ’

124 625 277 692 libuisset
292 623 558 692 offerendorum.

170 730 294 808 Quodsi
314 731 422 816 igitur
441 753 472 796 v.
495 737 515 797 8
535 732 635 819 Moysi
656 731 789 797 tribuas
813 733 962 814 auctori,
981 732 1146 799 concedas
1168 730 1341 822 oportebit
1367 731 1440 798 eius

124 836 195 904 vita
215 837 260 903 ad
280 837 384 904 finem
404 842 569 923 vergente
591 837 792 921 invaluisse,
812 837 887 928 ipso
909 860 980 904 non
1007 839 1255 918 consentiente,
1275 838 1439 905 effrenem
1548 832 1553 840 ’

116 943 220 1011 ¹illam
235 943 450 1010 sacrificandi
465 943 650 1025 licentiam,
670 943 902 1010 conditionem
918 966 1095 1011 sacrorum
1108 947 1234 1012 luctam
1249 967 1319 1011 esse
1334 945 1438 1031 longe

123 1050 227 1117 eliam
249 1072 353 1139 quam
377 1051 414 1116 in
437 1050 572 1117 deserto
595 1051 724 1132 fuerat,
749 1072 882 1116 versam
907 1073 979 1117 esse
1003 1051 1041 1116 in
1064 1050 1177 1139 peius,
1199 1050 1343 1117 evasisse
1367 1072 1438 1117 non

123 1162 251 1223 rectam
272 1157 309 1222 in
328 1157 436 1223 oculis
453 1156 556 1223 lahve
573 1179 580 1224 :
597 1155 725 1223 etenim
748 1156 895 1245 scriptor
913 1179 944 1222 v.
963 1163 995 1239 8,
1014 1156 1094 1223 licet
1113 1145 1198 1225 eam'
1208 1156 1437 1223 conditionem

46 1327 49 1330 a
123 1284 193 1329 non
213 1263 370 1349 abroget,
388 1268 424 1328 at
436 1267 526 1329 certe
540 1261 692 1329 declarat
706 1262 807 1331 fuisse
823 1263 937 1329 minus
952 1263 1158 1352 perlectam,
1177 1264 1290 1330 minus
1303 1263 1439 1329 confor-

124 1391 215 1436 mem
232 1368 401 1437 voluntati
415 1369 531 1449 lahve‚
549 1369 593 1436 ad
611 1375 745 1459 tempus
764 1369 980 1435 solummodo
999 1369 1216 1437 tolerandam
1236 1369 1281 1435 ob
1303 1376 1437 1458 tempo-

123 1497 201 1541 rum
222 1475 451 1564 iniquitatem.
477 1481 575 1542 Estne
595 1475 696 1542 nobis
717 1475 789 1542 ulla
810 1477 985 1543 sufficiens
1006 1477 1095 1543 ratio
1120 1474 1349 1543 adstruendae
1373 1497 1437 1565 pro

123 1586 274 1648 extremo
300 1583 387 1648 vitae
416 1581 535 1669 Moysis
558 1587 805 1670 temporetam
830 1582 1046 1650 miserandae
1072 1605 1246 1649 sacrorum
1271 1582 1439 1672 deprava-

122 1686 248 1754 tionis?
263 1693 343 1771 3t,7
357 1688 553 1754 celebratur
573 1687 689 1774 Moysis
709 1692 817 1777 usque
836 1688 881 1754 ad
898 1711 1098 1779 supremum
1113 1689 1272 1778 spiritum
1288 1710 1357 1755 non
1373 1687 1439 1753 im-

123 1793 274 1860 minutus
289 1795 397 1879 vigor,
417 1799 537 1859 utnon
553 1794 779 1880 caligaverint
793 1794 884 1861 oculi
899 1794 987 1876 eius,
1007 1817 1117 1884 neque
1138 1796 1221 1860 moti
1238 1795 1307 1861 sint
1321 1793 1446 1860 dentes*

123 1899 208 1965 eius.
224 1904 310 1965 Maec
330 1901 484 1988 corporis
500 1900 656 1986 vigorem
676 1900 830 1990 proxime
847 1901 1061 1989 exprimunt,
1079 1907 1115 1966 at
1132 1901 1233 1967 simul
1248 1905 1440 1986 suggerunt

122 2026 243 2094 parem
258 2005 366 2071 animi
381 2005 549 2090 vigorem.
567 2012 712 2073 Putasne
731 2006 820 2072 illud
835 2006 980 2073 voluisse
998 2006 1133 2073 edicere
1147 2008 1269 2093 Moysis
1283 2005 1439 2072 laudato·

102 2133 211 2192 rem,
238 2111 341 2177 fuisse
370 2117 503 2198 Moysen
533 2134 677 2201 corpore
704 2112 845 2200 quidem
880 2119 1053 2198 vegetem,
1084 2097 1201 2178 animo
1232 2112 1439 2198 elanguem‘?

121 2217 704 2304 Nonneintegrumanimivigorem
713 2217 1440 2308 produntorationeslteut‘,canticumetc.?

122 2323 361 2413 Scripturusne
382 2345 534 2412 unquam
554 2331 626 2390 erat
640 2328 766 2410 Moyses
778 2325 969 2411 ingenuum
983 2325 1072 2397 illud
1090 2347 1281 2414 pronomen
1298 2330 1384 2392 nos?
1403 2325 1438 2392 si

121 2451 202 2496 vero
215 2429 382 2497 eiusmodi
395 2451 571 2496 sacrorum
582 2429 861 2520 depravationem
873 2435 1022 2498 extrema
1033 2432 1152 2519 Moysis
1165 2433 1233 2498 vite
1249 2431 1436 2497 obtinuisse

123 2535 276 2602 adstruat
296 2538 388 2625 quiS,
409 2558 523 2602 nonne
545 2537 634 2603 hanc
660 2537 696 2602 in
718 2537 786 2602 illis
809 2536 1018 2603 orationibus
1046 2560 1165 2604 severe
1190 2537 1440 2626 reprobaturus

123 2649 197 2708 erat
214 2645 358 2729 Moyses?
373 2642 460 2721 Quid
479 2642 634 2724 iuvabat,
651 2643 817 2731 populum
834 2642 955 2708 devote
968 2643 1098 2708 hortari
1115 2644 1160 2709 ad
1175 2645 1302 2710 lahven
1317 2667 1356 2709 ex
1368 2649 1439 2708 toto

123 2747 225 2814 corde
240 2748 472 2836 diligendum,
490 2755 525 2814 at
544 2748 646 2815 simul
665 2771 708 2814 ne
728 2748 873 2814 verbulo
896 2749 1036 2837 quidem
1057 2749 1225 2838 populum
1250 2749 1436 2828 retrahere,

123 2852 307 2941 quominus
322 2857 356 2921 in
374 2856 475 2922 rebus
488 2855 680 2921 sacerrimis
694 2877 733 2921 ea
748 2861 867 2941 ageret
882 2855 1033 2937 licentia,
1050 2877 1137 2944 quae
1157 2854 1194 2921 in
1214 2854 1321 2922 oculis
1338 2854 1439 2921 lahve
1534 2877 1536 2881 ·

123 2981 345 3050 nequaquam
362 2967 448 3028 esset
465 2965 577 3027 reeta?

168 3071 257 3154 Ergo
290 3073 368 3147 128
397 3067 558 3156 exprimit
585 3066 818 3134 conditionem
851 3089 1027 3135 sacrorum
1060 3073 1168 3154 Moyse
1199 3069 1435 3157 posteriorem.

124 3177 246 3239 Verum
261 3196 293 3240 v,
311 3171 464 3240 Bintime
480 3174 694 3240 connectitur
708 3196 786 3240 cum
803 3196 834 3240 v.
858 3181 1074 3242 slede-28.

167 3279 202 3346 b.
221 3280 471 3346 Colleotaneum
488 3303 554 3345 non
569 3281 680 3346 solum
695 3281 861 3358 affirmat,
880 3281 1051 3347 Hebraeos
1071 3280 1261 3369 aliquando
1275 3280 1437 3347 ellrenam

124 3385 240 3474 quoad
256 3385 331 3452 loca
346 3387 456 3453 cultus
472 3387 638 3475 professos
657 3408 726 3452 esse
745 3385 936 3468 licentiam,
954 3386 1014 3452 sed
1035 3386 1156 3452 altaria
1174 3386 1308 3476 privata
1321 3386 1438 3474 impli-

123 3491 188 3558 cite
204 3499 236 3559 et
247 3492 402 3581 explicite
418 3492 553 3559 tolerat.
572 3493 622 3558 Ab
641 3491 710 3557 illis
725 3491 902 3559 abolendis
924 3499 1001 3572 1a,8
1022 3492 1181 3571 abstinet,
1205 3491 1434 3579 12‚11.17(ct.

124 3618 212 3685 quae
227 3598 378 3664 dicemus
393 3598 436 3665 ad
452 3621 483 3664 v.
504 3599 557 3686 11)
575 3597 644 3664 illis
661 3599 762 3664 tacite
777 3597 936 3663 concedit
956 3604 1034 3663 vota
1052 3597 1186 3663 minora
1202 3605 1235 3663 et
1250 3598 1438 3664 oblationes

125 3702 344 3769 voluntarias.
372 3703 519 3770 Tandem
550 3711 745 3786 wel-121
780 3704 894 3792 quoad
922 3703 982 3770 illa
1010 3703 1133 3770 altaria
1159 3704 1244 3770 dues
1267 3704 1437 3770 iudicibus

124 3808 267 3875 urbanis
279 3810 418 3896 regulas
430 3810 550 3890 tradit,
567 3833 610 3876 ne
626 3833 671 3876 sc.
694 3831 801 3899 prope
817 3810 879 3876 ille
895 3809 986 3875 lucos
1002 3809 1149 3898 plantari
1164 3809 1323 3899 cipposve
1336 3810 1435 3895 erigi,

124 3914 237 3982 autin
259 3915 328 3981 illis
349 3915 503 3982 victimas
521 3918 691 3984 maculam
713 3915 879 3981 habentes
899 3915 1075 3981 immolari
1096 3917 1284 4004 patiantur.
1309 3937 1339 3981 v.
1361 3921 1400 3980 21
1422 3935 1429 3981 :
1508 3906 1512 3917 ’

95 4088 100 4102 ,
123 4023 201 4088 Non
212 4021 389 4111 plantabis
404 4022 468 4088 tibi
487 4021 604 4089 lucum
622 4020 799 4088 cuiuslibet
814 4021 946 4087 arboris
963 4045 1005 4088 es
1020 4021 1175 4112 opposito
1194 4021 1315 4089 altaris
1334 4021 1435 4088 labne

123 4128 187 4195 Dei
197 4128 259 4214 tui,
274 4128 367 4219 quod
378 4129 485 4213 facies
501 4129 574 4196 tibi.
588 4128 682 4205 Quod
697 4128 858 4195 ultimum
875 4128 1021 4194 incisum
1038 4134 1145 4195 textus
1160 4129 1289 4196 habent
1301 4134 1439 4218 practer

122 4236 222 4323 Vulg.
241 4257 367 4303 omnes.
385 4235 545 4303 Credisne
563 4241 698 4321 Moysen
716 4234 916 4321 generalem
931 4235 1131 4301 concessisse
1151 4236 1325 4303 licentiam
1349 4237 1438 4302 alta-

124 4341 213 4409 rium
231 4342 441 4432 privatorum
458 4365 520 4432 per
534 4342 635 4407 urbes
651 4340 953 4407 exstruendorum?

169 4472 197 4514 c.
210 4438 275 4536 ltgi
286 4449 328 4516 de
338 4448 459 4516 iisdem
471 4449 509 4514 in
523 4454 618 4515 Mout.
631 4449 711 4514 etin
723 4452 822 4514 Mum.
841 4447 994 4529 decimis
1009 4447 1320 4514 demonstrabimus
1334 4449 1433 4512 infra.

124 4558 229 4622 Porro
242 4555 304 4622 has
314 4555 464 4622 decimas
474 4560 597 4641 Moyses
607 4559 703 4620 Num.
725 4560 765 4620 18
779 4554 1017 4639 assignaverat
1028 4555 1152 4620 Levitis
1164 4575 1171 4633 3
1186 4555 1326 4620 eaedem
1339 4556 1432 4616 Dent.

126 4665 237 4741 12,st
269 4668 325 4739 17;
359 4668 471 4744 mea.
503 4668 545 4726 26
569 4661 632 4726 toti
653 4659 784 4748 populo
811 4659 1059 4747 permittuntur
1089 4660 1180 4747 apud
1204 4656 1436 4723 sanctuarium
