<?xml version="1.0" encoding="UTF-8"?>
<!DOCTYPE html PUBLIC "-//W3C//DTD XHTML 1.0 Transitional//EN"
    "http://www.w3.org/TR/xhtml1/DTD/xhtml1-transitional.dtd">
<html xmlns="http://www.w3.org/1999/xhtml" xml:lang="en" lang="en">
 <head>
  <title>
</title>
<meta http-equiv="Content-Type" content="text/html;charset=utf-8" />
  <meta name='ocr-system' content='tesseract 3.04.00' />
  <meta name='ocr-capabilities' content='ocr_page ocr_carea ocr_par ocr_line ocrx_word'/>
</head>
<body>
  <div class='ocr_page' id='page_1' title='image "./commentariusind00hummgoog/commentariusind00hummgoog_0525.png"; bbox 0 0 3366 5346; ppageno 0'>
   <div class='ocr_carea' id='block_1_1' title="bbox 188 266 1128 326">
    <p class='ocr_par' dir='ltr' id='par_1_1' title="bbox 188 266 1128 326">
     <span class='ocr_line' id='line_1_1' title="bbox 188 266 1128 326; baseline -0.004 -1"><span class='ocrx_word' id='word_1_1' title='bbox 188 266 247 325; x_wconf 71' lang='lat' dir='ltr'>litt</span> <span class='ocrx_word' id='word_1_2' title='bbox 557 281 701 326; x_wconf 82' lang='lat' dir='ltr'>nrsroam</span> <span class='ocrx_word' id='word_1_3' title='bbox 724 277 950 325; x_wconf 81' lang='lat' dir='ltr'>nrsrrrcrroms</span> <span class='ocrx_word' id='word_1_4' title='bbox 972 277 1128 324; x_wconf 78' lang='lat' dir='ltr'>sonorius.</span> 
     </span>
    </p>
   </div>
   <div class='ocr_carea' id='block_1_2' title="bbox 136 411 1512 3810">
    <p class='ocr_par' dir='ltr' id='par_1_2' title="bbox 188 411 1509 609">
     <span class='ocr_line' id='line_1_2' title="bbox 188 411 1509 504; baseline -0.003 -23"><span class='ocrx_word' id='word_1_5' title='bbox 188 420 305 499; x_wconf 75' lang='lat'>30,20;</span> <span class='ocrx_word' id='word_1_6' title='bbox 326 414 438 504; x_wconf 82' lang='lat' dir='ltr'>potuit</span> <span class='ocrx_word' id='word_1_7' title='bbox 453 415 533 482; x_wconf 86' lang='lat' dir='ltr'>item</span> <span class='ocrx_word' id='word_1_8' title='bbox 551 416 624 481; x_wconf 87' lang='lat' dir='ltr'>fieri</span> <span class='ocrx_word' id='word_1_9' title='bbox 645 414 714 481; x_wconf 89' lang='lat' dir='ltr'>alio</span> <span class='ocrx_word' id='word_1_10' title='bbox 734 413 789 480; x_wconf 91' lang='lat' dir='ltr'>die</span> <span class='ocrx_word' id='word_1_11' title='bbox 808 417 884 502; x_wconf 83' lang='lat' dir='ltr'>posi</span> <span class='ocrx_word' id='word_1_12' title='bbox 905 434 980 479; x_wconf 92' lang='lat' dir='ltr'>eam</span> <span class='ocrx_word' id='word_1_13' title='bbox 1001 411 1213 494; x_wconf 84' lang='lat' dir='ltr'>concionem,</span> <span class='ocrx_word' id='word_1_14' title='bbox 1231 411 1290 478; x_wconf 87' lang='lat' dir='ltr'>sed</span> <span class='ocrx_word' id='word_1_15' title='bbox 1310 419 1388 479; x_wconf 86' lang='lat' dir='ltr'>anie</span> <span class='ocrx_word' id='word_1_16' title='bbox 1409 411 1509 479; x_wconf 89' lang='lat' dir='ltr'>diem</span> 
     </span>
     <span class='ocr_line' id='line_1_3' title="bbox 188 522 454 609; baseline 0.008 -21"><span class='ocrx_word' id='word_1_17' title='bbox 188 522 307 588; x_wconf 81' lang='lat' dir='ltr'>mortis</span> <span class='ocrx_word' id='word_1_18' title='bbox 326 522 454 609; x_wconf 73' lang='lat' dir='ltr'>Moysis.</span> 
     </span>
    </p>

    <p class='ocr_par' dir='ltr' id='par_1_3' title="bbox 183 624 1510 1569">
     <span class='ocr_line' id='line_1_4' title="bbox 231 624 1509 715; baseline -0.002 -21"><span class='ocrx_word' id='word_1_19' title='bbox 231 650 264 714; x_wconf 80' lang='lat' dir='ltr'>y.</span> <span class='ocrx_word' id='word_1_20' title='bbox 283 635 303 694; x_wconf 63' lang='grc' dir='ltr'><strong><em>ἓ</em></strong></span> <span class='ocrx_word' id='word_1_21' title='bbox 325 631 403 694; x_wconf 87' lang='lat' dir='ltr'>«Et</span> <span class='ocrx_word' id='word_1_22' title='bbox 427 628 517 695; x_wconf 77' lang='lat' dir='ltr'>dicit</span> <span class='ocrx_word' id='word_1_23' title='bbox 537 627 585 695; x_wconf 87' lang='lat' dir='ltr'>nd</span> <span class='ocrx_word' id='word_1_24' title='bbox 607 651 661 696; x_wconf 86' lang='lat' dir='ltr'>eos</span> <span class='ocrx_word' id='word_1_25' title='bbox 678 649 691 693; x_wconf 89' lang='lat'>.·</span> <span class='ocrx_word' id='word_1_26' title='bbox 709 629 853 695; x_wconf 78' lang='lat' dir='ltr'><em>Centum</em></span> <span class='ocrx_word' id='word_1_27' title='bbox 873 626 1002 715; x_wconf 72' lang='lat' dir='ltr'>riqinti</span> <span class='ocrx_word' id='word_1_28' title='bbox 1015 648 1187 692; x_wconf 85' lang='lat' dir='ltr'>annorum</span> <span class='ocrx_word' id='word_1_29' title='bbox 1207 648 1282 691; x_wconf 85' lang='lat' dir='ltr'>sum</span> <span class='ocrx_word' id='word_1_30' title='bbox 1302 624 1414 710; x_wconf 82' lang='lat' dir='ltr'>bodie,</span> <span class='ocrx_word' id='word_1_31' title='bbox 1433 649 1509 692; x_wconf 86' lang='lat' dir='ltr'>non</span> 
     </span>
     <span class='ocr_line' id='line_1_5' title="bbox 183 732 1508 824; baseline -0.002 -23"><span class='ocrx_word' id='word_1_32' title='bbox 183 756 322 823; x_wconf 79' lang='lat' dir='ltr'>possum</span> <span class='ocrx_word' id='word_1_33' title='bbox 343 735 437 801; x_wconf 85' lang='lat' dir='ltr'>ultra</span> <span class='ocrx_word' id='word_1_34' title='bbox 456 735 571 824; x_wconf 77' lang='lat' dir='ltr'>eprodi</span> <span class='ocrx_word' id='word_1_35' title='bbox 590 748 623 801; x_wconf 88' lang='lat' dir='ltr'>et</span> <span class='ocrx_word' id='word_1_36' title='bbox 645 734 783 823; x_wconf 76' lang='lat' dir='ltr'>inpredi</span> <span class='ocrx_word' id='word_1_37' title='bbox 802 763 832 816; x_wconf 78' lang='lat' dir='ltr'>n,</span> <span class='ocrx_word' id='word_1_38' title='bbox 851 733 967 799; x_wconf 90' lang='lat' dir='ltr'>omnia</span> <span class='ocrx_word' id='word_1_39' title='bbox 987 754 1074 823; x_wconf 90' lang='lat' dir='ltr'>quae</span> <span class='ocrx_word' id='word_1_40' title='bbox 1096 732 1285 799; x_wconf 86' lang='lat' dir='ltr'>necessaria</span> <span class='ocrx_word' id='word_1_41' title='bbox 1301 738 1381 799; x_wconf 85' lang='lat' dir='ltr'>suni</span> <span class='ocrx_word' id='word_1_42' title='bbox 1403 754 1508 822; x_wconf 88' lang='lat' dir='ltr'>prae-</span> 
     </span>
     <span class='ocr_line' id='line_1_6' title="bbox 187 837 1506 930; baseline 0.002 -24"><span class='ocrx_word' id='word_1_43' title='bbox 187 847 275 909; x_wconf 81' lang='lat' dir='ltr'>stare</span> <span class='ocrx_word' id='word_1_44' title='bbox 291 842 348 930; x_wconf 81' lang='lat' dir='ltr'>(cf.</span> <span class='ocrx_word' id='word_1_45' title='bbox 365 843 409 908; x_wconf 90' lang='lat' dir='ltr'>ad</span> <span class='ocrx_word' id='word_1_46' title='bbox 424 846 522 909; x_wconf 90' lang='lat' dir='ltr'>Num.</span> <span class='ocrx_word' id='word_1_47' title='bbox 541 842 669 930; x_wconf 59' lang='lat' dir='ltr'>lidi).</span> <span class='ocrx_word' id='word_1_48' title='bbox 687 879 730 890; x_wconf 94' lang='lat'>-</span> <span class='ocrx_word' id='word_1_49' title='bbox 749 847 907 923; x_wconf 84' lang='lat' dir='ltr'>Quaeres,</span> <span class='ocrx_word' id='word_1_50' title='bbox 927 837 1099 929; x_wconf 91' lang='lat' dir='ltr'>quomodo</span> <span class='ocrx_word' id='word_1_51' title='bbox 1115 839 1150 905; x_wconf 93' lang='lat' dir='ltr'>id</span> <span class='ocrx_word' id='word_1_52' title='bbox 1165 843 1298 906; x_wconf 83' lang='lat' dir='ltr'>constet</span> <span class='ocrx_word' id='word_1_53' title='bbox 1312 861 1391 906; x_wconf 87' lang='lat' dir='ltr'>curn</span> <span class='ocrx_word' id='word_1_54' title='bbox 1407 845 1506 922; x_wconf 79' lang='lat' dir='ltr'>3i,7.</span> 
     </span>
     <span class='ocr_line' id='line_1_7' title="bbox 187 946 1508 1037; baseline 0 -24"><span class='ocrx_word' id='word_1_55' title='bbox 187 948 300 1015; x_wconf 93' lang='lat' dir='ltr'>oculos</span> <span class='ocrx_word' id='word_1_56' title='bbox 319 950 436 1036; x_wconf 82' lang='lat' dir='ltr'>iioysis</span> <span class='ocrx_word' id='word_1_57' title='bbox 454 971 523 1015; x_wconf 91' lang='lat' dir='ltr'>non</span> <span class='ocrx_word' id='word_1_58' title='bbox 546 948 710 1036; x_wconf 89' lang='lat' dir='ltr'>caligasse</span> <span class='ocrx_word' id='word_1_59' title='bbox 735 970 846 1037; x_wconf 89' lang='lat' dir='ltr'>neque</span> <span class='ocrx_word' id='word_1_60' title='bbox 871 946 991 1014; x_wconf 89' lang='lat' dir='ltr'>denies</span> <span class='ocrx_word' id='word_1_61' title='bbox 1012 946 1085 1012; x_wconf 91' lang='lat' dir='ltr'>eius</span> <span class='ocrx_word' id='word_1_62' title='bbox 1106 951 1216 1013; x_wconf 84' lang='lat' dir='ltr'>motos</span> <span class='ocrx_word' id='word_1_63' title='bbox 1239 968 1322 1012; x_wconf 86' lang='lat' dir='ltr'>esse.</span> <span class='ocrx_word' id='word_1_64' title='bbox 1349 951 1508 1036; x_wconf 87' lang='lat' dir='ltr'>Respon-</span> 
     </span>
     <span class='ocr_line' id='line_1_8' title="bbox 186 1051 1509 1139; baseline 0 -19"><span class='ocrx_word' id='word_1_65' title='bbox 186 1054 243 1122; x_wconf 79' lang='lat' dir='ltr'>det</span> <span class='ocrx_word' id='word_1_66' title='bbox 263 1057 350 1136; x_wconf 82' lang='lat' dir='ltr'>Est,</span> <span class='ocrx_word' id='word_1_67' title='bbox 367 1056 545 1122; x_wconf 90' lang='lat' dir='ltr'>oculorum</span> <span class='ocrx_word' id='word_1_68' title='bbox 567 1055 780 1122; x_wconf 75' lang='lat' dir='ltr'>vivacitatem</span> <span class='ocrx_word' id='word_1_69' title='bbox 797 1060 830 1121; x_wconf 84' lang='lat' dir='ltr'>et</span> <span class='ocrx_word' id='word_1_70' title='bbox 849 1052 1006 1120; x_wconf 83' lang='lat' dir='ltr'>dentium</span> <span class='ocrx_word' id='word_1_71' title='bbox 1022 1053 1128 1118; x_wconf 86' lang='lat' dir='ltr'>robur</span> <span class='ocrx_word' id='word_1_72' title='bbox 1149 1075 1219 1118; x_wconf 91' lang='lat' dir='ltr'>non</span> <span class='ocrx_word' id='word_1_73' title='bbox 1239 1051 1416 1119; x_wconf 83' lang='lat' dir='ltr'>excludere</span> <span class='ocrx_word' id='word_1_74' title='bbox 1440 1075 1509 1139; x_wconf 86' lang='lat' dir='ltr'>ge·</span> 
     </span>
     <span class='ocr_line' id='line_1_9' title="bbox 186 1158 1509 1251; baseline -0.001 -24"><span class='ocrx_word' id='word_1_75' title='bbox 186 1161 301 1228; x_wconf 91' lang='lat' dir='ltr'>nerale</span> <span class='ocrx_word' id='word_1_76' title='bbox 322 1163 448 1229; x_wconf 86' lang='lat' dir='ltr'>virium</span> <span class='ocrx_word' id='word_1_77' title='bbox 472 1162 740 1239; x_wconf 80' lang='lat' dir='ltr'>decrementum,</span> <span class='ocrx_word' id='word_1_78' title='bbox 759 1184 827 1251; x_wconf 93' lang='lat' dir='ltr'>quo</span> <span class='ocrx_word' id='word_1_79' title='bbox 852 1182 953 1227; x_wconf 86' lang='lat' dir='ltr'>senex</span> <span class='ocrx_word' id='word_1_80' title='bbox 980 1159 1124 1248; x_wconf 82' lang='lat' dir='ltr'>incapax</span> <span class='ocrx_word' id='word_1_81' title='bbox 1150 1158 1210 1226; x_wconf 80' lang='lat' dir='ltr'>fiai</span> <span class='ocrx_word' id='word_1_82' title='bbox 1237 1159 1280 1225; x_wconf 91' lang='lat' dir='ltr'>ad</span> <span class='ocrx_word' id='word_1_83' title='bbox 1306 1159 1431 1225; x_wconf 86' lang='lat' dir='ltr'>arduos</span> <span class='ocrx_word' id='word_1_84' title='bbox 1453 1159 1509 1226; x_wconf 87' lang='lat' dir='ltr'>la-</span> 
     </span>
     <span class='ocr_line' id='line_1_10' title="bbox 185 1264 1510 1359; baseline -0.002 -27"><span class='ocrx_word' id='word_1_85' title='bbox 185 1266 285 1334; x_wconf 87' lang='lat' dir='ltr'>bores</span> <span class='ocrx_word' id='word_1_86' title='bbox 304 1269 499 1336; x_wconf 89' lang='lat' dir='ltr'>subeundos</span> <span class='ocrx_word' id='word_1_87' title='bbox 518 1308 560 1320; x_wconf 94' lang='lat'><em>-</em></span> <span class='ocrx_word' id='word_1_88' title='bbox 582 1297 597 1331; x_wconf 80' lang='lat' dir='ltr'>a</span> <span class='ocrx_word' id='word_1_89' title='bbox 623 1267 853 1359; x_wconf 79' lang='lat' dir='ltr'>[praesertim]</span> <span class='ocrx_word' id='word_1_90' title='bbox 875 1289 952 1333; x_wconf 86' lang='lat' dir='ltr'>cum</span> <span class='ocrx_word' id='word_1_91' title='bbox 974 1265 1027 1355; x_wconf 71' lang='lat' dir='ltr'>[eti</span> <span class='ocrx_word' id='word_1_92' title='bbox 1048 1265 1214 1332; x_wconf 75' lang='lat' dir='ltr'>Dominus</span> <span class='ocrx_word' id='word_1_93' title='bbox 1235 1264 1363 1332; x_wconf 73' lang='lat' dir='ltr'>eliserit</span> <span class='ocrx_word' id='word_1_94' title='bbox 1381 1265 1473 1331; x_wconf 88' lang='lat' dir='ltr'>mibi</span> <span class='ocrx_word' id='word_1_95' title='bbox 1495 1287 1510 1330; x_wconf 94' lang='grc'>.·</span> 
     </span>
     <span class='ocr_line' id='line_1_11' title="bbox 186 1370 1509 1455; baseline -0.001 -16"><span class='ocrx_word' id='word_1_96' title='bbox 186 1375 262 1440; x_wconf 85' lang='lat' dir='ltr'>Non</span> <span class='ocrx_word' id='word_1_97' title='bbox 282 1376 442 1442; x_wconf 77' lang='lat' dir='ltr'>transibis</span> <span class='ocrx_word' id='word_1_98' title='bbox 465 1370 647 1442; x_wconf 78' lang='lat' dir='ltr'>Iordanem</span> <span class='ocrx_word' id='word_1_99' title='bbox 673 1375 775 1441; x_wconf 86' lang='lat' dir='ltr'>istum</span> <span class='ocrx_word' id='word_1_100' title='bbox 794 1402 823 1442; x_wconf 79' lang='lat' dir='ltr'>n.</span> <span class='ocrx_word' id='word_1_101' title='bbox 848 1378 935 1440; x_wconf 88' lang='lat' dir='ltr'>Haec</span> <span class='ocrx_word' id='word_1_102' title='bbox 963 1379 1013 1439; x_wconf 88' lang='lat' dir='ltr'>esi</span> <span class='ocrx_word' id='word_1_103' title='bbox 1040 1373 1150 1439; x_wconf 86' lang='lat' dir='ltr'>altera</span> <span class='ocrx_word' id='word_1_104' title='bbox 1175 1371 1279 1455; x_wconf 88' lang='lat' dir='ltr'>ratio,</span> <span class='ocrx_word' id='word_1_105' title='bbox 1298 1378 1400 1439; x_wconf 90' lang='lat' dir='ltr'>Deum</span> <span class='ocrx_word' id='word_1_106' title='bbox 1429 1395 1509 1439; x_wconf 90' lang='lat' dir='ltr'>non</span> 
     </span>
     <span class='ocr_line' id='line_1_12' title="bbox 186 1480 1320 1569; baseline 0 -24"><span class='ocrx_word' id='word_1_107' title='bbox 186 1502 256 1548; x_wconf 88' lang='lat' dir='ltr'>esse</span> <span class='ocrx_word' id='word_1_108' title='bbox 272 1481 322 1548; x_wconf 93' lang='lat' dir='ltr'>illi</span> <span class='ocrx_word' id='word_1_109' title='bbox 340 1504 584 1549; x_wconf 90' lang='lat' dir='ltr'>concessurum</span> <span class='ocrx_word' id='word_1_110' title='bbox 599 1483 634 1548; x_wconf 93' lang='lat' dir='ltr'>in</span> <span class='ocrx_word' id='word_1_111' title='bbox 650 1483 716 1548; x_wconf 89' lang='lat' dir='ltr'>hac</span> <span class='ocrx_word' id='word_1_112' title='bbox 732 1505 769 1549; x_wconf 89' lang='lat' dir='ltr'>re</span> <span class='ocrx_word' id='word_1_113' title='bbox 788 1480 898 1548; x_wconf 88' lang='lat' dir='ltr'>robur</span> <span class='ocrx_word' id='word_1_114' title='bbox 913 1485 1047 1569; x_wconf 87' lang='lat' dir='ltr'>praeter</span> <span class='ocrx_word' id='word_1_115' title='bbox 1062 1487 1206 1546; x_wconf 90' lang='lat' dir='ltr'>naturae</span> <span class='ocrx_word' id='word_1_116' title='bbox 1221 1481 1320 1546; x_wconf 76' lang='lat' dir='ltr'>vires</span> 
     </span>
    </p>

    <p class='ocr_par' dir='ltr' id='par_1_4' title="bbox 136 1585 1512 3167">
     <span class='ocr_line' id='line_1_13' title="bbox 230 1585 1511 1677; baseline 0.002 -27"><span class='ocrx_word' id='word_1_117' title='bbox 230 1609 262 1654; x_wconf 91' lang='lat' dir='ltr'>v.</span> <span class='ocrx_word' id='word_1_118' title='bbox 282 1594 301 1653; x_wconf 84' lang='lat'><strong>3</strong></span> <span class='ocrx_word' id='word_1_119' title='bbox 325 1616 340 1649; x_wconf 90' lang='lat'>«</span> <span class='ocrx_word' id='word_1_120' title='bbox 361 1588 526 1655; x_wconf 79' lang='lat' dir='ltr'>Dominus</span> <span class='ocrx_word' id='word_1_121' title='bbox 541 1611 620 1677; x_wconf 74' lang='lat' dir='ltr'>erpo</span> <span class='ocrx_word' id='word_1_122' title='bbox 636 1590 726 1655; x_wconf 87' lang='lat' dir='ltr'>Deus</span> <span class='ocrx_word' id='word_1_123' title='bbox 746 1601 824 1654; x_wconf 86' lang='lat' dir='ltr'>tuus</span> <span class='ocrx_word' id='word_1_124' title='bbox 844 1585 1003 1653; x_wconf 87' lang='lat' dir='ltr'>transibit</span> <span class='ocrx_word' id='word_1_125' title='bbox 1020 1599 1099 1652; x_wconf 87' lang='lat' dir='ltr'>ante</span> <span class='ocrx_word' id='word_1_126' title='bbox 1117 1599 1160 1669; x_wconf 87' lang='lat' dir='ltr'>te,</span> <span class='ocrx_word' id='word_1_127' title='bbox 1180 1586 1251 1677; x_wconf 83' lang='lat' dir='ltr'>ipse</span> <span class='ocrx_word' id='word_1_128' title='bbox 1271 1585 1395 1654; x_wconf 80' lang='lat' dir='ltr'>delebit</span> <span class='ocrx_word' id='word_1_129' title='bbox 1418 1587 1511 1676; x_wconf 78' lang='lat' dir='ltr'>[orri-</span> 
     </span>
     <span class='ocr_line' id='line_1_14' title="bbox 185 1691 1511 1783; baseline 0.002 -25"><span class='ocrx_word' id='word_1_130' title='bbox 185 1694 253 1782; x_wconf 78' lang='lat' dir='ltr'>nes}</span> <span class='ocrx_word' id='word_1_131' title='bbox 272 1707 387 1783; x_wconf 76' lang='lat' dir='ltr'>pentes</span> <span class='ocrx_word' id='word_1_132' title='bbox 403 1695 464 1762; x_wconf 80' lang='lat' dir='ltr'>leus</span> <span class='ocrx_word' id='word_1_133' title='bbox 480 1695 516 1761; x_wconf 88' lang='lat' dir='ltr'>in</span> <span class='ocrx_word' id='word_1_134' title='bbox 531 1709 710 1783; x_wconf 78' lang='lat' dir='ltr'>cortspectn</span> <span class='ocrx_word' id='word_1_135' title='bbox 728 1708 785 1760; x_wconf 89' lang='lat' dir='ltr'>tuo</span> <span class='ocrx_word' id='word_1_136' title='bbox 806 1707 837 1761; x_wconf 90' lang='lat' dir='ltr'>et</span> <span class='ocrx_word' id='word_1_137' title='bbox 848 1691 1041 1782; x_wconf 81' lang='lat' dir='ltr'>possidebis</span> <span class='ocrx_word' id='word_1_138' title='bbox 1057 1712 1133 1776; x_wconf 88' lang='lat' dir='ltr'>ens,·</span> <span class='ocrx_word' id='word_1_139' title='bbox 1147 1706 1179 1759; x_wconf 87' lang='lat' dir='ltr'>et</span> <span class='ocrx_word' id='word_1_140' title='bbox 1193 1696 1290 1758; x_wconf 82' lang='lat' dir='ltr'>losrre</span> <span class='ocrx_word' id='word_1_141' title='bbox 1308 1693 1369 1759; x_wconf 84' lang='lat' dir='ltr'>iste</span> <span class='ocrx_word' id='word_1_142' title='bbox 1388 1705 1511 1760; x_wconf 78' lang='lat' dir='ltr'>trans-</span> 
     </span>
     <span class='ocr_line' id='line_1_15' title="bbox 185 1799 1507 1886; baseline 0 -21"><span class='ocrx_word' id='word_1_143' title='bbox 185 1799 247 1865; x_wconf 89' lang='lat' dir='ltr'>ibit</span> <span class='ocrx_word' id='word_1_144' title='bbox 268 1813 347 1867; x_wconf 81' lang='lat' dir='ltr'>urite</span> <span class='ocrx_word' id='word_1_145' title='bbox 371 1808 417 1886; x_wconf 86' lang='lat' dir='ltr'>te,</span> <span class='ocrx_word' id='word_1_146' title='bbox 440 1801 526 1868; x_wconf 81' lang='lat' dir='ltr'>sicirt</span> <span class='ocrx_word' id='word_1_147' title='bbox 547 1801 681 1868; x_wconf 87' lang='lat' dir='ltr'>loeutus</span> <span class='ocrx_word' id='word_1_148' title='bbox 702 1814 752 1868; x_wconf 89' lang='lat' dir='ltr'>est</span> <span class='ocrx_word' id='word_1_149' title='bbox 778 1801 992 1867; x_wconf 84' lang='lat' dir='ltr'>Dominus».</span> <span class='ocrx_word' id='word_1_150' title='bbox 1018 1801 1145 1866; x_wconf 63' lang='lat' dir='ltr'>Heben:</span> <span class='ocrx_word' id='word_1_151' title='bbox 1172 1799 1273 1866; x_wconf 79' lang='lat' dir='ltr'>Iniere</span> <span class='ocrx_word' id='word_1_152' title='bbox 1298 1803 1385 1867; x_wconf 88' lang='lat' dir='ltr'>Deus</span> <span class='ocrx_word' id='word_1_153' title='bbox 1409 1813 1507 1883; x_wconf 90' lang='lat' dir='ltr'>tuus,</span> 
     </span>
     <span class='ocr_line' id='line_1_16' title="bbox 185 1906 1507 1996; baseline 0.002 -25"><span class='ocrx_word' id='word_1_154' title='bbox 185 1906 256 1995; x_wconf 83' lang='lat' dir='ltr'>ipse</span> <span class='ocrx_word' id='word_1_155' title='bbox 280 1908 450 1974; x_wconf 83' lang='lat' dir='ltr'>transiens</span> <span class='ocrx_word' id='word_1_156' title='bbox 474 1921 554 1974; x_wconf 83' lang='lat' dir='ltr'>aitte</span> <span class='ocrx_word' id='word_1_157' title='bbox 576 1921 607 1974; x_wconf 89' lang='lat' dir='ltr'>te</span> <span class='ocrx_word' id='word_1_158' title='bbox 630 1907 756 1975; x_wconf 84' lang='lat' dir='ltr'>delebit</span> <span class='ocrx_word' id='word_1_159' title='bbox 780 1919 865 1992; x_wconf 83' lang='lat' dir='ltr'>etr.,·</span> <span class='ocrx_word' id='word_1_160' title='bbox 886 1909 982 1973; x_wconf 85' lang='lat' dir='ltr'>Iosue</span> <span class='ocrx_word' id='word_1_161' title='bbox 1007 1907 1076 1996; x_wconf 79' lang='lat' dir='ltr'>ipse</span> <span class='ocrx_word' id='word_1_162' title='bbox 1106 1906 1248 1972; x_wconf 79' lang='lat' dir='ltr'>transiet</span> <span class='ocrx_word' id='word_1_163' title='bbox 1267 1919 1347 1973; x_wconf 85' lang='lat' dir='ltr'>ante</span> <span class='ocrx_word' id='word_1_164' title='bbox 1374 1920 1406 1973; x_wconf 90' lang='lat' dir='ltr'>te</span> <span class='ocrx_word' id='word_1_165' title='bbox 1438 1921 1507 1976; x_wconf 86' lang='lat' dir='ltr'>etc.</span> 
     </span>
     <span class='ocr_line' id='line_1_17' title="bbox 136 2012 1511 2105; baseline 0.002 -27"><span class='ocrx_word' id='word_1_166' title='bbox 136 2058 144 2068; x_wconf 67' lang='lat'>„</span> <span class='ocrx_word' id='word_1_167' title='bbox 183 2013 364 2082; x_wconf 86' lang='lat' dir='ltr'>Traiicient</span> <span class='ocrx_word' id='word_1_168' title='bbox 386 2016 485 2081; x_wconf 87' lang='lat' dir='ltr'>lahve</span> <span class='ocrx_word' id='word_1_169' title='bbox 510 2021 544 2082; x_wconf 84' lang='lat' dir='ltr'>el</span> <span class='ocrx_word' id='word_1_170' title='bbox 565 2021 660 2083; x_wconf 91' lang='lat' dir='ltr'>losue</span> <span class='ocrx_word' id='word_1_171' title='bbox 683 2014 863 2082; x_wconf 87' lang='lat' dir='ltr'>Iordanem</span> <span class='ocrx_word' id='word_1_172' title='bbox 887 2018 966 2081; x_wconf 87' lang='lat' dir='ltr'>anie</span> <span class='ocrx_word' id='word_1_173' title='bbox 987 2012 1168 2105; x_wconf 90' lang='lat' dir='ltr'>populum,</span> <span class='ocrx_word' id='word_1_174' title='bbox 1189 2012 1247 2079; x_wconf 89' lang='lat' dir='ltr'>sed</span> <span class='ocrx_word' id='word_1_175' title='bbox 1269 2013 1374 2080; x_wconf 86' lang='lat' dir='ltr'>solius</span> <span class='ocrx_word' id='word_1_176' title='bbox 1398 2014 1511 2082; x_wconf 88' lang='lat' dir='ltr'>Iahve</span> 
     </span>
     <span class='ocr_line' id='line_1_18' title="bbox 184 2119 1508 2210; baseline 0.003 -25"><span class='ocrx_word' id='word_1_177' title='bbox 184 2127 234 2186; x_wconf 88' lang='lat' dir='ltr'>esl</span> <span class='ocrx_word' id='word_1_178' title='bbox 248 2120 354 2208; x_wconf 83' lang='lat' dir='ltr'>virius</span> <span class='ocrx_word' id='word_1_179' title='bbox 376 2121 600 2189; x_wconf 88' lang='lat' dir='ltr'>delendorum</span> <span class='ocrx_word' id='word_1_180' title='bbox 620 2121 850 2188; x_wconf 89' lang='lat' dir='ltr'>inimicorum.</span> <span class='ocrx_word' id='word_1_181' title='bbox 864 2120 1032 2210; x_wconf 86' lang='lat' dir='ltr'>-Copulam</span> <span class='ocrx_word' id='word_1_182' title='bbox 1051 2126 1129 2186; x_wconf 85' lang='lat' dir='ltr'>ante</span> <span class='ocrx_word' id='word_1_183' title='bbox 1145 2122 1241 2186; x_wconf 86' lang='lat' dir='ltr'>losue</span> <span class='ocrx_word' id='word_1_184' title='bbox 1255 2119 1387 2186; x_wconf 86' lang='lat' dir='ltr'>habent</span> <span class='ocrx_word' id='word_1_185' title='bbox 1402 2121 1508 2189; x_wconf 84' lang='lat' dir='ltr'>Sum.</span> 
     </span>
     <span class='ocr_line' id='line_1_19' title="bbox 183 2225 1508 2318; baseline 0.003 -29"><span class='ocrx_word' id='word_1_186' title='bbox 183 2229 276 2292; x_wconf 79' lang='lat' dir='ltr'>LXX</span> <span class='ocrx_word' id='word_1_187' title='bbox 301 2228 399 2316; x_wconf 74' lang='lat' dir='ltr'>Vulq.</span> <span class='ocrx_word' id='word_1_188' title='bbox 422 2251 453 2294; x_wconf 80' lang='lat' dir='ltr'>v.</span> <span class='ocrx_word' id='word_1_189' title='bbox 480 2236 498 2295; x_wconf 74' lang='lat' dir='ltr'>tr</span> <span class='ocrx_word' id='word_1_190' title='bbox 521 2256 536 2288; x_wconf 90' lang='lat'>«</span> <span class='ocrx_word' id='word_1_191' title='bbox 563 2228 748 2317; x_wconf 83' lang='lat' dir='ltr'>Facietque</span> <span class='ocrx_word' id='word_1_192' title='bbox 768 2228 935 2294; x_wconf 87' lang='lat' dir='ltr'>Dominus</span> <span class='ocrx_word' id='word_1_193' title='bbox 955 2226 1015 2311; x_wconf 87' lang='lat' dir='ltr'>eis,</span> <span class='ocrx_word' id='word_1_194' title='bbox 1036 2226 1124 2291; x_wconf 87' lang='lat' dir='ltr'>sicut</span> <span class='ocrx_word' id='word_1_195' title='bbox 1143 2226 1228 2314; x_wconf 81' lang='lat' dir='ltr'>serit</span> <span class='ocrx_word' id='word_1_196' title='bbox 1246 2225 1358 2293; x_wconf 87' lang='lat' dir='ltr'>Sebon</span> <span class='ocrx_word' id='word_1_197' title='bbox 1379 2239 1412 2293; x_wconf 88' lang='lat' dir='ltr'>et</span> <span class='ocrx_word' id='word_1_198' title='bbox 1436 2229 1508 2318; x_wconf 71' lang='lat'>09,</span> 
     </span>
     <span class='ocr_line' id='line_1_20' title="bbox 183 2331 1508 2422; baseline 0.003 -26"><span class='ocrx_word' id='word_1_199' title='bbox 183 2332 316 2420; x_wconf 74' lang='lat' dir='ltr'>rupibus</span> <span class='ocrx_word' id='word_1_200' title='bbox 331 2333 629 2416; x_wconf 72' lang='lat' dir='ltr'>Arnon-lineorum,</span> <span class='ocrx_word' id='word_1_201' title='bbox 645 2347 677 2399; x_wconf 90' lang='lat' dir='ltr'>et</span> <span class='ocrx_word' id='word_1_202' title='bbox 691 2346 799 2400; x_wconf 86' lang='lat' dir='ltr'>terrae</span> <span class='ocrx_word' id='word_1_203' title='bbox 820 2356 949 2416; x_wconf 89' lang='lat' dir='ltr'>eorum,</span> <span class='ocrx_word' id='word_1_204' title='bbox 963 2331 1153 2422; x_wconf 83' lang='lat' dir='ltr'>delebitque</span> <span class='ocrx_word' id='word_1_205' title='bbox 1169 2356 1224 2400; x_wconf 89' lang='lat' dir='ltr'>eos</span> <span class='ocrx_word' id='word_1_206' title='bbox 1241 2361 1271 2399; x_wconf 91' lang='lat'>».</span> <span class='ocrx_word' id='word_1_207' title='bbox 1290 2356 1321 2400; x_wconf 86' lang='lat' dir='ltr'>v.</span> <span class='ocrx_word' id='word_1_208' title='bbox 1340 2342 1360 2401; x_wconf 82' lang='lat'>5</span> <span class='ocrx_word' id='word_1_209' title='bbox 1378 2361 1394 2395; x_wconf 79' lang='lat' dir='ltr'>a</span> <span class='ocrx_word' id='word_1_210' title='bbox 1416 2336 1508 2402; x_wconf 87' lang='lat' dir='ltr'>Cum</span> 
     </span>
     <span class='ocr_line' id='line_1_21' title="bbox 183 2438 1512 2532; baseline 0.003 -28"><span class='ocrx_word' id='word_1_211' title='bbox 183 2460 261 2529; x_wconf 76' lang='lat' dir='ltr'>erpo</span> <span class='ocrx_word' id='word_1_212' title='bbox 289 2438 341 2528; x_wconf 74' lang='lat' dir='ltr'>{et}</span> <span class='ocrx_word' id='word_1_213' title='bbox 371 2439 430 2505; x_wconf 82' lang='lat' dir='ltr'>bos</span> <span class='ocrx_word' id='word_1_214' title='bbox 455 2438 636 2506; x_wconf 78' lang='lat' dir='ltr'>tradiderit</span> <span class='ocrx_word' id='word_1_215' title='bbox 661 2440 765 2525; x_wconf 86' lang='lat' dir='ltr'>vobis,</span> <span class='ocrx_word' id='word_1_216' title='bbox 791 2439 955 2506; x_wconf 87' lang='lat' dir='ltr'>similiter</span> <span class='ocrx_word' id='word_1_217' title='bbox 975 2439 1116 2528; x_wconf 76' lang='lat' dir='ltr'>facietis</span> <span class='ocrx_word' id='word_1_218' title='bbox 1141 2440 1201 2524; x_wconf 88' lang='lat' dir='ltr'>eis,</span> <span class='ocrx_word' id='word_1_219' title='bbox 1228 2440 1315 2506; x_wconf 82' lang='lat' dir='ltr'>sieut</span> <span class='ocrx_word' id='word_1_220' title='bbox 1334 2443 1512 2532; x_wconf 80' lang='lat' dir='ltr'>praecepi</span> 
     </span>
     <span class='ocr_line' id='line_1_22' title="bbox 184 2544 1509 2639; baseline 0.003 -29"><span class='ocrx_word' id='word_1_221' title='bbox 184 2544 277 2611; x_wconf 87' lang='lat' dir='ltr'>uobis</span> <span class='ocrx_word' id='word_1_222' title='bbox 293 2573 323 2614; x_wconf 86' lang='lat'>».</span> <span class='ocrx_word' id='word_1_223' title='bbox 342 2546 390 2612; x_wconf 84' lang='lat' dir='ltr'>Cf.</span> <span class='ocrx_word' id='word_1_224' title='bbox 408 2550 464 2614; x_wconf 86' lang='lat' dir='ltr'>Ex.</span> <span class='ocrx_word' id='word_1_225' title='bbox 489 2553 696 2639; x_wconf 77' lang='lat' dir='ltr'>3b,11sqq.;</span> <span class='ocrx_word' id='word_1_226' title='bbox 715 2552 812 2615; x_wconf 87' lang='lat' dir='ltr'>Num.</span> <span class='ocrx_word' id='word_1_227' title='bbox 838 2552 937 2630; x_wconf 84' lang='lat'>33,51</span> <span class='ocrx_word' id='word_1_228' title='bbox 957 2567 1048 2636; x_wconf 86' lang='lat' dir='ltr'>sqq.;</span> <span class='ocrx_word' id='word_1_229' title='bbox 1063 2551 1161 2614; x_wconf 83' lang='lat' dir='ltr'>Deui.</span> <span class='ocrx_word' id='word_1_230' title='bbox 1184 2552 1241 2628; x_wconf 54' lang='lat' dir='ltr'>7,ss</span> <span class='ocrx_word' id='word_1_231' title='bbox 1259 2569 1334 2636; x_wconf 90' lang='lat' dir='ltr'>sqq.</span> <span class='ocrx_word' id='word_1_232' title='bbox 1355 2553 1509 2614; x_wconf 89' lang='lat' dir='ltr'>Demon-</span> 
     </span>
     <span class='ocr_line' id='line_1_23' title="bbox 182 2651 1510 2744; baseline 0.002 -26"><span class='ocrx_word' id='word_1_233' title='bbox 182 2651 311 2719; x_wconf 85' lang='lat' dir='ltr'>strabat</span> <span class='ocrx_word' id='word_1_234' title='bbox 328 2658 414 2719; x_wconf 90' lang='lat' dir='ltr'>Deus</span> <span class='ocrx_word' id='word_1_235' title='bbox 427 2677 458 2720; x_wconf 90' lang='lat' dir='ltr'>v.</span> <span class='ocrx_word' id='word_1_236' title='bbox 482 2659 512 2735; x_wconf 78' lang='lat' dir='ltr'>b,</span> <span class='ocrx_word' id='word_1_237' title='bbox 529 2653 614 2743; x_wconf 88' lang='lat' dir='ltr'>quid</span> <span class='ocrx_word' id='word_1_238' title='bbox 626 2655 704 2744; x_wconf 30' lang='lat' dir='ltr'>,ipse</span> <span class='ocrx_word' id='word_1_239' title='bbox 722 2654 875 2721; x_wconf 82' lang='lat' dir='ltr'>lecturus</span> <span class='ocrx_word' id='word_1_240' title='bbox 893 2661 995 2731; x_wconf 70' lang='lat' dir='ltr'>essen</span> <span class='ocrx_word' id='word_1_241' title='bbox 1011 2658 1128 2720; x_wconf 80' lang='lat' dir='ltr'>monet</span> <span class='ocrx_word' id='word_1_242' title='bbox 1143 2675 1200 2718; x_wconf 90' lang='lat' dir='ltr'>eos</span> <span class='ocrx_word' id='word_1_243' title='bbox 1218 2676 1250 2720; x_wconf 90' lang='lat' dir='ltr'>v.</span> <span class='ocrx_word' id='word_1_244' title='bbox 1269 2659 1300 2734; x_wconf 83' lang='lat'>5,</span> <span class='ocrx_word' id='word_1_245' title='bbox 1318 2652 1401 2742; x_wconf 92' lang='lat' dir='ltr'>quid</span> <span class='ocrx_word' id='word_1_246' title='bbox 1418 2654 1510 2744; x_wconf 88' lang='lat' dir='ltr'>ipsis</span> 
     </span>
     <span class='ocr_line' id='line_1_24' title="bbox 182 2758 1508 2850; baseline 0.005 -27"><span class='ocrx_word' id='word_1_247' title='bbox 182 2758 388 2840; x_wconf 86' lang='lat' dir='ltr'>laciendum,</span> <span class='ocrx_word' id='word_1_248' title='bbox 407 2783 439 2826; x_wconf 91' lang='lat' dir='ltr'>v.</span> <span class='ocrx_word' id='word_1_249' title='bbox 459 2768 490 2842; x_wconf 98' lang='grc'>6,</span> <span class='ocrx_word' id='word_1_250' title='bbox 510 2760 683 2850; x_wconf 92' lang='lat' dir='ltr'>quomodo</span> <span class='ocrx_word' id='word_1_251' title='bbox 700 2760 889 2848; x_wconf 86' lang='lat' dir='ltr'>agendum.</span> <span class='ocrx_word' id='word_1_252' title='bbox 908 2783 940 2824; x_wconf 94' lang='lat' dir='ltr'>v.</span> <span class='ocrx_word' id='word_1_253' title='bbox 956 2766 976 2825; x_wconf 90' lang='grc'><strong>6</strong></span> <span class='ocrx_word' id='word_1_254' title='bbox 994 2787 1008 2819; x_wconf 88' lang='lat'>«</span> <span class='ocrx_word' id='word_1_255' title='bbox 1032 2758 1184 2826; x_wconf 85' lang='lat' dir='ltr'>Viriliter</span> <span class='ocrx_word' id='word_1_256' title='bbox 1201 2759 1292 2848; x_wconf 76' lang='lat' dir='ltr'>cpite</span> <span class='ocrx_word' id='word_1_257' title='bbox 1311 2786 1326 2819; x_wconf 79' lang='lat' dir='ltr'>n</span> <span class='ocrx_word' id='word_1_258' title='bbox 1347 2759 1508 2828; x_wconf 85' lang='lat' dir='ltr'>-idem</span> 
     </span>
     <span class='ocr_line' id='line_1_25' title="bbox 181 2865 1507 2955; baseline 0.002 -24"><span class='ocrx_word' id='word_1_259' title='bbox 181 2867 337 2947; x_wconf 89' lang='lat' dir='ltr'>verbum,</span> <span class='ocrx_word' id='word_1_260' title='bbox 357 2867 450 2955; x_wconf 89' lang='lat' dir='ltr'>quod</span> <span class='ocrx_word' id='word_1_261' title='bbox 471 2889 502 2933; x_wconf 89' lang='lat' dir='ltr'>v.</span> <span class='ocrx_word' id='word_1_262' title='bbox 524 2875 543 2932; x_wconf 80' lang='lat' dir='ltr'>&#39;t</span> <span class='ocrx_word' id='word_1_263' title='bbox 567 2866 707 2933; x_wconf 81' lang='lat' dir='ltr'>vertitur</span> <span class='ocrx_word' id='word_1_264' title='bbox 726 2895 742 2927; x_wconf 79' lang='lat' dir='ltr'>o</span> <span class='ocrx_word' id='word_1_265' title='bbox 760 2866 952 2934; x_wconf 74' lang='lat' dir='ltr'>confortare</span> <span class='ocrx_word' id='word_1_266' title='bbox 977 2895 991 2926; x_wconf 88' lang='lat'>»</span> <span class='ocrx_word' id='word_1_267' title='bbox 1013 2905 1056 2916; x_wconf 92' lang='lat'>-</span> <span class='ocrx_word' id='word_1_268' title='bbox 1075 2896 1088 2926; x_wconf 71' lang='lat' dir='ltr'>a</span> <span class='ocrx_word' id='word_1_269' title='bbox 1109 2878 1142 2932; x_wconf 88' lang='lat' dir='ltr'>et</span> <span class='ocrx_word' id='word_1_270' title='bbox 1156 2865 1507 2954; x_wconf 74' lang='lat' dir='ltr'>confortamini,·no-</span> 
     </span>
     <span class='ocr_line' id='line_1_26' title="bbox 183 2970 1507 3063; baseline 0 -28"><span class='ocrx_word' id='word_1_271' title='bbox 183 2970 242 3037; x_wconf 87' lang='lat' dir='ltr'>lite</span> <span class='ocrx_word' id='word_1_272' title='bbox 265 2973 383 3038; x_wconf 83' lang='lat' dir='ltr'>timere</span> <span class='ocrx_word' id='word_1_273' title='bbox 406 2997 465 3039; x_wconf 82' lang='lat' dir='ltr'>nee</span> <span class='ocrx_word' id='word_1_274' title='bbox 485 2973 641 3062; x_wconf 79' lang='lat' dir='ltr'>pareatis</span> <span class='ocrx_word' id='word_1_275' title='bbox 661 2972 709 3039; x_wconf 87' lang='lat' dir='ltr'>nd</span> <span class='ocrx_word' id='word_1_276' title='bbox 728 2985 944 3063; x_wconf 77' lang='lat' dir='ltr'>conspectum</span> <span class='ocrx_word' id='word_1_277' title='bbox 970 2995 1098 3054; x_wconf 86' lang='lat' dir='ltr'>eorum,</span> <span class='ocrx_word' id='word_1_278' title='bbox 1116 2973 1200 3061; x_wconf 81' lang='lat' dir='ltr'>quin</span> <span class='ocrx_word' id='word_1_279' title='bbox 1225 2973 1388 3038; x_wconf 82' lang='lat' dir='ltr'>Dominus</span> <span class='ocrx_word' id='word_1_280' title='bbox 1411 2976 1507 3040; x_wconf 70' lang='lat' dir='ltr'>Deus·</span> 
     </span>
     <span class='ocr_line' id='line_1_27' title="bbox 183 3077 1359 3167; baseline 0.004 -26"><span class='ocrx_word' id='word_1_281' title='bbox 183 3091 260 3143; x_wconf 81' lang='lat' dir='ltr'>tuiis</span> <span class='ocrx_word' id='word_1_282' title='bbox 281 3078 349 3166; x_wconf 82' lang='lat' dir='ltr'>ipse</span> <span class='ocrx_word' id='word_1_283' title='bbox 365 3092 412 3143; x_wconf 88' lang='lat' dir='ltr'>est</span> <span class='ocrx_word' id='word_1_284' title='bbox 432 3078 551 3144; x_wconf 78' lang='lat' dir='ltr'>(brieter</span> <span class='ocrx_word' id='word_1_285' title='bbox 569 3093 658 3161; x_wconf 88' lang='lat' dir='ltr'>tuns,</span> <span class='ocrx_word' id='word_1_286' title='bbox 678 3092 709 3144; x_wconf 89' lang='lat' dir='ltr'>et</span> <span class='ocrx_word' id='word_1_287' title='bbox 727 3102 795 3144; x_wconf 88' lang='lat' dir='ltr'>non</span> <span class='ocrx_word' id='word_1_288' title='bbox 811 3077 962 3145; x_wconf 86' lang='lat' dir='ltr'>dimittet</span> <span class='ocrx_word' id='word_1_289' title='bbox 977 3101 1037 3145; x_wconf 85' lang='lat' dir='ltr'>nec</span> <span class='ocrx_word' id='word_1_290' title='bbox 1053 3078 1266 3167; x_wconf 83' lang='lat' dir='ltr'>derelinquet</span> <span class='ocrx_word' id='word_1_291' title='bbox 1281 3092 1312 3144; x_wconf 87' lang='lat' dir='ltr'>te</span> <span class='ocrx_word' id='word_1_292' title='bbox 1331 3107 1359 3146; x_wconf 75' lang='lat' dir='ltr'>n.</span> 
     </span>
    </p>

    <p class='ocr_par' dir='ltr' id='par_1_5' title="bbox 176 3183 1505 3810">
     <span class='ocr_line' id='line_1_28' title="bbox 215 3183 1505 3275; baseline 0.006 -28"><span class='ocrx_word' id='word_1_293' title='bbox 215 3206 256 3270; x_wconf 64' lang='lat' dir='ltr'>t·</span> <span class='ocrx_word' id='word_1_294' title='bbox 280 3191 299 3249; x_wconf 85' lang='lat'><strong>7</strong></span> <span class='ocrx_word' id='word_1_295' title='bbox 323 3214 337 3244; x_wconf 88' lang='lat'>«</span> <span class='ocrx_word' id='word_1_296' title='bbox 366 3185 571 3274; x_wconf 82' lang='lat' dir='ltr'>Vorocitque</span> <span class='ocrx_word' id='word_1_297' title='bbox 598 3189 732 3275; x_wconf 75' lang='lat' dir='ltr'>Moyses</span> <span class='ocrx_word' id='word_1_298' title='bbox 756 3188 851 3252; x_wconf 89' lang='lat' dir='ltr'>Iosue</span> <span class='ocrx_word' id='word_1_299' title='bbox 875 3197 908 3251; x_wconf 89' lang='lat' dir='ltr'>et</span> <span class='ocrx_word' id='word_1_300' title='bbox 933 3183 1022 3250; x_wconf 72' lang='lat' dir='ltr'>dimit</span> <span class='ocrx_word' id='word_1_301' title='bbox 1050 3184 1082 3250; x_wconf 88' lang='lat' dir='ltr'>ei</span> <span class='ocrx_word' id='word_1_302' title='bbox 1101 3207 1214 3252; x_wconf 87' lang='lat' dir='ltr'>coram</span> <span class='ocrx_word' id='word_1_303' title='bbox 1239 3186 1335 3252; x_wconf 85' lang='lat' dir='ltr'>omni</span> <span class='ocrx_word' id='word_1_304' title='bbox 1361 3188 1472 3254; x_wconf 84' lang='lat' dir='ltr'>Israel</span> <span class='ocrx_word' id='word_1_305' title='bbox 1490 3211 1505 3253; x_wconf 89' lang='grc'>.·</span> 
     </span>
     <span class='ocr_line' id='line_1_29' title="bbox 183 3274 1501 3378; baseline 0.004 -23"><span class='ocrx_word' id='word_1_306' title='bbox 183 3291 384 3378; x_wconf 69' lang='lat' dir='ltr'>confortare</span> <span class='ocrx_word' id='word_1_307' title='bbox 400 3304 433 3357; x_wconf 87' lang='lat' dir='ltr'>et</span> <span class='ocrx_word' id='word_1_308' title='bbox 452 3305 521 3357; x_wconf 87' lang='lat' dir='ltr'>esto</span> <span class='ocrx_word' id='word_1_309' title='bbox 542 3294 717 3377; x_wconf 75' lang='lat' dir='ltr'>robustus,</span> <span class='ocrx_word' id='word_1_310' title='bbox 734 3304 770 3358; x_wconf 90' lang='lat' dir='ltr'>tu</span> <span class='ocrx_word' id='word_1_311' title='bbox 786 3292 877 3359; x_wconf 88' lang='lat' dir='ltr'>enim</span> <span class='ocrx_word' id='word_1_312' title='bbox 896 3290 1089 3358; x_wconf 81' lang='lat' dir='ltr'>introduces</span> <span class='ocrx_word' id='word_1_313' title='bbox 1110 3323 1124 3350; x_wconf 92' lang='lat'>»</span> <span class='ocrx_word' id='word_1_314' title='bbox 1146 3332 1190 3341; x_wconf 92' lang='lat'>-</span> <span class='ocrx_word' id='word_1_315' title='bbox 1206 3274 1287 3356; x_wconf 62' lang='lat' dir='ltr'>nrz‘n</span> <span class='ocrx_word' id='word_1_316' title='bbox 1305 3311 1312 3352; x_wconf 79' lang='lat' dir='ltr'>t</span> <span class='ocrx_word' id='word_1_317' title='bbox 1330 3293 1377 3360; x_wconf 84' lang='lat' dir='ltr'>ita</span> <span class='ocrx_word' id='word_1_318' title='bbox 1397 3295 1501 3360; x_wconf 83' lang='lat' dir='ltr'>Sum.</span> 
     </span>
     <span class='ocr_line' id='line_1_30' title="bbox 179 3374 1502 3490; baseline 0.003 -26"><span class='ocrx_word' id='word_1_319' title='bbox 179 3398 258 3487; x_wconf 73' lang='lat' dir='ltr'>Syr.</span> <span class='ocrx_word' id='word_1_320' title='bbox 281 3397 382 3488; x_wconf 77' lang='lat' dir='ltr'>Vulp.</span> <span class='ocrx_word' id='word_1_321' title='bbox 405 3406 525 3466; x_wconf 84' lang='lat' dir='ltr'>cont-ra</span> <span class='ocrx_word' id='word_1_322' title='bbox 548 3403 648 3468; x_wconf 88' lang='lat' dir='ltr'>Hebr.</span> <span class='ocrx_word' id='word_1_323' title='bbox 666 3402 757 3467; x_wconf 81' lang='lat' dir='ltr'>LXX</span> <span class='ocrx_word' id='word_1_324' title='bbox 775 3415 856 3465; x_wconf 66' lang='lat' dir='ltr'>nun</span> <span class='ocrx_word' id='word_1_325' title='bbox 872 3438 916 3449; x_wconf 90' lang='lat'>—</span> <span class='ocrx_word' id='word_1_326' title='bbox 939 3430 954 3460; x_wconf 76' lang='lat' dir='ltr'>a</span> <span class='ocrx_word' id='word_1_327' title='bbox 976 3399 1144 3490; x_wconf 71' lang='lat' dir='ltr'>properium</span> <span class='ocrx_word' id='word_1_328' title='bbox 1169 3399 1271 3466; x_wconf 89' lang='lat' dir='ltr'>istum</span> <span class='ocrx_word' id='word_1_329' title='bbox 1298 3400 1335 3466; x_wconf 85' lang='lat' dir='ltr'>in</span> <span class='ocrx_word' id='word_1_330' title='bbox 1355 3374 1502 3484; x_wconf 70' lang='lat' dir='ltr'>tebrnm,</span> 
     </span>
     <span class='ocr_line' id='line_1_31' title="bbox 178 3505 1504 3596; baseline 0.002 -26"><span class='ocrx_word' id='word_1_331' title='bbox 178 3527 282 3594; x_wconf 82' lang='lat' dir='ltr'>qitum</span> <span class='ocrx_word' id='word_1_332' title='bbox 303 3505 464 3573; x_wconf 87' lang='lat' dir='ltr'>daturum</span> <span class='ocrx_word' id='word_1_333' title='bbox 489 3530 522 3573; x_wconf 87' lang='lat' dir='ltr'>se</span> <span class='ocrx_word' id='word_1_334' title='bbox 539 3508 695 3596; x_wconf 86' lang='lat' dir='ltr'>putribus</span> <span class='ocrx_word' id='word_1_335' title='bbox 718 3529 833 3574; x_wconf 87' lang='lat' dir='ltr'>eornm</span> <span class='ocrx_word' id='word_1_336' title='bbox 856 3506 984 3573; x_wconf 86' lang='lat' dir='ltr'>iura-cit</span> <span class='ocrx_word' id='word_1_337' title='bbox 1006 3507 1181 3593; x_wconf 85' lang='lat' dir='ltr'>Dominus,</span> <span class='ocrx_word' id='word_1_338' title='bbox 1198 3518 1230 3572; x_wconf 90' lang='lat' dir='ltr'>et</span> <span class='ocrx_word' id='word_1_339' title='bbox 1253 3520 1289 3572; x_wconf 85' lang='lat' dir='ltr'>tu</span> <span class='ocrx_word' id='word_1_340' title='bbox 1311 3529 1386 3573; x_wconf 87' lang='lat' dir='ltr'>eum</span> <span class='ocrx_word' id='word_1_341' title='bbox 1408 3521 1504 3573; x_wconf 83' lang='lat' dir='ltr'>sorte</span> 
     </span>
     <span class='ocr_line' id='line_1_32' title="bbox 177 3610 1504 3703; baseline 0.003 -29"><span class='ocrx_word' id='word_1_342' title='bbox 177 3610 308 3677; x_wconf 85' lang='lat' dir='ltr'>divides</span> <span class='ocrx_word' id='word_1_343' title='bbox 327 3641 357 3679; x_wconf 80' lang='lat' dir='ltr'>o.</span> <span class='ocrx_word' id='word_1_344' title='bbox 378 3636 409 3678; x_wconf 90' lang='lat' dir='ltr'>v.</span> <span class='ocrx_word' id='word_1_345' title='bbox 428 3619 448 3679; x_wconf 88' lang='lat'>8</span> <span class='ocrx_word' id='word_1_346' title='bbox 470 3643 483 3673; x_wconf 90' lang='lat'>«</span> <span class='ocrx_word' id='word_1_347' title='bbox 507 3616 550 3679; x_wconf 83' lang='lat' dir='ltr'>tn</span> <span class='ocrx_word' id='word_1_348' title='bbox 569 3615 744 3699; x_wconf 85' lang='lat' dir='ltr'>Dominus,</span> <span class='ocrx_word' id='word_1_349' title='bbox 766 3615 828 3703; x_wconf 86' lang='lat' dir='ltr'>qui</span> <span class='ocrx_word' id='word_1_350' title='bbox 849 3613 970 3679; x_wconf 82' lang='lat' dir='ltr'>durior</span> <span class='ocrx_word' id='word_1_351' title='bbox 989 3626 1037 3679; x_wconf 83' lang='lat' dir='ltr'>est</span> <span class='ocrx_word' id='word_1_352' title='bbox 1055 3627 1170 3696; x_wconf 84' lang='lat' dir='ltr'>cester,</span> <span class='ocrx_word' id='word_1_353' title='bbox 1192 3615 1263 3701; x_wconf 74' lang='lat' dir='ltr'>epse</span> <span class='ocrx_word' id='word_1_354' title='bbox 1284 3613 1347 3679; x_wconf 84' lang='lat' dir='ltr'>erit</span> <span class='ocrx_word' id='word_1_355' title='bbox 1363 3626 1504 3691; x_wconf 69' lang='lat' dir='ltr'>terrun:</span> 
     </span>
     <span class='ocr_line' id='line_1_33' title="bbox 176 3717 1282 3810; baseline 0.002 -28"><span class='ocrx_word' id='word_1_356' title='bbox 176 3740 243 3782; x_wconf 88' lang='lat' dir='ltr'>non</span> <span class='ocrx_word' id='word_1_357' title='bbox 259 3717 409 3784; x_wconf 85' lang='lat' dir='ltr'>dimittet</span> <span class='ocrx_word' id='word_1_358' title='bbox 425 3742 485 3785; x_wconf 86' lang='lat' dir='ltr'>nec</span> <span class='ocrx_word' id='word_1_359' title='bbox 505 3720 717 3810; x_wconf 77' lang='lat' dir='ltr'>tlerulinquet</span> <span class='ocrx_word' id='word_1_360' title='bbox 733 3734 775 3786; x_wconf 84' lang='lat' dir='ltr'>te.</span> <span class='ocrx_word' id='word_1_361' title='bbox 797 3721 880 3788; x_wconf 87' lang='lat' dir='ltr'>Noli</span> <span class='ocrx_word' id='word_1_362' title='bbox 899 3721 1016 3786; x_wconf 88' lang='lat' dir='ltr'>timere</span> <span class='ocrx_word' id='word_1_363' title='bbox 1036 3743 1096 3785; x_wconf 81' lang='lat' dir='ltr'>nec</span> <span class='ocrx_word' id='word_1_364' title='bbox 1109 3742 1235 3810; x_wconf 83' lang='lat' dir='ltr'>pareus</span> <span class='ocrx_word' id='word_1_365' title='bbox 1255 3751 1282 3784; x_wconf 69' lang='lat' dir='ltr'>n.</span> 
     </span>
    </p>
   </div>
   <div class='ocr_carea' id='block_1_3' title="bbox 178 3972 1499 4129">
    <p class='ocr_par' dir='ltr' id='par_1_6' title="bbox 178 3972 1499 4129">
     <span class='ocr_line' id='line_1_34' title="bbox 212 3972 1499 4041; baseline 0.004 -20"><span class='ocrx_word' id='word_1_366' title='bbox 212 3987 237 4022; x_wconf 88' lang='lat' dir='ltr'>v.</span> <span class='ocrx_word' id='word_1_367' title='bbox 256 3975 269 4022; x_wconf 81' lang='lat'>3</span> <span class='ocrx_word' id='word_1_368' title='bbox 285 3975 405 4037; x_wconf 89' lang='lat' dir='ltr'>populus</span> <span class='ocrx_word' id='word_1_369' title='bbox 420 3976 583 4037; x_wconf 84' lang='lat' dir='ltr'>exprimitur</span> <span class='ocrx_word' id='word_1_370' title='bbox 599 3988 714 4024; x_wconf 79' lang='lat' dir='ltr'>minimo</span> <span class='ocrx_word' id='word_1_371' title='bbox 731 3975 867 4037; x_wconf 85' lang='lat' dir='ltr'>singulari</span> <span class='ocrx_word' id='word_1_372' title='bbox 886 3975 970 4037; x_wconf 89' lang='lat' dir='ltr'>(tuus,</span> <span class='ocrx_word' id='word_1_373' title='bbox 988 3973 1145 4041; x_wconf 78' lang='lat' dir='ltr'>possidebis</span> <span class='ocrx_word' id='word_1_374' title='bbox 1160 3972 1238 4038; x_wconf 81' lang='lat' dir='ltr'>ete),</span> <span class='ocrx_word' id='word_1_375' title='bbox 1253 3987 1280 4022; x_wconf 79' lang='lat' dir='ltr'>v.</span> <span class='ocrx_word' id='word_1_376' title='bbox 1299 3974 1358 4022; x_wconf 64' lang='lat' dir='ltr'>ibi</span> <span class='ocrx_word' id='word_1_377' title='bbox 1375 3983 1499 4026; x_wconf 83' lang='lat' dir='ltr'>numero</span> 
     </span>
     <span class='ocr_line' id='line_1_35' title="bbox 178 4061 1496 4129; baseline 0.003 -20"><span class='ocrx_word' id='word_1_378' title='bbox 178 4062 277 4124; x_wconf 80' lang='lat' dir='ltr'>plurali</span> <span class='ocrx_word' id='word_1_379' title='bbox 293 4061 379 4121; x_wconf 69' lang='lat' dir='ltr'>[vobis</span> <span class='ocrx_word' id='word_1_380' title='bbox 395 4064 469 4129; x_wconf 80' lang='lat' dir='ltr'>etc),</span> <span class='ocrx_word' id='word_1_381' title='bbox 487 4065 533 4126; x_wconf 79' lang='lat' dir='ltr'>qui</span> <span class='ocrx_word' id='word_1_382' title='bbox 552 4066 686 4113; x_wconf 84' lang='lat' dir='ltr'>transitus</span> <span class='ocrx_word' id='word_1_383' title='bbox 702 4077 719 4111; x_wconf 86' lang='lat' dir='ltr'>a</span> <span class='ocrx_word' id='word_1_384' title='bbox 736 4063 872 4124; x_wconf 82' lang='lat' dir='ltr'>singulari</span> <span class='ocrx_word' id='word_1_385' title='bbox 889 4062 923 4113; x_wconf 85' lang='lat' dir='ltr'>ad</span> <span class='ocrx_word' id='word_1_386' title='bbox 939 4063 1085 4125; x_wconf 85' lang='lat' dir='ltr'>pluralem,</span> <span class='ocrx_word' id='word_1_387' title='bbox 1107 4064 1253 4112; x_wconf 77' lang='lat' dir='ltr'>interiecto</span> <span class='ocrx_word' id='word_1_388' title='bbox 1269 4064 1406 4126; x_wconf 86' lang='lat' dir='ltr'>imprimis</span> <span class='ocrx_word' id='word_1_389' title='bbox 1421 4076 1447 4113; x_wconf 74' lang='lat' dir='ltr'>v,</span> <span class='ocrx_word' id='word_1_390' title='bbox 1467 4063 1496 4129; x_wconf 81' lang='lat' dir='ltr'>l,</span> 
     </span>
    </p>
   </div>
   <div class='ocr_carea' id='block_1_4' title="bbox 102 4145 1500 4214">
    <p class='ocr_par' dir='ltr' id='par_1_7' title="bbox 102 4145 1500 4214">
     <span class='ocr_line' id='line_1_36' title="bbox 102 4145 1500 4214; baseline 0.003 -16"><span class='ocrx_word' id='word_1_391' title='bbox 102 4204 105 4210; x_wconf 42' lang='grc'><strong>,</strong></span> <span class='ocrx_word' id='word_1_392' title='bbox 180 4151 225 4198; x_wconf 87' lang='lat' dir='ltr'>ubl</span> <span class='ocrx_word' id='word_1_393' title='bbox 245 4150 278 4200; x_wconf 82' lang='lat' dir='ltr'>‹le</span> <span class='ocrx_word' id='word_1_394' title='bbox 298 4153 428 4211; x_wconf 86' lang='lat' dir='ltr'>gentibus</span> <span class='ocrx_word' id='word_1_395' title='bbox 444 4165 559 4203; x_wconf 87' lang='lat' dir='ltr'>numero</span> <span class='ocrx_word' id='word_1_396' title='bbox 577 4153 678 4214; x_wconf 86' lang='lat' dir='ltr'>plurali</span> <span class='ocrx_word' id='word_1_397' title='bbox 699 4154 740 4202; x_wconf 88' lang='lat' dir='ltr'>osi</span> <span class='ocrx_word' id='word_1_398' title='bbox 758 4164 861 4209; x_wconf 88' lang='lat' dir='ltr'>sermo,</span> <span class='ocrx_word' id='word_1_399' title='bbox 878 4154 922 4200; x_wconf 86' lang='lat' dir='ltr'>sat</span> <span class='ocrx_word' id='word_1_400' title='bbox 936 4151 1016 4201; x_wconf 86' lang='lat' dir='ltr'>laelle</span> <span class='ocrx_word' id='word_1_401' title='bbox 1031 4152 1207 4214; x_wconf 81' lang='lat' dir='ltr'>intelligitur.</span> <span class='ocrx_word' id='word_1_402' title='bbox 1227 4151 1283 4201; x_wconf 87' lang='lat' dir='ltr'>Sed</span> <span class='ocrx_word' id='word_1_403' title='bbox 1296 4165 1322 4199; x_wconf 75' lang='lat' dir='ltr'>v.</span> <span class='ocrx_word' id='word_1_404' title='bbox 1341 4145 1500 4202; x_wconf 76' lang='lat' dir='ltr'>obroditur</span> 
     </span>
    </p>
   </div>
   <div class='ocr_carea' id='block_1_5' title="bbox 176 4235 1497 4745">
    <p class='ocr_par' dir='ltr' id='par_1_8' title="bbox 176 4235 1497 4745">
     <span class='ocr_line' id='line_1_37' title="bbox 178 4235 1495 4303; baseline 0.004 -17"><span class='ocrx_word' id='word_1_405' title='bbox 178 4238 212 4287; x_wconf 85' lang='lat' dir='ltr'>ad</span> <span class='ocrx_word' id='word_1_406' title='bbox 226 4239 406 4298; x_wconf 84' lang='lat' dir='ltr'>singularem.</span> <span class='ocrx_word' id='word_1_407' title='bbox 425 4241 554 4293; x_wconf 77' lang='lat' dir='ltr'>Advertc,</span> <span class='ocrx_word' id='word_1_408' title='bbox 576 4255 601 4288; x_wconf 84' lang='lat' dir='ltr'>v.</span> <span class='ocrx_word' id='word_1_409' title='bbox 624 4242 638 4290; x_wconf 83' lang='lat'>8</span> <span class='ocrx_word' id='word_1_410' title='bbox 655 4241 824 4290; x_wconf 83' lang='lat' dir='ltr'>verbotenus</span> <span class='ocrx_word' id='word_1_411' title='bbox 840 4253 994 4290; x_wconf 86' lang='lat' dir='ltr'>consonare</span> <span class='ocrx_word' id='word_1_412' title='bbox 1009 4243 1101 4290; x_wconf 80' lang='lat' dir='ltr'>versui</span> <span class='ocrx_word' id='word_1_413' title='bbox 1120 4235 1160 4298; x_wconf 72' lang='lat' dir='ltr'>bb,</span> <span class='ocrx_word' id='word_1_414' title='bbox 1178 4242 1274 4303; x_wconf 84' lang='lat' dir='ltr'>paucis</span> <span class='ocrx_word' id='word_1_415' title='bbox 1293 4241 1409 4290; x_wconf 80' lang='lat' dir='ltr'>adiectis</span> <span class='ocrx_word' id='word_1_416' title='bbox 1429 4254 1435 4289; x_wconf 71' lang='grc' dir='ltr'><em>τ</em></span> <span class='ocrx_word' id='word_1_417' title='bbox 1452 4255 1495 4291; x_wconf 81' lang='lat' dir='ltr'>sc.</span> 
     </span>
     <span class='ocr_line' id='line_1_38' title="bbox 176 4309 1497 4406; baseline 0.006 -34"><span class='ocrx_word' id='word_1_418' title='bbox 176 4329 207 4378; x_wconf 53' lang='lat' dir='ltr'>,in</span> <span class='ocrx_word' id='word_1_419' title='bbox 228 4325 319 4374; x_wconf 80' lang='lat' dir='ltr'>nrcdlo</span> <span class='ocrx_word' id='word_1_420' title='bbox 340 4340 366 4374; x_wconf 89' lang='lat' dir='ltr'>v.</span> <span class='ocrx_word' id='word_1_421' title='bbox 392 4327 405 4376; x_wconf 89' lang='lat'>8</span> <span class='ocrx_word' id='word_1_422' title='bbox 426 4335 493 4383; x_wconf 71' lang='lat' dir='ltr'>rimi</span> <span class='ocrx_word' id='word_1_423' title='bbox 510 4336 564 4384; x_wconf 69' lang='lat' dir='ltr'>‚sm</span> <span class='ocrx_word' id='word_1_424' title='bbox 585 4310 682 4406; x_wconf 53' lang='lat' dir='ltr'>mab„</span> <span class='ocrx_word' id='word_1_425' title='bbox 702 4334 729 4379; x_wconf 88' lang='lat' dir='ltr'>et</span> <span class='ocrx_word' id='word_1_426' title='bbox 749 4331 778 4378; x_wconf 91' lang='lat' dir='ltr'>in</span> <span class='ocrx_word' id='word_1_427' title='bbox 797 4329 852 4380; x_wconf 83' lang='lat' dir='ltr'>sinc</span> <span class='ocrx_word' id='word_1_428' title='bbox 876 4336 944 4384; x_wconf 75' lang='lat' dir='ltr'>nitri</span> <span class='ocrx_word' id='word_1_429' title='bbox 962 4309 1012 4384; x_wconf 63' lang='lat' dir='ltr'>nbi</span> <span class='ocrx_word' id='word_1_430' title='bbox 1033 4337 1107 4386; x_wconf 68' lang='lat' dir='ltr'>libili</span> <span class='ocrx_word' id='word_1_431' title='bbox 1128 4310 1174 4384; x_wconf 53' lang='lat' dir='ltr'>nb.</span> <span class='ocrx_word' id='word_1_432' title='bbox 1196 4330 1303 4392; x_wconf 87' lang='lat' dir='ltr'>Populo</span> <span class='ocrx_word' id='word_1_433' title='bbox 1319 4328 1400 4387; x_wconf 84' lang='lat' dir='ltr'>idem,</span> <span class='ocrx_word' id='word_1_434' title='bbox 1418 4331 1497 4393; x_wconf 90' lang='lat' dir='ltr'>quod</span> 
     </span>
     <span class='ocr_line' id='line_1_39' title="bbox 178 4412 1496 4482; baseline 0.004 -21"><span class='ocrx_word' id='word_1_435' title='bbox 178 4429 204 4463; x_wconf 79' lang='lat' dir='ltr'>v.</span> <span class='ocrx_word' id='word_1_436' title='bbox 223 4412 261 4475; x_wconf 61' lang='lat' dir='ltr'>ili,</span> <span class='ocrx_word' id='word_1_437' title='bbox 278 4416 333 4463; x_wconf 85' lang='lat' dir='ltr'>iam</span> <span class='ocrx_word' id='word_1_438' title='bbox 348 4415 491 4465; x_wconf 83' lang='lat' dir='ltr'>‹licebatur</span> <span class='ocrx_word' id='word_1_439' title='bbox 506 4431 531 4466; x_wconf 80' lang='lat' dir='ltr'>r.</span> <span class='ocrx_word' id='word_1_440' title='bbox 554 4419 622 4468; x_wconf 56' lang='lat' dir='ltr'>iba.</span> <span class='ocrx_word' id='word_1_441' title='bbox 643 4418 716 4481; x_wconf 82' lang='lat' dir='ltr'>Ergo</span> <span class='ocrx_word' id='word_1_442' title='bbox 733 4431 789 4467; x_wconf 88' lang='lat' dir='ltr'>non</span> <span class='ocrx_word' id='word_1_443' title='bbox 806 4423 847 4467; x_wconf 89' lang='lat' dir='ltr'>cst</span> <span class='ocrx_word' id='word_1_444' title='bbox 863 4418 1054 4482; x_wconf 72' lang='lat' dir='ltr'>approbabile,</span> <span class='ocrx_word' id='word_1_445' title='bbox 1071 4432 1096 4466; x_wconf 80' lang='lat' dir='ltr'>v.</span> <span class='ocrx_word' id='word_1_446' title='bbox 1119 4412 1149 4466; x_wconf 73' lang='lat'>0¹¹</span> <span class='ocrx_word' id='word_1_447' title='bbox 1164 4431 1251 4467; x_wconf 84' lang='lat' dir='ltr'>unuin</span> <span class='ocrx_word' id='word_1_448' title='bbox 1271 4430 1332 4468; x_wconf 84' lang='lat' dir='ltr'>esse</span> <span class='ocrx_word' id='word_1_449' title='bbox 1352 4430 1415 4466; x_wconf 83' lang='lat' dir='ltr'>rum</span> <span class='ocrx_word' id='word_1_450' title='bbox 1432 4431 1460 4467; x_wconf 79' lang='lat' dir='ltr'>r.</span> <span class='ocrx_word' id='word_1_451' title='bbox 1480 4423 1496 4466; x_wconf 76' lang='lat' dir='ltr'>ii</span> 
     </span>
     <span class='ocr_line' id='line_1_40' title="bbox 179 4488 1497 4570; baseline 0.005 -18"><span class='ocrx_word' id='word_1_452' title='bbox 179 4506 293 4564; x_wconf 84' lang='lat' dir='ltr'>textum,</span> <span class='ocrx_word' id='word_1_453' title='bbox 312 4512 339 4554; x_wconf 87' lang='lat' dir='ltr'>ct</span> <span class='ocrx_word' id='word_1_454' title='bbox 354 4505 438 4554; x_wconf 83' lang='lat' dir='ltr'>verba</span> <span class='ocrx_word' id='word_1_455' title='bbox 453 4506 523 4554; x_wconf 86' lang='lat' dir='ltr'>hacc</span> <span class='ocrx_word' id='word_1_456' title='bbox 537 4508 667 4568; x_wconf 85' lang='lat' dir='ltr'>primitus</span> <span class='ocrx_word' id='word_1_457' title='bbox 681 4507 755 4557; x_wconf 73' lang='lat' dir='ltr'>(lictu</span> <span class='ocrx_word' id='word_1_458' title='bbox 773 4520 834 4556; x_wconf 88' lang='lat' dir='ltr'>esse</span> <span class='ocrx_word' id='word_1_459' title='bbox 854 4507 888 4556; x_wconf 90' lang='lat' dir='ltr'>ad</span> <span class='ocrx_word' id='word_1_460' title='bbox 905 4508 1015 4561; x_wconf 83' lang='lat' dir='ltr'>losnen.</span> <span class='ocrx_word' id='word_1_461' title='bbox 1033 4519 1089 4556; x_wconf 91' lang='lat' dir='ltr'>non</span> <span class='ocrx_word' id='word_1_462' title='bbox 1104 4520 1170 4556; x_wconf 86' lang='lat' dir='ltr'>vero</span> <span class='ocrx_word' id='word_1_463' title='bbox 1186 4507 1220 4556; x_wconf 88' lang='lat' dir='ltr'>ad</span> <span class='ocrx_word' id='word_1_464' title='bbox 1236 4488 1378 4570; x_wconf 85' lang='lat' dir='ltr'>populiim.</span> <span class='ocrx_word' id='word_1_465' title='bbox 1395 4506 1497 4558; x_wconf 81' lang='lat' dir='ltr'>Potest</span> 
     </span>
     <span class='ocr_line' id='line_1_41' title="bbox 179 4594 1496 4660; baseline 0.004 -18"><span class='ocrx_word' id='word_1_466' title='bbox 179 4601 270 4644; x_wconf 87' lang='lat' dir='ltr'>tamon</span> <span class='ocrx_word' id='word_1_467' title='bbox 289 4594 438 4644; x_wconf 80' lang='lat' dir='ltr'>difficultas</span> <span class='ocrx_word' id='word_1_468' title='bbox 454 4595 537 4644; x_wconf 85' lang='lat' dir='ltr'>ctiam</span> <span class='ocrx_word' id='word_1_469' title='bbox 551 4596 620 4644; x_wconf 78' lang='lat' dir='ltr'>solvi</span> <span class='ocrx_word' id='word_1_470' title='bbox 641 4608 675 4643; x_wconf 84' lang='lat' dir='ltr'>cx</span> <span class='ocrx_word' id='word_1_471' title='bbox 693 4608 735 4654; x_wconf 87' lang='lat' dir='ltr'>ca,</span> <span class='ocrx_word' id='word_1_472' title='bbox 753 4609 836 4658; x_wconf 88' lang='lat' dir='ltr'>quam</span> <span class='ocrx_word' id='word_1_473' title='bbox 852 4610 878 4660; x_wconf 91' lang='lat' dir='ltr'>p.</span> <span class='ocrx_word' id='word_1_474' title='bbox 896 4595 943 4645; x_wconf 84' lang='lat' dir='ltr'>llil</span> <span class='ocrx_word' id='word_1_475' title='bbox 959 4596 1175 4659; x_wconf 75' lang='lat' dir='ltr'>explicabaimm,</span> <span class='ocrx_word' id='word_1_476' title='bbox 1193 4596 1356 4645; x_wconf 86' lang='lat' dir='ltr'>suilixorum</span> <span class='ocrx_word' id='word_1_477' title='bbox 1371 4597 1398 4643; x_wconf 92' lang='lat' dir='ltr'>in</span> <span class='ocrx_word' id='word_1_478' title='bbox 1414 4598 1496 4647; x_wconf 83' lang='lat' dir='ltr'>toxiu</span> 
     </span>
     <span class='ocr_line' id='line_1_42' title="bbox 178 4685 508 4745; baseline 0 -12"><span class='ocrx_word' id='word_1_479' title='bbox 178 4685 378 4745; x_wconf 84' lang='lat' dir='ltr'>permixtorum</span> <span class='ocrx_word' id='word_1_480' title='bbox 391 4685 508 4734; x_wconf 89' lang='lat' dir='ltr'>ratione.</span> 
     </span>
    </p>
   </div>
   <div class='ocr_carea' id='block_1_6' title="bbox 0 0 1688 5346">
    <p class='ocr_par' dir='ltr' id='par_1_9' title="bbox 0 0 1688 5346">
     <span class='ocr_line' id='line_1_43' title="bbox 0 0 1688 5346; baseline 0 3"><span class='ocrx_word' id='word_1_481' title='bbox 0 0 1688 5346; x_wconf 95' lang='lat' dir='ltr'> </span> 
     </span>
    </p>
   </div>
  </div>
 </body>
</html>
