3366 5346
623 324 710 398 naor.
734 307 825 379 3126
847 324 912 374 seo.
1368 311 1426 368 5503

115 489 294 557 perperam
312 466 501 555 irrepsisse,
518 471 701 554 postquam
719 488 749 531 v.
767 472 807 531 23
820 487 870 553 sq.
884 465 1014 554 delapsi
1031 470 1108 530 sunt
1119 466 1208 532 inter
1223 489 1281 533 ees
1298 489 1424 545 versus,

116 574 177 663 qui
191 595 283 640 nuno
295 579 374 639 sunt
389 595 420 638 ν.
442 578 486 638 22
507 577 540 638 et
562 578 620 651 26;
643 580 718 639 tum
731 573 860 661 quippe
881 572 950 637 lere
967 572 1175 638 necessarius
1194 573 1298 639 evasit
1319 596 1424 655 error,

116 688 153 747 ut
168 680 259 746 idern
284 683 482 746 censeretur
500 677 591 744 liber
606 701 639 746 r.
660 685 701 744 211
722 680 781 766 qui
802 701 833 746 v.
854 684 909 757 2t,
936 700 1018 763 ergo
1038 678 1125 745 liber
1143 679 1275 744 thorae.
1299 684 1339 745 at
1358 680 1426 745 illis

117 787 269 852 versibus
287 788 323 851 in
340 787 494 852 nativum
510 784 609 852 surim
625 785 738 851 locum
755 791 831 874 post
846 807 876 851 ν.
899 791 937 851 15
954 785 1128 867 restitutis,
1147 791 1324 851 contextus
1339 787 1429 852 inter

117 916 148 960 v.
165 900 207 958 22
226 900 260 959 et
278 916 310 959 v.
328 899 369 960 25
389 915 440 982 sq.
469 891 646 959 evidenter
662 892 889 972 demonstrat,
905 913 974 957 non
988 890 1045 977 agi
1060 891 1103 957 de
1118 891 1207 957 libro
1222 892 1352 969 thorae,
1369 892 1428 959 sed

117 1000 158 1066 de
184 999 275 1066 libro
303 999 439 1066 cantici.
467 1004 605 1064 Textum
629 1021 700 1065 non
728 997 890 1064 mansisse
916 998 1081 1064 intactum
1105 1003 1299 1084 suggerunt
1323 999 1430 1087 aliqui

117 1106 253 1172 codices
284 1105 425 1172 hebraei
448 1127 509 1193 pro
531 1121 588 1167 run
608 1105 761 1191 legentes
785 1120 880 1178 nrm,
898 1103 1025 1194 quibus
1049 1104 1286 1191 suffragantur
1309 1106 1399 1170 LXX
1420 1127 1427 1172 :

117 1235 161 1278 se.
190 1213 249 1278 ubi
267 1211 439 1301 adscripta
452 1216 501 1278 est
519 1235 582 1278 vox
597 1227 709 1284 norun,
730 1211 863 1277 scribae
882 1210 991 1299 aliqui
1017 1212 1046 1276 ei
1073 1211 1147 1277 voci
1173 1211 1276 1278 etiam
1301 1213 1432 1277 consor-

119 1340 255 1385 mavere
272 1341 474 1407 pronomen.
504 1358 546 1368 -
570 1318 768 1407 Emplratiee
795 1339 827 1384 v.
852 1324 894 1383 27
916 1339 1013 1383 suam
1043 1322 1170 1405 lleyses
1194 1318 1346 1408 appellat
1374 1340 1431 1383 ex-

99 1425 321 1513 perientiam
348 1424 435 1514 (Dill
472 1424 496 1513 .)
524 1445 531 1490 :
559 1453 574 1485 α
593 1426 667 1512 Epo
695 1424 786 1489 enirn
812 1424 880 1489 scio
910 1423 1159 1490 contentionem
1186 1436 1282 1490 tunm
1306 1435 1338 1489 et
1362 1447 1429 1489 cer·

120 1531 225 1597 ricem
251 1545 347 1597 trram
373 1531 603 1598 durissimam.
635 1529 755 1597 Adlruc
776 1516 908 1597 virente
930 1553 981 1596 me
1006 1531 1049 1619 let
1075 1530 1298 1620 enpredientel
1322 1530 1430 1596 cebir-

119 1661 208 1717 rrnn,
240 1661 370 1727 sernper
395 1638 601 1704 contentiose
626 1637 741 1726 epistis
770 1650 889 1703 contro
917 1637 1107 1703 Dominum
1137 1650 1300 1725 :perante
1321 1637 1433 1726 neopia

119 1767 196 1810 curn
221 1756 375 1810 mortuus
394 1747 521 1833 fuero?
545 1773 560 1805 »
582 1749 649 1809 Vox
671 1742 771 1809 leodic
796 1743 1042 1832 correspondet
1069 1743 1168 1810 alteri
1192 1742 1294 1810 bodie
1318 1766 1351 1810 r.
1376 1750 1431 1824 21,

119 1873 202 1938 ergo
217 1873 286 1916 non
303 1856 354 1917 est
367 1850 535 1918 trahenda
554 1851 598 1917 ad
617 1850 859 1939 praecedentia
876 1849 1010 1938 (LXX),
1033 1850 1090 1916 sed
1113 1871 1192 1916 eum
1214 1849 1309 1937 lsulp.
1330 1850 1430 1936 (eem-

116 1958 192 2046 per)
219 1956 262 2023 ad
294 1956 471 2045 sequentia
497 1979 504 2024 :
532 1955 633 2023 hodie
662 1956 808 2022 rebelles
835 1978 895 2022 ros
924 1956 1002 2022 estis
1030 1961 1151 2022 eontra
1174 1957 1294 2037 lalrve,
1317 1955 1431 2021 {inimo
1462 2029 1464 2032 Α

119 2063 252 2129 rebelli.
275 2086 306 2128 v.
330 2070 372 2130 28
391 2091 406 2125 a
438 2066 653 2152 Conpreqote
680 2062 728 2129 orl
751 2084 804 2129 nte
824 2085 939 2128 onmes
969 2062 1114 2129 creatores
1133 2075 1219 2128 notu
1245 2085 1307 2151 per
1326 2062 1432 2127 tribus

118 2182 246 2235 cestros
265 2182 369 2258 etque
392 2169 545 2236 docteres
571 2198 606 2251 »,
624 2191 684 2235 seu
707 2169 820 2235 verius
836 2169 964 2235 scribas
982 2190 988 2235 :
1008 2170 1050 2234 ef.
1071 2173 1127 2234 Er.
1150 2175 1207 2250 5‚o
1222 2191 1313 2258 sqq.;
1334 2173 1430 2236 Num.

122 2284 237 2357 11,16;
264 2280 358 2342 Dent.
380 2282 479 2357 20‚9;
503 2282 582 2357 29‚9
602 2281 665 2342 eto.
691 2280 725 2341 et
747 2279 797 2341 CN
817 2299 851 2363 p.
873 2282 927 2342 91.
948 2279 1043 2342 Certe
1059 2297 1129 2340 non
1144 2281 1262 2341 eontra
1280 2275 1367 2341 solos
1383 2298 1435 2341 se-

120 2384 233 2449 niores
248 2389 281 2449 et
295 2383 423 2448 scribas
438 2383 644 2450 invocantur
661 2382 794 2448 eoelum
810 2387 843 2448 et
862 2386 969 2459 terra3
989 2406 1019 2448 v.
1042 2388 1084 2448 30
1102 2387 1136 2448 et
1148 2386 1249 2462 aaut
1265 2382 1436 2448 canticum

122 2489 340 2578 proloquitur
358 2494 484 2575 Moyses
503 2489 548 2555 ad
572 2488 770 2554 uuiversum
795 2489 975 2576 populum.
1007 2492 1112 2553 Porro
1133 2511 1197 2576 pro
1219 2487 1355 2554 senibus
1377 2489 1437 2553 tri-

123 2595 229 2660 buum
244 2600 277 2660 et
295 2593 415 2660 scribis
431 2595 561 2660 habent
573 2596 664 2660 LXX
675 2605 802 2659 vestros
811 2593 998 2682 principes,
1013 2616 1117 2676 senes,
1136 2593 1276 2677 iudicer,
1296 2594 1434 2659 ceritas.

123 2704 185 2765 Pro
215 2716 278 2791 apr
307 2700 470 2788 legebant
505 2715 629 2789 nmpr,
662 2721 842 2789 perperam
874 2702 978 2766 etiam
1009 2723 1071 2790 pro
1109 2716 1242 2764 nanzo·
1274 2701 1439 2787 legebant

124 2820 268 2873 πηοεν.
294 2807 406 2874 Fuerit
427 2806 578 2893 genuina
595 2807 695 2873 lectio
714 2806 822 2872 tribus
842 2819 980 2890 cestros,
1000 2829 1094 2873 senes
1114 2818 1237 2873 cestros
1257 2820 1289 2872 et
1312 2807 1438 2873 scribor

124 2926 262 2980 cestros.
280 2913 319 2980 ld
334 2913 405 2980 lere
416 2914 522 2999 exigit
535 2917 722 2979 contextus,
742 2941 757 2972 «
777 2915 821 2978 Et
841 2911 963 3002 loquor
975 2912 1196 2979 audientibus
1210 2915 1255 2981 erla
1268 2936 1438 2980 sermones¹

125 3020 214 3103 istos,
238 3033 270 3087 et
292 3019 457 3086 invocabo
475 3031 594 3085 centro
612 3041 667 3086 eos
680 3018 812 3085 coelunt
827 3031 860 3084 et
880 3031 1005 3086 terram
1024 3049 1058 3101 a,
1079 3025 1179 3086 testes
1203 3043 1324 3086 eornm
1349 3043 1438 3109 quae

123 3126 275 3194 dicturus
295 3148 369 3193 sum
388 3125 739 3215 (ef.32,1),itemque
759 3147 854 3192 meae
871 3125 1043 3193 vindictae
1063 3125 1244 3193 ministros.
1262 3125 1313 3192 ud
1333 3131 1439 3193 extre-

126 3255 219 3300 mum
240 3257 272 3298 v.
302 3240 343 3298 27
365 3232 454 3299 redit
482 3256 513 3300 v.
535 3239 589 3310 29,
621 3254 727 3319 agens
746 3232 788 3299 de
807 3231 860 3314 iis,
886 3255 974 3321 quae
997 3239 1131 3300 mortuo
1145 3238 1254 3320 lloyse
1274 3240 1440 3299 eventura

125 3348 193 3414 sint
210 3369 217 3413 :
240 3376 255 3409 «
272 3347 361 3414 Nori
376 3347 480 3432 euim,
499 3346 678 3436 quodpost
693 3360 834 3412 mortem
852 3369 962 3412 nreorn
976 3348 1093 3435 inique
1109 3348 1232 3435 apetie,
1246 3360 1278 3412 et
1287 3347 1439 3413 declino-

126 3454 205 3519 bitis
223 3454 312 3541 [cito]
335 3453 376 3517 dc
400 3454 469 3536 oio,
492 3475 597 3540 qrrom
613 3452 775 3541 praecepi
794 3453 882 3516 robis·
903 3474 914 3518 .·
937 3464 968 3517 et
989 3466 1166 3517 occurrent
1180 3453 1273 3517 erotis
1288 3448 1382 3518 molo
1404 3453 1440 3517 in

127 3571 276 3624 ectrerno
299 3571 461 3648 tempore,
484 3557 622 3647 parendo
643 3556 795 3645 feceritis
817 3556 947 3623 modun
971 3558 1008 3624 in
1026 3571 1205 3647 conspectu
1226 3557 1381 3643 Dorm'ni,
1404 3570 1440 3623 ut

127 3665 270 3730 irritetis
282 3687 431 3753 ernnper
445 3686 546 3753 opero
559 3686 727 3730 mannum
741 3675 927 3730 vestrorum
943 3691 973 3732 n.
998 3687 1028 3730 v.
1047 3670 1088 3731 30
1106 3692 1121 3724 a
1139 3667 1286 3731 Locutus
1300 3679 1349 3731 est
1359 3688 1439 3754 erqo
1499 3679 1504 3687 ’

126 3773 270 3859 Moyseo,
290 3771 451 3837 orcdiente
475 3770 629 3837 eruic-erse
653 3783 749 3837 coetu
774 3770 889 3851 lsrael,
908 3773 1007 3837 verbo
1025 3771 1187 3838 corrnr'nr‘s
1206 3771 1306 3837 trtius
1324 3773 1378 3857 [etl
1395 3771 1442 3838 ed

124 3878 228 3965 finem
244 3900 351 3967 nsque
369 3876 571 3966 [contpleeitl
593 3905 623 3942 ».
643 3892 716 3941 nnn
732 3892 785 3948 rt,
804 3877 924 3943 eadem
941 3877 1111 3966 expressio
1128 3883 1230 3965 atque
1243 3901 1273 3942 v.
1293 3885 1347 3944 21.

540 4101 565 4147 b.
584 4100 713 4147 Canticum
728 4100 824 4159 Moysis
839 4099 912 4146 Dent.
929 4100 1032 4159 32143.

666 4251 688 4281 α.
707 4234 886 4281 Praenotanda.

175 4403 204 4462 1.
226 4395 362 4463 Cantici
376 4406 560 4460 structura.
578 4393 695 4472 Quoad
711 4393 835 4459 cantici
846 4397 1051 4470 structuram
1063 4393 1240 4482 sequimur
1251 4395 1277 4459 1.
1299 4397 1338 4460 lr'.
1356 4397 1441 4459 Zen-

129 4523 190 4566 ner
201 4504 237 4567 S.
252 4504 280 4567 1.
298 4524 305 4569 :
320 4504 377 4569 Die
392 4502 632 4588 Clrorgesttnge
643 4500 812 4566 imssuehe
823 4498 1063 4582 derPsalmen,
1074 4501 1241 4587 Freiburg
1252 4501 1274 4565 i.
1289 4505 1323 4566 B.
1342 4506 1439 4581 1896,

129 4630 162 4694 p.
189 4613 231 4672 76
259 4630 349 4696 sqq.;
376 4609 494 4697 paneis
515 4606 733 4695 quibusdam,
757 4607 807 4672 nti
825 4629 1011 4696 speramus,
1035 4608 1070 4672 in
1095 4606 1215 4672 melius
1237 4605 1436 4673 emendatis.

132 4713 275 4795 Etenim,
301 4714 414 4782 univ.
440 4721 481 4782 13
506 4713 678 4780 Hebraeus
695 4712 799 4780 habet
821 4713 958 4781 unicum
978 4734 1128 4795 versum,
1148 4711 1198 4776 ibi
1222 4716 1302 4778 Lxx
1320 4711 1442 4798 legunt
