3366 5346
230 285 289 344 511
599 299 676 344 aurs
699 301 834 346 urrisun
855 303 919 347 mer
943 303 1033 346 rimu
1056 301 1174 346 uovsrs.

229 434 297 501 cibi
322 433 410 521 rogii
440 433 590 523 primum
615 433 770 523 sequitur
792 441 901 504 textus
926 437 1004 503 illos
1029 436 1115 502 hene
1144 435 1283 517 multoS,
1307 433 1434 523 quibus
1455 439 1552 499 terra

228 541 393 632 promissa
408 541 587 608 exhibetur
604 541 711 608 fluens
725 543 810 609 laete
831 550 865 609 et
880 544 991 610 melle.
1012 548 1120 620 Quare
1136 547 1287 608 extremo
1303 565 1334 606 v.
1361 546 1400 607 13
1420 562 1548 606 recen-

229 654 322 715 setur
337 647 407 714 irael
422 647 529 713 fluens
550 646 591 713 de
612 653 721 737 petra,
742 649 798 716 eni
817 649 910 716 illico
930 649 1132 736 adiungitur
1153 649 1241 716 alter
1260 647 1376 737 liquor
1396 668 1547 721 crassus,

16 750 30 861 ¹.
120 810 130 825 ,
229 754 424 834 deliciosus,
439 776 478 819 ex
488 752 670 820 arboribus
683 755 840 846 caespitis
852 779 1002 836 nascens
1018 754 1140 822 oleum.
1155 755 1354 823 celebratur
1365 776 1397 820 v.
1412 759 1466 820 tu
1478 752 1549 833 lae,

230 860 415 950 etquidem
436 859 588 949 primum
609 883 788 928 vaccarum
804 877 876 954 Ἶρι,
895 863 974 930 dein
989 885 1136 950 gregum
1151 862 1324 928 minorum
1340 859 1548 927 animalium

230 983 299 1058 qur,
316 966 354 1034 in
374 967 500 1057 quibus
521 968 699 1057 speciatim
718 968 858 1037 cllertur
875 970 928 1036 lac
947 992 1129 1057 agnarum.
1150 993 1182 1037 v.
1212 974 1251 1036 11
1278 996 1294 1028 «
1318 971 1490 1057 liutprant
1510 967 1554 1034 de

226 1085 382 1141 armento
402 1085 435 1140 et
455 1073 510 1140 lae
530 1073 571 1140 de
589 1073 708 1140 avibus
728 1099 805 1141 eum
822 1075 925 1167 adipe
938 1099 1111 1165 apnorrtm
1132 1106 1161 1143 ».
1180 1075 1244 1142 Sed
1260 1097 1322 1165 pro
1338 1097 1415 1140 eum
1430 1072 1549 1164 adipe,

228 1180 383 1247 adhibita
406 1179 538 1247 veriore
565 1181 785 1271 punctatione
809 1189 902 1250 verte
928 1198 1004 1249 eum
1030 1183 1129 1249 laete.
1151 1188 1261 1272 Atque
1283 1182 1348 1264 ita,
1375 1180 1553 1248 celebrato

230 1286 382 1377 primum
400 1286 508 1367 lacte,
536 1286 685 1353 breviter
702 1289 855 1356 adnectit
876 1296 970 1356 vales
987 1290 1051 1357 tria
1068 1290 1136 1356 alia
1156 1295 1267 1355 terrae
1287 1288 1474 1377 promissae
1489 1310 1554 1374 ge·

233 1392 365 1459 nimina
380 1415 528 1476 earnem,
548 1393 713 1476 triticum,
729 1396 859 1464 einum..
876 1401 965 1483 Ergo
983 1419 1046 1486 pro
1065 1424 1079 1455 κ
1102 1407 1133 1462 et
1148 1395 1296 1461 arietum
1312 1395 1466 1482 filiarum
1485 1396 1555 1460 aa·

233 1522 296 1564 son
320 1527 335 1558 ι»
366 1505 459 1566 verte
486 1502 716 1567 accusativum
740 1523 747 1569 :
770 1502 892 1568 arietes
909 1503 1003 1592 filies
1024 1506 1149 1584 basan,
1168 1542 1212 1553 —
1233 1530 1248 1562 α
1272 1513 1305 1566 et
1331 1500 1454 1581 lurcos,
1471 1523 1554 1566 eum

235 1604 388 1671 medulla
414 1605 532 1686 tritici,
548 1620 579 1671 et
598 1608 801 1697 sanquinem
824 1632 906 1675 urae
931 1610 1056 1675 biberet
1079 1608 1346 1676 meracissimum
1371 1636 1399 1673 o.
1425 1606 1555 1688 l'ltima

236 1735 299 1777 vox
325 1726 391 1775 uzu
417 1713 530 1801 potius
555 1713 718 1780 vertenda
741 1715 993 1781 abundantium
1012 1717 1065 1782 vol
1088 1714 1322 1796 abundantem
1342 1736 1382 1780 ex
1404 1719 1444 1781 is
1471 1719 1557 1794 273

235 1816 439 1905 significatio
467 1840 597 1885 merum
626 1843 844 1910 nequaquam
872 1822 1137 1905 demonstratur,
1162 1844 1240 1890 cnm
1268 1821 1346 1888 lieri
1369 1821 1556 1888 lectionem

139 1959 142 1965 ·
236 1925 361 1992 haheat
386 1940 452 1988 turi
480 1925 622 1993 fortasse
648 1927 919 2017 praeferendam.
945 1930 1038 1995 Sana.
1067 1928 1200 1994 additus
1224 1928 1327 1994 habet
1352 1949 1450 1993 voees
1476 1917 1555 1991 'iss’

236 2045 332 2098 tritu
351 2046 425 2122 :ptr
444 2049 451 2090 τ
470 2033 690 2100 manducavit
703 2035 802 2100 iacob
818 2040 851 2100 et
865 2041 1038 2103 saturatus
1055 2041 1118 2101 est.

461 2255 569 2312 Stropha
585 2261 610 2301 et
626 2255 784 2315 antistropha
800 2258 906 2303 secunda
924 2276 929 2303 :
948 2257 1048 2303 Israelis
1065 2257 1172 2303 deiectio
1187 2264 1212 2303 et
1230 2257 1307 2303 Iahve

760 2337 899 2395 indignatio
916 2352 939 2382 r.
959 2340 1037 2385 15-21.

276 2511 359 2597 Arq.
387 2544 430 2556 —
454 2512 551 2573 Voles
572 2528 602 2573 v.
632 2513 673 2574 15
690 2512 946 2575 ‚commemorat
973 2505 1104 2573 israelis
1133 2506 1273 2572 stultam
1301 2505 1555 2588 delectionem,

234 2615 386 2682 breviter
405 2613 467 2681 sed
488 2611 682 2680 distinctius
696 2633 801 2701 quarn
821 2635 853 2678 v.
872 2620 911 2695 ὃς
930 2612 1011 2679 dein
1027 2635 1058 2678 v.
1079 2619 1182 2679 16-18
1206 2619 1391 2699 exaggerat
1406 2610 1556 2679 foedita-

236 2732 304 2788 tem
326 2720 553 2799 idololatriae‚
577 2741 646 2808 qna
665 2719 807 2799 alicnus,
825 2724 1018 2799 non-tiens,
1040 2718 1245 2785 adventitius
1255 2720 1471 2807 praeferatur
1486 2723 1559 2785 Deo

238 2828 383 2917 parenti.
408 2832 513 2905 Quam
538 2826 639 2892 {alive
667 2847 701 2891 se
722 2825 874 2891 ulturum
898 2825 1099 2914 pronuntiat
1127 2846 1240 2914 poena
1261 2824 1386 2891 delicto
1406 2825 1557 2896 omnino

239 2933 535 3023 correspondente,
558 2938 594 2998 ut
613 2954 659 2998 sc.
684 2932 807 3020 etipse
828 2937 1004 2999 avertatur
1018 2931 1062 2997 ab
1083 2932 1208 2999 israele
1228 2953 1374 3021 eumque
1389 2933 1558 3020 potestati

241 3040 415 3128 permittat
427 3039 666 3119 inimicorum,
684 3037 744 3126 qui
759 3037 826 3103 sint
838 3039 1085 3127 non-populus
1101 3043 1133 3103 et
1147 3059 1233 3124 gens
1249 3037 1363 3105 stulta.
1389 3121 1393 3129 ¹

275 3270 358 3349 putat
371 3275 481 3328 semper
493 3262 578 3312 lsrael
594 3261 822 3312 circumscribunt
838 3262 933 3311 Chald.
950 3264 1024 3324 Sue,
1042 3264 1108 3313 item
1121 3263 1149 3312 h.
1167 3264 1185 3312 1.
1201 3264 1280 3311 iacob
1292 3264 1362 3314 titt.
1382 3262 1459 3326 Vulq.
1472 3263 1558 3314 dilee-

240 3363 291 3415 tus,
311 3355 375 3403 tit
394 3353 504 3405 :tutati
523 3347 697 3419 irarqptvoss
716 3351 791 3414 quod
812 3351 922 3401 videtur
942 3365 1005 3400 cum
1027 3353 1116 3401 Gratia
1138 3353 1271 3414 explicari
1294 3365 1387 3413 posse,
1407 3355 1437 3401 ut
1456 3355 1495 3403 ait
1511 3354 1557 3404 di·

239 3445 406 3493 minutivum
430 3444 553 3492 iocosum
576 3441 604 3490 et
620 3439 802 3490 affectuosum
821 3440 856 3489 ab
879 3420 977 3496 buitta
997 3451 1004 3493 :
1027 3434 1203 3506 Ἰσραελῐσκος,
1227 3457 1238 3487 ‹
1262 3440 1316 3490 lieb
1338 3441 1425 3490 Israel
1450 3456 1473 3490 r.
1498 3441 1557 3492 Sed

242 3533 317 3595 Vola.
335 3531 444 3590 iasub
460 3532 631 3589 rectissimus,
649 3541 717 3592 ergo
730 3542 747 3578 a
759 3534 815 3585 iuti
834 3543 839 3577 :
855 3528 912 3579 iore
930 3546 940 3575 ι
956 3529 1006 3578 tlor
1021 3530 1109 3579 Brave
1129 3546 1139 3575 ι
1159 3527 1197 3595 (C.
1215 3528 1350 3593 Steqtried
1365 3544 1393 3580 n.
1407 3530 1437 3578 B.
1452 3530 1555 3580 Stude:

243 3622 324 3670 liebr.
342 3619 540 3679 Wbrterbuch,
556 3619 670 3681 Leipzig
691 3616 778 3680 1891),
794 3618 859 3666 item
880 3631 981 3666 nornen
1002 3617 1195 3669 affectuosum.
1213 3617 1410 3667 adulatorium.
1428 3645 1463 3654 -
1481 3615 1558 3677 Ἄπαξ

238 3706 376 3775 λεγόμενον
392 3714 469 3764 ΠΨ),
484 3707 560 3769 Vutq.
576 3707 717 3764 dilatatus,
735 3719 803 3755 sane
817 3705 937 3756 eundem
950 3718 1062 3756 sensum
1074 3707 1204 3767 exprimit
1221 3712 1306 3769 atque
1322 3707 1377 3756 ‹luo
1394 3708 1449 3756 ulia
1467 3708 1557 3757 verba

242 3801 416 3856 incrassatus,
432 3798 617 3860 impinguatus
632 3809 641 3844 :
656 3796 745 3845 tribus
760 3795 923 3856 synonymis
940 3796 1071 3856 exprimit
1087 3798 1189 3854 tertre,
1204 3802 1377 3858 quantopere
1396 3795 1480 3844 lahvc
1491 3808 1557 3860 pas-

241 3893 299 3938 tore
321 3886 486 3949 providente
504 3884 651 3947 proiecerit
672 3885 790 3934 dilectus
810 3884 856 3932 ille
872 3883 977 3933 vitulus
1000 3883 1100 3942 Is1·ael;
1115 3896 1187 3946 quae
1212 3885 1264 3933 tria
1285 3885 1365 3934 neor.
1390 3885 1485 3934 scribit
1508 3898 1557 3936 se·

241 3976 331 4026 curida
346 3988 466 4039 persona
480 3975 647 4024 incrassatus
661 3986 686 4020 er
702 3981 761 4033 eto,
780 3973 913 4021 Israelem
930 3973 1085 4034 alloquens.

285 4188 318 4230 v.
341 4172 380 4231 15
398 4194 412 4223 a
432 4168 642 4230 laurassatus
657 4176 704 4229 est
719 4161 860 4228 dilectus
875 4175 907 4227 et
922 4162 1172 4246 i·eraleitrorit;
1187 4164 1409 4249 euronotus,
1427 4163 1558 4254 impin-

241 4283 377 4362 guentur,
404 4271 570 4337 dilatatus
595 4269 778 4359 dereliquit
799 4272 903 4335 Deum
922 4270 1089 4356 flecterem
1109 4292 1220 4351 siriam,
1248 4283 1278 4335 et
1299 4271 1433 4336 recessit
1448 4294 1469 4336 a
1484 4275 1556 4339 Dea

241 4377 389 4445 solidari
411 4400 472 4444 sue
492 4406 521 4444 ».
546 4380 644 4444 llebr.
671 4399 678 4442 :
694 4388 796 4465 petra
817 4374 937 4441 salutis
958 4378 1040 4459 eius,
1064 4381 1096 4441 et
1117 4377 1159 4442 cl.
1185 4399 1274 4465 quae
1292 4399 1326 4466 p.
1348 4384 1412 4444 512
1431 4400 1481 4467 sq.
1505 4378 1559 4445 di·

243 4486 405 4553 cebamus
421 4485 463 4550 de
477 4499 537 4550 us.
556 4506 588 4548 v.
605 4491 645 4549 16
659 4482 714 4548 Ad
729 4481 899 4548 inuidiam
914 4495 1210 4570 «procuraverunt
1224 4505 1302 4547 eum
1318 4485 1351 4548 iu
1368 4483 1454 4573 ldiis}
1468 4484 1559 4551 alie·

242 4593 307 4679 uis,
327 4606 357 4658 et
378 4593 411 4657 in
429 4589 743 4657 abominationibus
762 4587 809 4654 ad
824 4588 1041 4655 iracundiam
1061 4589 1317 4655 cerieitaeerunt
1340 4619 1369 4655 ».
1383 4606 1413 4655 u
1432 4591 1558 4658 merito

244 4700 285 4766 de
301 4698 367 4766 diis
383 4698 556 4786 accipiunt
582 4697 750 4762 versiones
772 4717 780 4762 :
801 4694 845 4761 cl.
868 4717 900 4760 v.
923 4701 963 4761 12
989 4711 1056 4767 r::;
1079 4698 1181 4762 etiam
1197 4701 1250 4762 l‘s.
1275 4698 1412 4786 13111),
1436 4703 1475 4763 ut
1489 4718 1497 4779 ;
1513 4703 1575 4766 80⁸
