3366 5346
679 317 765 360 near.
789 300 840 370 6,3
862 315 906 366 so.
1388 307 1445 366 ὑ243

135 458 195 506 rius
220 456 292 519 l'atp.
317 455 456 520 pollicitus
479 463 517 506 est
541 455 602 512 tili,
624 455 699 518 quod
722 454 837 504 verbum
858 454 962 516 patitur
985 452 1156 517 adscriptum
1178 458 1368 506 accusativum
1390 466 1448 508 tar-

137 561 195 595 ram
210 552 256 594 etc.
272 548 344 594 Ante
358 526 395 625 ’,Β
410 544 472 593 ll‘l
482 546 546 606 Sur.
560 544 654 606 legere
669 543 715 592 vel
729 543 895 604 supplevere
909 549 954 596 nrt
970 542 1038 591 dicit
1053 556 1080 592 sc
1095 544 1145 592 tibi
1158 544 1293 595 datiuum.
1311 548 1443 597 bertlotet

136 636 261 696 suggerit
275 614 313 712 'lb
328 640 372 687 nrt
390 612 438 713 'lb
453 632 499 681 ubl
515 633 606 682 scriba
623 644 639 681 a
656 633 749 694 primo
762 611 799 708 ‘pb
818 630 852 679 ad
867 629 1019 680 secundum
1034 633 1204 683 transilierit.
1223 633 1294 685 duas
1314 637 1445 687 omittens

136 736 227 772 voces.
241 723 429 771 Nihilominus
443 721 554 772 videtur
568 720 735 792 quibusdam
749 720 918 769 constructio
928 718 997 769 dura
1011 732 1017 768 ε
1029 734 1094 769 nam
1109 723 1187 781 eiciet,
1201 724 1344 786 inquiunt,
1357 727 1445 775 intro·

136 811 211 860 ducit
221 810 325 860 Iabvon
337 810 436 861 eadem
448 810 643 870 affirmantem,
658 822 730 872 quae
743 808 902 859 immediate
912 810 996 858 antea
1005 809 1248 872 promittebantur,
1265 826 1298 861 ea
1307 811 1377 863 reio
1389 814 1445 865 alia

134 904 213 948 erant
228 913 311 961 (trram
327 913 352 947 se
368 900 418 947 tibi
434 900 560 949 daturum
578 905 685 949 terram.
703 898 801 960 Neque
821 903 920 946 terram
934 903 981 946 etc.
1002 910 1065 947 cum
1079 899 1141 958 Ka„
1162 900 1222 948 Keil
1240 905 1365 951 construi
1386 905 1445 965 po'·

133 992 188 1037 test
203 992 232 1037 ut
247 1001 340 1042 aruris.
358 989 503 1038 absolutus
518 988 581 1037 loci.
598 988 626 1035 in
641 1000 697 1049 quo
714 986 763 1035 illa
777 985 873 1050 pepuli
887 985 1078 1049 multiplicatio
1095 986 1188 1037 lutura
1202 990 1246 1039 sit.
1262 988 1355 1039 Dillio.
1371 1003 1442 1041 cen·-

133 1083 175 1126 set
189 1076 276 1126 uerba
293 1083 453 1126 terramala.
469 1077 523 1126 buc
542 1075 654 1125 aliunde
669 1074 784 1138 delapsa
802 1086 875 1135 esse,
890 1073 1039 1126 fortassee
1059 1089 1086 1124 v.
1100 1077 1109 1125 l
1123 1077 1169 1127 vel
1185 1090 1200 1127 e
1214 1091 1242 1128 v.
1262 1078 1303 1127 10.
1323 1078 1439 1139 Verum,

134 1179 200 1214 uum
220 1166 288 1215 illud
303 1168 371 1215 siaiu
387 1166 546 1216 necessario
561 1166 599 1214 ita
614 1168 656 1214 est
670 1162 872 1227 accipiendum,
889 1168 920 1213 ut
936 1163 1006 1212 illud
1020 1165 1112 1227 ipsam
1127 1169 1248 1228 repetat,
1266 1167 1341 1230 qarod
1360 1180 1442 1231 prac-

133 1254 235 1304 ccdeas
248 1256 366 1304 ineiamn
381 1253 680 1304 affirmaveratherte
696 1265 703 1301 ε
719 1251 860 1301 secundum
870 1253 939 1314 qitad
954 1254 1024 1302 dicit
1035 1254 1126 1314 latice,
1143 1256 1269 1304 daturam
1281 1270 1307 1305 re
1323 1257 1373 1305 titt
1388 1263 1443 1306 ter-

135 1356 192 1392 ram
207 1350 254 1393 etc.
271 1344 312 1392 Ad
328 1355 492 1406 prosperam
501 1344 587 1393 vitam
599 1353 835 1404 numerorumque
847 1342 1019 1392 incrementa
1029 1344 1178 1407 requiritur
1187 1345 1277 1408 ,etiam
1291 1347 1370 1408 regio
1386 1345 1444 1396 ler-

133 1432 192 1480 tilis
218 1445 224 1479 :
250 1433 278 1480 in
308 1431 425 1481 desertis
453 1445 510 1481 non
539 1433 577 1481 ita
600 1432 672 1482 bene
699 1436 743 1480 est
766 1429 936 1483 bominibus.
952 1443 1042 1494 neque
1068 1432 1186 1482 multum
1209 1446 1306 1484 eorum
1333 1436 1442 1484 numeri

133 1524 282 1583 augentur.

288 1746 319 1804 1.
345 1739 548 1805 Mandalum
573 1760 738 1832 acapnum
764 1736 955 1804 dilectionis
978 1761 1037 1805 seu
1061 1739 1288 1807 trtetrolatriae
1362 1754 1388 1799 '⁴

659 1849 756 1911 itaut.
784 1851 916 1926 uta-13.

175 2060 259 2146 Arp.
278 2063 380 2123 -Er
396 2057 561 2124 unicitate
581 2058 638 2124 [lei
663 2056 838 2124 derivatur
861 2056 1027 2143 obligatio
1049 2079 1230 2147 supremae
1248 2057 1439 2127 dilectionis

130 2163 232 2230 labve
247 2186 305 2230 seu
319 2163 560 2243 monolatriae,
579 2163 671 2252 quod
697 2163 830 2230 assidue
845 2186 927 2253 prae
942 2162 1051 2230 oculis
1066 2170 1116 2231 est
1130 2164 1329 2232 habendum
1344 2166 1439 2233 filiis·

131 2293 196 2360 que
219 2270 480 2353 inculcandum,
502 2275 605 2359 atquc
628 2269 746 2335 sedulo
772 2270 979 2351 cavendum,
1006 2292 1049 2335 ne
1075 2270 1236 2338 fruitione
1266 2272 1437 2339 bonorum

129 2382 240 2444 terrae
253 2382 387 2445 sanctae
401 2376 490 2443 illud
507 2376 694 2465 aliquando
707 2376 874 2442 oblivioni
891 2377 1012 2444 delur.

174 2488 240 2548 Hoc
267 2482 468 2549 mandatum
491 2484 524 2548 in
547 2488 619 2548 tola
646 2484 711 2548 hac
735 2484 887 2548 oratione
911 2483 1127 2571 potissimum
1151 2488 1211 2549 est.
1239 2485 1440 2574 Appellatur

130 2588 285 2678 explicite
304 2594 411 2669 *ra-c.
428 2596 470 2655 25
484 2611 553 2676 sq.;
571 2594 904 2676 8,1ssq.;9,12-u1;
923 2596 1033 2672 10,17.
1052 2596 1110 2670 203
1131 2595 1243 2670 11‚16.
1261 2597 1438 2658 Praeterea

128 2697 165 2761 in
181 2695 275 2761 omni
291 2694 445 2780 generali
465 2693 705 2760 mandatorum
726 2695 1022 2761 commendatione
1040 2700 1215 2784 tamquam
1239 2698 1438 2765 mandatum

128 2801 278 2891 primurn
297 2809 400 2890 atque
423 2801 635 2890 potissimum
657 2799 744 2866 illud
759 2800 899 2866 omnino
914 2800 1111 2882 includitur,
1129 2801 1223 2868 nulla
1238 2805 1365 2893 quippe
1387 2827 1440 2870 re-

127 2909 300 2999 liquorum
317 2907 557 2974 mandatorum
572 2906 764 2973 observatio
780 2907 880 2973 labve
895 2908 1011 2974 lutura
1029 2915 1102 2974 erat
1120 2914 1271 2998 accepta,
1289 2909 1354 2977 hoe
1368 2932 1437 2977 uno

129 3015 291 3082 mandato
315 3015 483 3100 neglecto.
508 3017 575 3080 Hoc
599 3013 738 3080 tandem
767 3014 970 3080 mandatum
994 3020 1066 3081 tum
1093 3037 1229 3106 semper
1254 3016 1359 3084 etiam
1381 3040 1438 3084 ex-

128 3121 243 3210 plicite
274 3121 478 3201 inculcatur,
500 3119 632 3209 quoties
665 3126 848 3187 monentur
874 3121 1031 3203 Hebraei,
1060 3127 1098 3188 ut
1121 3123 1248 3189 Iahven
1270 3111 1434 3212 dilipoal,

127 3228 282 3309 timeant,
301 3228 331 3294 ei
347 3227 569 3311 adhaereant,
584 3228 621 3292 in
638 3227 700 3292 ciis
715 3227 787 3294 eius
802 3227 993 3309 ambulent,
1011 3250 1087 3295 eum
1101 3230 1185 3296 haec
1205 3230 1321 3295 omnia
1336 3253 1438 3320 prac-

127 3335 314 3402 licerinum
337 3335 496 3400 sinleum
517 3334 608 3400 cultu
629 3333 870 3412 modolamine,
884 3334 1022 3422 eiusque
1042 3334 1077 3399 in
1091 3335 1154 3401 hac
1167 3336 1318 3402 oratione
1337 3359 1437 3423 syno-

126 3463 232 3527 nyma
246 3442 449 3507 habeantur.
467 3439 683 3505 bionolalriae
698 3461 799 3529 porro
819 3439 985 3523 obligatio
1009 3446 1042 3506 et
1062 3440 1261 3507 mandatum
1282 3464 1437 3508 necessa-

127 3547 216 3611 riam
241 3553 291 3612 est
309 3546 531 3613 corollarium
549 3546 721 3633 dogmatis
739 3532 990 3626 tuottotbeiimi,
1007 3544 1099 3635 quod
1117 3546 1271 3614 habebas
1286 3547 1357 3615 iarn
1371 3554 1433 3618 Ex.

127 3659 231 3740 ⁶203(
255 3654 278 3717 l.
301 3657 373 3719 CEL
389 3677 422 3742 p.
442 3653 518 3740 199)
537 3673 544 3720 :
563 3674 669 3741 quare
684 3654 728 3719 ab
748 3653 809 3718 illo
825 3653 985 3738 dogmate
1000 3652 1067 3718 hoc
1085 3652 1286 3721 mandalum
1300 3654 1436 3723 derivat
1492 3644 1498 3653 ⁸

127 3764 241 3825 orator
261 3765 387 3825 nester.
412 3782 444 3823 v.
472 3762 491 3822 la
517 3786 532 3818 α
558 3757 651 3824 Attuli
676 3759 782 3824 isreal
803 3779 815 3822 .·
834 3760 999 3824 Donamus
1018 3761 1107 3825 Deua
1133 3773 1248 3826 noster
1271 3763 1435 3829 Dotiiiuus

126 3888 214 3931 utrius
233 3877 281 3931 est
302 3894 331 3932 n.
347 3870 392 3930 Ne
408 3870 584 3931 construas
599 3887 677 3930 curn
694 3864 864 3931 ,thereasra
877 3886 890 3930 .·
906 3865 1007 3931 lahve
1022 3869 1109 3932 [leus
1121 3872 1237 3933 noster
1249 3873 1317 3947 est,
1334 3867 1435 3936 lahve

128 3991 229 4050 unus3
258 3970 317 4038 ubi
349 3994 412 4061 pro
435 3987 499 4034 ‘rna
522 3970 739 4038 scribendum
768 3978 840 4038 erat
864 3959 935 4037 mab
959 3970 1120 4061 (bittunt.
1147 3977 1261 4061 Neque
1288 3975 1433 4042 alterum

126 4081 226 4146 lahue
242 4100 336 4144 mera
356 4078 528 4144 rhetorica
548 4077 704 4167 repetitio
729 4085 777 4144 est
801 4077 924 4166 prioris
943 4079 1058 4145 Iahve.
1082 4077 1148 4145 Sed
1170 4086 1282 4146 vertas
1303 4101 1310 4148 :
1333 4080 1433 4148 latae

125 4189 213 4252 Deua
236 4199 350 4252 nomer
371 4196 420 4251 est
443 4207 532 4250 tentus
554 4183 675 4267 laboe,·
693 4184 872 4274 placetque
897 4185 1012 4274 opinio
1037 4185 1125 4265 cai„
1148 4185 1284 4253 tradere
1303 4192 1435 4276 Moysen

125 4291 386 4381 explicationem
399 4289 596 4358 notissimae
620 4289 788 4357 formulae
803 4318 819 4348 α
844 4294 913 4378 Ego
942 4291 1042 4356 lahve
1066 4295 1152 4358 Deus
1163 4298 1275 4358 vester
1295 4323 1311 4354 »
1324 4346 1332 4372 ,
1346 4318 1433 4384 quae

30 4474 33 4481 1
126 4399 160 4463 in
176 4398 443 4466 revelationibus
467 4398 567 4485 Moysi
588 4396 686 4463 sactis
702 4397 893 4486 prinoipem
915 4396 1029 4463 lacurn
1052 4397 1183 4465 obtinet
1198 4400 1267 4486 (Ex.
1288 4407 1355 4479 3,6.
1379 4407 1430 4467 tt.

128 4511 167 4570 15
179 4508 273 4593 etc).
290 4507 469 4585 Quaeritur
486 4526 604 4594 porro,
625 4503 713 4571 illud
735 4526 824 4570 attacta
842 4506 945 4591 (LXX
958 4504 1015 4592 εἷς)
1030 4503 1118 4571 sitne
1133 4504 1225 4571 idem
1239 4512 1339 4594 atque
1356 4507 1433 4570 rarii-

126 4634 199 4692 tus,
219 4618 323 4696 p.luc;;
346 4613 432 4679 sitne
452 4613 639 4678 verborum
660 4612 689 4678 is
714 4633 830 4677 sensus
858 4612 895 4677 in
916 4632 985 4676 uno
1007 4611 1107 4678 lahve
1131 4634 1200 4677 non
1223 4634 1293 4677 esse
1317 4612 1432 4698 plures

126 4718 249 4809 (cal),
276 4742 321 4787 an
351 4733 447 4787 cetra
469 4720 597 4799 labven
616 4741 685 4787 non
706 4741 775 4787 esse
797 4717 921 4795 alium,
949 4718 1184 4785 affirmeturne
1207 4718 1279 4784 sola
1302 4716 1431 4800 irruitur,
