3366 5346
191 318 250 378 308
642 328 873 375 aoraecrnsrau
894 329 1047 374 senueris.
1129 306 1132 310 ’

194 496 210 530 a
238 472 356 557 illeqere
383 467 473 533 enim
506 488 610 554 usque
638 464 674 530 in
698 486 861 554 praesens
887 475 1018 553 tenipus
1050 461 1188 528 vertistis
1212 459 1261 527 ml
1287 461 1439 549 requiem
1471 472 1505 525 et

188 576 429 664 possessionem
438 595 571 663 ,qnam
591 571 756 637 Dominus
778 575 869 637 fleus
887 583 993 637 aester
1015 569 1155 636 datarus
1178 581 1226 635 est
1245 567 1350 633 eoba.
1368 596 1383 628 »
1405 568 1502 646 Quod

190 683 290 749 lahve
308 704 416 770 usque
435 687 469 746 et
484 679 520 745 in
536 679 650 746 animo
667 679 835 744 habuerat
849 684 882 742 et
898 678 1112 765 promiserat,
1134 675 1322 757 illuderet,
1338 681 1375 740 ut
1390 682 1423 741 et
1437 698 1502 764 po-

190 790 291 877 palus
314 793 347 854 et
372 786 602 854 sanctuarium
630 785 817 874 perfectam
846 784 882 849 in
908 788 1002 850 terra
1028 783 1192 872 promissa
1218 781 1503 848 nanciscerentur

190 895 353 985 requiem.
375 900 414 960 ut
435 915 515 959 arca
535 891 674 981 quidem
695 914 758 981 per
772 891 942 957 desertum
959 895 1168 980 processerat
1191 888 1234 955 de
1255 889 1375 978 requie
1392 889 1427 955 in
1447 912 1500 955 re-

188 1002 320 1090 quiem,
343 1001 386 1067 de
405 999 549 1067 statione
575 1000 612 1064 in
637 997 815 1065 stationem
837 996 948 1085 (Num.
975 1003 1074 1080 10,33
1101 1019 1168 1063 sec.
1194 995 1330 1084 Heba),
1356 1001 1501 1062 nactura

189 1114 303 1174 tamen
320 1113 392 1174 erat
410 1128 528 1173 veram
543 1106 697 1194 requiem
719 1102 856 1170 nonnisi
874 1103 910 1169 in
931 1109 1022 1170 terra
1040 1108 1173 1184 sancta;
1195 1103 1277 1169 item
1303 1103 1422 1192 populi
1446 1124 1501 1170 re-

188 1216 284 1302 quies
298 1214 486 1281 constitura
505 1216 579 1278 erat
599 1211 738 1300 pacifica
755 1209 966 1300 possessione
984 1216 1096 1277 terrae
1109 1208 1309 1299 promissae,
1326 1231 1431 1297 quam
1447 1215 1500 1276 ta·

188 1342 266 1387 men
289 1318 477 1387 secundam
507 1322 564 1384 llx.
587 1324 688 1399 essia
704 1336 771 1406 sq.;
795 1321 891 1384 fleat.
914 1323 993 1397 7,·22
1008 1338 1076 1383 non
1094 1338 1163 1383 uno
1187 1323 1264 1405 post
1289 1320 1419 1403 lloysen
1442 1316 1499 1384 die

186 1450 297 1517 neque
316 1448 406 1494 anno
420 1424 556 1493 nacturi
571 1431 667 1491 erant
685 1423 840 1490 Hebraei.
860 1446 890 1490 v.
909 1431 949 1489 10
968 1425 1012 1489 Et
1034 1454 1049 1485 a
1066 1421 1252 1489 transibitis
1267 1422 1448 1490 Iordanem
1465 1436 1499 1488 et

186 1532 381 1599 habitabitis
405 1533 441 1598 ia
458 1545 558 1612 terro,
577 1553 681 1620 qaam
700 1529 865 1596 Darrrirms
880 1534 969 1596 Deus
993 1543 1098 1596 vester
1113 1529 1254 1596 daturas
1272 1558 1288 1591 »
1304 1568 1349 1579 —
1363 1529 1466 1597 near.
1487 1553 1496 1597 :

185 1639 396 1706 haereditare
419 1638 588 1704 diuisurus
612 1676 656 1686 —
682 1668 697 1695 «
719 1649 767 1703 est
789 1637 898 1717 vobis,
920 1650 957 1702 a!
982 1636 1205 1725 requiescatis
1228 1659 1250 1703 a
1273 1636 1403 1703 cerrectis
1422 1636 1500 1702 lios·

186 1746 275 1811 libas
304 1768 367 1834 per
403 1744 598 1826 circuitum,
627 1756 658 1810 el
688 1745 815 1832 absque
837 1741 907 1809 telio
934 1743 1055 1809 timore
1083 1742 1242 1809 latitatis
1266 1770 1296 1810 a.
1318 1747 1498 1830 Exspecta-

185 1852 290 1935 reris,
317 1853 518 1941 scriptorem
543 1850 661 1937 Moysis
687 1872 834 1939 persona
858 1849 1058 1939 loquentem
1082 1849 1176 1916 illico
1204 1849 1428 1929 sanciturum,
1459 1856 1499 1916 ut

187 1957 234 2023 ibi
251 1958 286 2024 in
308 1956 546 2039 cisiordanica,
568 1957 666 2024 nulla
684 1955 831 2022 admissa
854 1978 962 2037 mora,
979 1956 1091 2022 cultus
1117 1962 1336 2023 revocaretur
1355 1955 1399 2022 ad
1418 1978 1498 2023 eam

185 2064 448 2154 perfectionem,
475 2086 563 2153 quae
591 2063 632 2129 de
658 2063 748 2129 facto
776 2062 973 2129 obtinuerat
998 2062 1034 2128 in
1059 2062 1206 2130 deserto.
1231 2063 1270 2130 ld
1298 2084 1368 2129 non
1400 2063 1495 2130 facit.

185 2170 293 2237 Credo
317 2169 478 2260 equidem
498 2169 638 2236 omnino
662 2162 861 2257 scriptorem
885 2174 1042 2235 nostrum
1064 2191 1141 2236 eam
1166 2169 1395 2236 conditionem
1418 2191 1500 2259 per·
1578 2224 1583 2233 .

184 2276 330 2366 spexisse
349 2299 418 2343 esse
437 2282 471 2342 et
495 2276 595 2341 unice
620 2276 806 2363 perfectam
826 2281 861 2341 et
882 2275 1069 2364 aliquando
1088 2276 1224 2343 effectui
1247 2275 1497 2357 mandandam,

183 2383 276 2472 quod
300 2405 383 2450 aevo
406 2380 541 2448 flavidis
562 2403 682 2470 reapse
704 2382 831 2447 factum
853 2386 914 2448 est.
940 2385 1062 2449 Veram
1085 2382 1306 2472 progreditur
1326 2383 1398 2473 ipse
1423 2384 1500 2472 pri-

184 2490 345 2556 mamad
369 2489 470 2556 aliam
489 2487 744 2573 indulgentiam
773 2488 1039 2567 concedendam,
1062 2489 1260 2579 cultumque
1279 2489 1499 2557 conforman-

182 2597 265 2663 dum
288 2596 357 2682 legi
379 2619 410 2660 v.
434 2598 488 2662 2-7
514 2594 665 2680 benigne
684 2593 889 2663 intellectae.
913 2600 965 2662 Sc.
991 2595 1142 2662 interra
1169 2595 1337 2685 promissa
1360 2618 1440 2663 arca
1463 2604 1499 2664 et

181 2703 329 2792 populus
347 2724 416 2769 non
431 2709 529 2768 erant
547 2701 640 2768 illico
660 2702 812 2790 perfecta
828 2702 946 2791 requie
965 2701 1115 2769 fruituri.
1137 2703 1407 2771 Arca-lahama
1422 2710 1499 2771 erat

183 2811 337 2896 requiem
353 2811 503 2896 primum
528 2808 639 2895 magis
659 2807 819 2874 stabilem
838 2807 875 2873 in
895 2807 976 2885 Silo,
999 2809 1238 2875 Cariatbiarim
1257 2816 1336 2888 eta,
1354 2832 1394 2875 ac
1419 2818 1498 2877 tan-

182 2914 260 2978 dem
280 2922 538 3000 permanentem
556 2914 593 2979 in
610 2919 724 2978 monte
741 2914 836 2993 Sion;
855 2914 1002 3001 populus
1022 2915 1238 2983 habitaturas
1250 2924 1324 2983 erat
1340 2919 1496 3006 primum

183 3018 393 3083 Chananaeis
420 3018 615 3108 permixtus,
634 3019 783 3084 bostium
814 3020 1067 3088 incursionibus
1093 3021 1281 3111 plurimum
1309 3023 1494 3113 expositus,

182 3123 320 3190 tandem
346 3123 534 3212 exstirpatis
556 3124 769 3189 chananaeis
787 3132 821 3189 et
842 3147 951 3210 regno
967 3127 1112 3195 firmiter
1130 3130 1311 3196 constituto
1326 3130 1496 3197 fruiturus

181 3234 254 3297 erat
268 3230 418 3318 perfecta
437 3252 532 3318 pace.
551 3231 641 3296 Sicut
654 3228 762 3315 igitur
777 3231 924 3319 populus
939 3239 971 3299 et
986 3256 1066 3300 arca
1083 3234 1273 3317 intervallis
1286 3237 1494 3326 quibasdam

181 3336 226 3404 ad
244 3337 430 3426 perfectam
452 3336 605 3425 requiem
621 3341 719 3403 erant
739 3339 951 3427 perventuri,
970 3341 1015 3406 ita
1041 3342 1203 3409 censebat
1226 3345 1329 3410 etiam
1349 3344 1497 3432 scriptor

180 3451 295 3512 noster
319 3466 416 3511 sacra
446 3442 617 3530 gradatim
648 3465 718 3511 esse
747 3445 964 3512 reformanda
991 3452 1092 3535 atque
1123 3448 1166 3514 ad
1194 3471 1270 3515 eam
1300 3449 1494 3517 revocanda

180 3553 436 3641 perfectionem,
456 3574 561 3639 quam
583 3550 619 3617 in
638 3549 772 3617 deserto
797 3572 865 3617 non
891 3552 966 3639 lege
990 3554 1132 3642 quidem
1155 3555 1236 3631 lata,
1259 3555 1317 3623 sed
1337 3555 1378 3623 de
1402 3556 1494 3624 facto

182 3658 413 3723 obtinuerant.
435 3662 507 3723 Non
528 3657 697 3747 extemplo
717 3658 834 3739 vetuit,
854 3680 897 3724 nc
917 3659 995 3747 quis
1016 3682 1088 3727 non
1112 3663 1278 3745 aaronita,
1297 3683 1382 3729 neve
1408 3662 1492 3730 alibi

180 3764 256 3853 quis
284 3763 350 3829 nisi
380 3764 472 3852 apud
500 3765 732 3854 sanctuarium
766 3764 953 3831 maximum
979 3768 1201 3843 sacrificaret,
1225 3768 1285 3835 sed
1315 3769 1490 3838 licentiam

180 3894 212 3938 v.
244 3878 263 3937 8
290 3870 500 3959 sapientibus
528 3871 736 3957 quibusdam
760 3871 889 3956 regulis
921 3872 1197 3964 circumscripsit.
1229 3876 1265 3942 ld
1295 3898 1377 3944 vero
1412 3899 1492 3945 eum

180 3978 296 4043 fecisse
322 3976 536 4065 approbante
556 3981 622 4042 lleo
642 3978 769 4043 inferas
790 3978 882 4059 inde,
901 3980 995 4068 quod
1016 3987 1102 4048 Deus
1126 3984 1242 4072 aliqua
1264 3983 1431 4051 sacrificia
1454 3984 1490 4050 in

180 4083 346 4149 altaribus
369 4081 510 4171 privatis
534 4083 649 4149 oblata
672 4085 846 4151 miraculis
868 4087 1168 4157 cohonestaverit:
1194 4091 1267 4157 lud.
1296 4096 1394 4171 13,19
1420 4113 1490 4180 sq.;

181 4194 303 4274 llleg.
322 4197 378 4268 ra
394 4212 444 4277 sq.

223 4317 254 4359 v.
275 4302 311 4361 11
331 4297 375 4359 Er
391 4296 467 4380 erit,
493 4323 509 4357 «
539 4296 573 4361 in
591 4296 662 4363 loeo
680 4321 779 4387 qreem
803 4298 942 4387 eleqerit
957 4302 1124 4368 Dominus
1143 4307 1231 4369 fleres
1251 4319 1365 4389 cester,
1386 4317 1425 4369 ut
1444 4305 1491 4371 sil

178 4423 301 4467 norrrea
313 4400 385 4466 eius
400 4401 437 4466 in
456 4424 493 4467 eo
512 4430 527 4461 »
545 4404 599 4487 (cf.
619 4425 651 4470 v.
673 4406 719 4494 ὃ),
740 4434 755 4465 a
775 4404 860 4487 illac¹
880 4407 1009 4489 alienia,
1027 4432 1114 4498 quae
1125 4411 1317 4501 praecipio,
1333 4412 1492 4500 consere-

178 4509 220 4573 lis
244 4536 274 4574 ».
296 4514 384 4594 Ergo
403 4531 453 4590 ea,
478 4531 566 4597 qaae
587 4524 772 4600 praecepto
793 4525 885 4597 sient,
907 4514 952 4580 ad
976 4518 1209 4585 sanctuarium
1227 4519 1430 4603 afferantur3
1451 4519 1491 4586 in

175 4616 315 4705 reliquis
341 4614 540 4683 conceditur
567 4616 716 4683 libertas.
737 4624 821 4685 Nota
848 4620 995 4687 incisum
1021 4623 1098 4705 boc,
1119 4625 1212 4713 quod
1233 4648 1263 4692 v.
1292 4633 1311 4693 6
1335 4626 1488 4713 ignorat,

176 4721 322 4791 adscribi
349 4745 381 4790 v.
413 4730 449 4790 11
482 4721 725 4807 anovellario,
753 4726 813 4815 qni
839 4749 870 4794 v.
904 4730 1188 4818 (lexplicandum
1211 4733 1245 4799 h.
1278 4733 1302 4801 l.
1327 4736 1490 4825 suscepit.
