3366 5346
668 306 879 351 nrcnurmaun
902 307 1035 352 amorra.
1451 298 1506 355 175

193 452 279 511 tum.
296 440 575 533 Deprehendetnr
593 444 707 506 autem
725 440 951 507 summarium
967 463 1037 509 esse
1050 440 1187 509 abunde
1205 442 1390 521 sufficiens,
1409 445 1436 510 si
1456 453 1507 511 at·
1604 424 1607 429 ¹

194 550 354 617 tendatur
373 548 452 614 finis
480 546 655 628 orationis,
673 548 733 634 qni
752 568 769 613 e
793 551 908 629 t,1-to
931 547 1077 614 maxime
1099 546 1319 635 intelligitur,
1337 551 1431 639 quod
1449 574 1505 617 ca-

192 663 253 746 put
276 663 388 723 totum
412 660 464 722 est
484 652 759 744 paraeneticum,
783 653 963 743 obiterque
985 659 1119 722 tantum
1143 654 1307 722 historica
1333 656 1505 745 quaedam

192 763 344 849 attingit.

234 873 292 936 Dr.
318 893 354 958 p.
376 873 388 935 l
414 890 421 936 :
450 895 465 929 «
492 873 644 949 1,6-t,t0
670 870 722 933 est
744 866 863 954 Moysis
887 867 1000 956 prima
1020 872 1052 933 et
1078 866 1326 933 introductoria
1347 869 1455 936 oratio
1473 898 1503 936 ».

190 977 303 1044 Prima
315 974 488 1055 scribitur,
504 980 621 1063 estque
638 972 808 1040 credenda
824 978 902 1039 ante
916 973 1165 1039 restitutionem
1179 974 1330 1041 foederis
1345 976 1505 1042 alteram-

92 1149 95 1157 ,
190 1106 256 1174 que
281 1082 473 1149 orationem
496 1102 568 1147 esse
593 1079 723 1146 habita.
749 1079 913 1145 Similiter
932 1078 1070 1146 dicebat
1096 1083 1217 1168 Bonfr.
1242 1080 1297 1168 (ad
1321 1081 1406 1170 M),
1427 1105 1504 1173 cap.

192 1197 248 1256 1-3
278 1187 542 1278 praeambulum
567 1206 638 1253 esse
661 1185 707 1252 ad
733 1190 864 1266 tuat,
890 1185 974 1251 item
997 1190 1112 1267 t‚1-to
1138 1187 1401 1277 praeambulum
1435 1212 1505 1257 esse

191 1295 356 1363 orationis
385 1317 461 1384 cap.
491 1299 510 1359 5
540 1314 617 1381 sqq.
649 1290 793 1358 Vitanda
821 1291 1058 1381 aequivocatio
1087 1292 1178 1360 vocis
1208 1292 1418 1360 introductio
1447 1317 1505 1364 seu

188 1401 461 1492 praeambulum.
484 1403 589 1466 Sensu
612 1397 783 1464 rhetorico
804 1399 916 1488 prima
934 1398 1045 1465 oratio
1068 1405 1158 1465 certe
1174 1422 1245 1466 non
1267 1409 1317 1466 est
1336 1401 1505 1469 secundae

191 1509 355 1575 orationis
370 1505 589 1585 introducti0,
608 1504 668 1571 sed
682 1509 829 1594 utraque
843 1510 892 1571 est
906 1506 1014 1572 oratio
1031 1507 1192 1573 conclusa
1205 1506 1243 1574 in
1263 1528 1310 1587 se,
1329 1529 1426 1574 suam
1442 1508 1505 1574 ha-

190 1614 275 1681 hens
300 1612 568 1702 dispositionem.
598 1615 704 1678 Sensu
733 1610 818 1677 reali
841 1610 949 1677 oratio
972 1612 1085 1701 prima
1114 1613 1235 1701 utique
1264 1618 1451 1703 praeparat
1470 1621 1504 1680 et

187 1720 386 1799 introducit,
404 1738 471 1785 non
486 1723 557 1784 tam
576 1717 683 1784 solam
702 1716 885 1785 secundam
903 1718 1106 1802 orationem,
1123 1740 1228 1807 quam
1247 1721 1362 1809 potius
1381 1720 1503 1787 solem-

186 1825 329 1892 nitatem
352 1824 553 1891 restituandi
576 1822 737 1906 foederis,
769 1825 866 1889 cuius
887 1824 1036 1891 secunda
1060 1826 1170 1891 oratio
1193 1826 1310 1893 futura
1329 1832 1402 1892 erat
1423 1850 1503 1917 pars

188 1934 317 2022 aliqua.
374 1946 377 1953 '

232 2045 264 2104 Ω.
295 2037 399 2104 Huius
421 2036 531 2123 igitur
552 2035 716 2103 orationis
735 2058 816 2125 pars
837 2035 946 2102 altera
968 2036 1187 2125 paraenetica
1216 2036 1364 2119 brevior,
1390 2039 1502 2106 affinis
1581 2076 1585 2083 ·

186 2144 350 2210 orationis
372 2143 610 2234 paraeneticae
633 2147 729 2209 Dent.
751 2149 845 2209 6-11.
871 2145 958 2209 Pars
983 2141 1147 2210 tristor-ica
1171 2142 1337 2234 prolixior
1361 2152 1502 2214 eventus

186 2256 334 2331 enarrat,
352 2250 413 2339 qui
427 2249 533 2316 iidem
551 2248 588 2315 in
603 2253 658 2314 Ex.
677 2254 711 2314 et
724 2253 750 2314 N
755 2270 822 2314 um.
839 2248 1087 2317 referebantur.
1106 2249 1169 2316 Ubi
1184 2249 1376 2317 notandum

230 2380 261 2423 a.
289 2379 342 2423 res
367 2355 503 2422 narrari
526 2354 718 2441 generatim
747 2354 866 2420 eodem
895 2360 998 2444 atque
1025 2355 1064 2422 in
1091 2356 1267 2445 prioribus
1289 2357 1388 2425 libris
1408 2359 1498 2435 stilo,
1535 2411 1538 2419 ,

186 2463 392 2553 quandoque
413 2461 622 2529 verbotenus
640 2465 699 2527 aut
720 2460 790 2526 sere
810 2460 1030 2543 verbotenus,
1054 2462 1247 2548 generatim
1271 2463 1425 2545 liberius,
1443 2488 1499 2531 ex-

186 2569 417 2658 pressionibus
438 2576 553 2636 tamen
576 2567 790 2656 potissimum
816 2567 873 2645 iis,
899 2591 987 2655 quae
1008 2577 1067 2633 aut
1086 2569 1227 2635 eaedem
1252 2570 1327 2636 aliis
1347 2573 1498 2659 priorum

186 2676 353 2742 librorum
373 2674 540 2765 pericopis
562 2675 731 2760 legantur,
749 2679 955 2754 ontearum,
974 2696 1062 2762 quae
1076 2673 1126 2739 ibi
1142 2675 1302 2759 legantur
1316 2676 1384 2741 sint
1400 2676 1499 2742 valde

186 2781 316 2849 affines.
337 2785 456 2849 Orator
478 2802 548 2847 non
571 2779 730 2846 exscribit
751 2779 921 2859 codicem,
940 2779 999 2845 sed
1023 2801 1042 2845 e
1064 2780 1229 2846 memoria
1251 2781 1373 2847 recitat
1395 2804 1498 2848 evcn-

184 2896 253 2973 tus,
275 2910 423 2977 quorum
442 2886 550 2977 aliqui
570 2892 651 2954 sunt
672 2885 770 2952 valde
791 2890 959 2968 recenteS,
984 2885 1043 2951 alii
1067 2891 1146 2952 ante
1169 2892 1211 2953 38
1231 2885 1366 2953 circiter
1389 2911 1498 2955 annos

183 3018 340 3063 evenere.
361 2996 409 3062 ef.
431 3018 465 3084 p.
488 2999 551 3060 1t9
573 3015 624 3083 sq.

228 3103 262 3170 b.
282 3102 369 3169 Finis
383 3101 527 3168 oratoris
541 3104 673 3167 nonest
690 3099 881 3182 historicus,
903 3097 963 3166 sed
981 3099 1181 3167 rhetoricus.
1199 3099 1393 3168 Describere
1411 3102 1494 3183 vult,

183 3231 252 3298 qua
264 3208 481 3298 providentia
499 3208 602 3275 lsrael
614 3229 635 3273 a
649 3213 765 3272 monte
781 3205 873 3273 Sinai
886 3205 1074 3294 perductus
1089 3206 1133 3273 sit
1147 3206 1192 3273 ad
1204 3207 1314 3297 ripam
1328 3209 1493 3289 Iordanis,

178 3316 266 3404 quid
283 3339 345 3404 pro
363 3315 439 3404 ipso
456 3314 591 3402 egerint
611 3314 713 3380 lahve
728 3320 763 3379 et
776 3317 912 3400 Moyses,
934 3311 1018 3401 quid
1035 3320 1154 3379 contra
1169 3314 1296 3379 lahven
1311 3313 1497 3402 deliquerit

184 3414 301 3504 lsrael;
328 3423 451 3510 hisque
483 3420 643 3488 lsraelem
671 3419 785 3486 studet
814 3419 1020 3485 confirmare
1046 3419 1081 3483 in
1106 3419 1272 3506 obsequio
1300 3425 1333 3484 et
1356 3419 1493 3486 fiducia.

184 3528 267 3593 llinc
280 3528 369 3594 iacta
388 3527 612 3617 particularia
627 3526 753 3593 omittit
771 3526 905 3606 llariae,
923 3528 1005 3591 Cere
1021 3529 1084 3590 etc.
1098 3546 1104 3605 ;
1120 3524 1322 3589 rebelliones
1335 3525 1420 3591 duas
1435 3549 1494 3615 po-

183 3633 328 3700 tissimas
338 3635 427 3701 solas
441 3635 593 3720 attingit,
608 3634 818 3723 quaefactae
833 3640 910 3698 sunt
925 3631 962 3697 in
978 3631 1113 3697 deserto
1126 3631 1261 3697 Pharan
1276 3638 1311 3698 ct
1326 3631 1369 3697 ad
1381 3636 1495 3722 Aquas

184 3740 467 3807 Contradictionis
485 3742 530 3829 (v.
552 3741 597 3807 ad
613 3741 717 3828 tta).
741 3744 776 3805 ln
795 3739 938 3824 singulis
955 3738 1210 3805 narrationibus
1226 3738 1344 3827 aliqua
1364 3762 1382 3804 e
1399 3740 1494 3828 prius

183 3847 330 3914 narratis
346 3847 546 3937 supprimit,
564 3846 629 3914 alia
650 3847 796 3937 supplet,
815 3845 978 3910 orationis
995 3844 1061 3910 line
1081 3849 1277 3911 constanter
1291 3867 1373 3933 prae
1389 3846 1495 3911 oculis

180 3959 327 4021 servato,
344 3958 416 4020 Non
439 3953 633 4021 habebatur
653 3958 752 4020 Num.
778 3958 874 4031 10,ss
900 3950 1096 4041 explicitum
1112 3950 1269 4018 divinum
1292 3951 1492 4016 mandatum

181 4062 368 4128 recedendi
392 4085 412 4128 a
438 4067 552 4128 monte
576 4059 700 4127 Sinai:
728 4060 792 4124 hoc
814 4058 918 4124 habet
941 4063 1037 4124 lteut.
1062 4063 1117 4136 1,6
1132 4079 1197 4145 sq,
1216 4057 1493 4146 expressionibus

180 4169 300 4236 iisdem
320 4177 422 4259 atque
437 4173 535 4236 Num.
560 4174 660 4251 13,3u
679 4168 765 4253 <aug
791 4172 907 4244 1'c‚·25;
926 4171 1016 4246 16‚3.
1036 4172 1066 4230 7.
1088 4170 1301 4230 Demonstrat-
1318 4186 1363 4230 so.
1378 4170 1493 4231 orator

180 4276 304 4343 latacen
329 4275 550 4366 profectionis
575 4278 768 4351 auctorem,
789 4271 849 4360 qui
869 4271 956 4337 serio
975 4294 996 4336 a
1021 4271 1139 4360 primis
1156 4270 1300 4358 cupierit
1325 4271 1491 4360 populum

179 4391 272 4449 recta
288 4385 324 4449 in
342 4384 580 4449 chananaeam
597 4380 778 4459 deducere,
797 4378 856 4466 qui
877 4399 1050 4444 morarum
1067 4377 1139 4465 ipse
1154 4400 1224 4443 non
1240 4377 1342 4443 fuerit
1360 4385 1487 4443 arrctor.

182 4489 243 4554 l'bi
260 4489 333 4576 agit
348 4490 389 4555 de
405 4487 575 4555 iudicibus
590 4491 646 4554 Ex.
664 4492 703 4552 18
719 4484 892 4565 institutis,
910 4490 998 4551 tacet
1016 4491 1068 4565 1‚n
1084 4507 1159 4574 sqq.
1175 4492 1249 4550 acta
1265 4485 1377 4549 luthro
1396 4504 1403 4549 :
1421 4505 1491 4547 non

183 4597 272 4660 enim
289 4618 377 4684 quae
397 4595 526 4675 lethro,
543 4594 602 4660 sod
623 4614 709 4681 quac
730 4593 831 4657 lalrve
848 4600 881 4657 et
900 4596 1024 4679 Moyses
1042 4592 1170 4681 populo
1187 4589 1352 4655 beneficia
1372 4593 1490 4654 contu-

182 4703 298 4785 lerint,
326 4724 487 4769 enarrare
508 4701 542 4767 in
570 4701 685 4767 animo
706 4699 821 4767 habet.
846 4698 910 4765 Sed
933 4704 1008 4777 1‚1t
1034 4700 1141 4777 etl'ert,
1167 4696 1333 4786 populum
1357 4714 1491 4758 snnnna
