3366 5346
442 292 488 350 15.
512 305 739 352 saxonanum
763 304 770 348 :
795 305 884 348 naar.
909 285 982 357 ⁹20,8
1002 303 1067 354 soo.
1351 292 1409 351 385

100 441 202 509 dictis
228 469 243 501 1
266 441 395 509 scribae
423 471 437 501 a
461 439 591 507 addent
615 438 770 530 [reliqua]
795 449 826 504 et
846 436 1030 528 loquentur
1046 435 1094 503 ad
1108 439 1275 528 populum
1299 469 1314 500 »
1336 461 1343 507 :
1366 480 1410 490 -

103 554 193 616 verte
213 568 220 614 :
240 547 292 614 his
310 546 411 613 dictis
428 548 551 613 iterum
574 545 757 636 loquentur
773 543 822 611 ad
833 542 1016 634 populum.
1034 547 1118 609 Sunt
1131 565 1177 610 sc.
1197 542 1285 612 duae
1302 552 1414 635 partes

101 653 406 745 proclamationis:
425 653 521 743 prior
533 676 565 721 v.
588 660 643 719 5-'1
659 656 770 720 certos
792 649 960 732 homines,
975 654 1013 716 ut
1023 648 1164 717 domum
1180 649 1317 735 abeant,
1336 676 1416 727 vore

99 761 239 841 invitat3
259 761 369 828 altera
387 782 456 827 nou
484 767 554 827 lam
574 759 722 826 intendit
742 758 917 844 segniores
940 755 1081 823 domum
1106 754 1292 839 dimittere,
1314 781 1416 848 quam

100 869 314 956 potissimum
339 866 409 934 illis
430 866 601 957 pudorem
626 865 753 932 addere
777 870 811 931 et
833 863 1002 931 animum.
1019 861 1079 929 Vel
1103 861 1209 947 dicas,
1235 871 1419 955 postquam

101 973 174 1040 lud.
192 981 248 1055 't‚3
264 975 338 1064 ipse
353 979 440 1040 Deus
454 971 693 1040 formidolosos
707 970 804 1040 iussit
814 970 957 1037 domum
971 967 1141 1054 secedere,
1158 991 1238 1038 eum
1253 971 1417 1061 aliquam-

100 1081 161 1148 diu
178 1080 272 1170 apud
291 1080 460 1147 Hebraeos
478 1079 662 1146 obtinuisse
677 1099 821 1162 morem,
840 1083 880 1144 ut
899 1081 978 1144 ante
997 1075 1169 1166 proelium
1188 1076 1419 1145 invitarentur

102 1186 314 1254 formidolosi
333 1186 512 1266 secedere,
536 1190 640 1276 atque
659 1185 707 1252 ita
725 1188 988 1275 perpetuaretur
1009 1183 1177 1250 memoria
1195 1182 1303 1250 divini
1322 1185 1417 1251 auxi-

104 1293 142 1359 lii
168 1292 318 1361 Gedeoni
344 1293 380 1360 in
400 1292 532 1383 proelio
551 1291 705 1382 praestiti
723 1329 768 1340 —
793 1317 809 1352 a
834 1289 918 1372 Quis
936 1301 986 1356 est
1001 1288 1099 1355 heuto
1113 1288 1359 1378 formidolosus
1385 1306 1418 1359 et

103 1398 201 1466 corde
218 1399 370 1488 pauido?
400 1399 508 1467 Vadat
531 1411 564 1465 et
585 1409 775 1465 reuertatur
798 1398 834 1464 ia
857 1395 1000 1464 domum
1019 1417 1132 1477 suam,
1148 1418 1191 1463 ae
1213 1420 1341 1488 pavere
1361 1399 1418 1487 [a-

105 1506 172 1572 ciat
191 1505 295 1572 eorda
310 1505 465 1593 fratrum
485 1527 636 1588 sitorum,
660 1505 749 1572 sicut
768 1503 839 1594 ipse
858 1503 978 1570 timore
992 1503 1197 1593 perterritus
1213 1516 1262 1570 est
1283 1531 1313 1573 1.
1331 1509 1418 1572 llaec

104 1613 244 1679 omuino
263 1617 453 1680 consonant
470 1611 588 1679 divino
607 1611 746 1700 eloquio
762 1610 838 1678 lud.
857 1617 913 1694 7,3
929 1629 937 1676 ε
955 1615 1071 1676 tamen
1088 1616 1168 1677 ante
1183 1610 1340 1678 exsilium
1354 1611 1418 1678 ha-

15 1726 19 1735 “
103 1720 175 1785 bita
194 1741 265 1786 esse
283 1741 347 1808 pro
366 1741 446 1786 vera
465 1718 554 1805 lege,
570 1718 669 1785 nullo
688 1721 892 1804 argumento
909 1707 1164 1783 demonstratur
1183 1716 1238 1805 (ef.
1262 1739 1351 1807 quae
1366 1717 1419 1784 di-

63 1837 65 1841 ’
103 1825 265 1893 cebamus
279 1825 324 1892 ad
340 1827 451 1914 19,9);
467 1830 544 1915 post
558 1824 716 1892 exsilium
730 1823 864 1914 utique,
877 1823 1016 1913 quando
1031 1822 1281 1890 collectaneum
1292 1846 1420 1916 aequa-

103 1932 170 1998 lem
191 1932 283 2021 apud
301 1953 419 1998 omnes
433 1953 512 1999 cum
527 1931 780 2020 antiquioribus
794 1929 930 2015 legibus
943 1935 1083 1996 nactum
1098 1934 1148 1995 est
1166 1930 1416 2012 auctoritatem,

104 2039 273 2104 monitum
292 2036 394 2104 etiam
415 2060 447 2105 v.
466 2044 523 2115 5-8
536 2036 697 2124 religiose
713 2036 973 2103 observabatur.
1480 2113 1481 2117 Ἰ

85 2160 87 2163 ’
147 2148 330 2233 Postquam
350 2144 567 2231 hortantibus
589 2143 709 2210 scribis
726 2142 833 2233 aliqui
853 2142 996 2209 domum
1014 2165 1050 2211 se
1075 2164 1248 2233 recepero,
1265 2150 1419 2233 superest

105 2257 141 2316 ut
165 2250 267 2318 duces
284 2250 454 2326 militares
473 2250 599 2317 milites
616 2255 802 2316 numerent
817 2254 851 2316 et
873 2276 889 2309 «
908 2247 1017 2315 aciem
1038 2248 1209 2316 instruant
1235 2278 1250 2311 »
1273 2250 1383 2340 (Vct.)
1408 2273 1415 2320 :

104 2379 136 2424 v.
164 2364 183 2423 9
206 2387 221 2417 «
248 2360 399 2448 Cumque
415 2357 575 2425 siluerint
598 2356 699 2423 disces
719 2355 888 2424 exercitus
914 2383 944 2438 1,
964 2378 1023 2423 seu
1045 2357 1158 2423 verius
1177 2356 1318 2441 scribae,
1346 2385 1361 2418 u
1386 2371 1419 2424 et

102 2462 205 2549 finem
220 2463 383 2553 loquendi
390 2464 548 2551 fecerint,
565 2463 800 2553 teretesquisque
814 2485 893 2529 sitos
902 2461 950 2528 ad
965 2461 1162 2529 tettandum
1181 2485 1304 2530 carneos
1317 2487 1418 2554 prae-

100 2569 243 2656 parabit
262 2597 291 2633 ».
306 2572 406 2637 Hebr.
427 2572 682 2637 :numerabunt
698 2568 867 2658 praefecti
886 2580 1078 2635 turmarum
1094 2569 1264 2659 populum
1279 2592 1346 2659 per
1363 2592 1417 2636 ca-

103 2686 191 2762 prta.

150 2783 235 2870 Arp.
256 2781 348 2847 -si
367 2781 488 2848 urbem
505 2786 600 2849 extra
618 2778 872 2848 chanaanitidis
888 2780 972 2847 fines
988 2779 1250 2867 aggrediantur,
1269 2782 1419 2872 primum

105 2886 149 2952 ad
164 2885 377 2954 deditionem
396 2887 557 2970 invitent,
574 2908 643 2976 qua
661 2892 816 2953 recusata
832 2885 1046 2981 interemptis
1064 2887 1145 2953 viris
1162 2887 1297 2977 reliqua
1312 2911 1420 2956 reser-

108 2998 196 3060 vent.
211 2993 310 3061 Urbis
325 3014 405 3060 vero
414 2993 505 3060 intra
517 2991 774 3060 chanaanitidis
787 2992 872 3059 fines
886 2991 971 3059 sitae
983 2998 1157 3061 roserv'eut
1167 2995 1308 3065 omuino
1318 2995 1418 3077 nihil,

106 3098 164 3165 sed
179 3120 254 3166 eam
272 3122 335 3189 pro
350 3100 568 3167 anathemate
579 3099 775 3188 exstirpent.
790 3137 833 3151 -
848 3103 921 3167 Non
935 3098 1162 3167 succidendae
1179 3100 1269 3169 circa
1284 3102 1417 3186 urbem,

107 3228 212 3295 quam
231 3206 422 3287 obsideant,
442 3206 584 3274 arbores
598 3205 800 3296 pomiferae.

151 3335 183 3378 v.
210 3320 250 3380 10
272 3341 288 3376 a
310 3313 506 3403 Siquando
526 3313 706 3380 accesseris
728 3312 776 3379 ad
793 3311 1064 3402 eapupuaadam
1085 3312 1271 3395 ciuitatem,
1297 3318 1420 3405 offeres

108 3418 140 3483 ei
158 3419 332 3508 [primum]
347 3417 469 3510 pacem
494 3447 523 3486 u.
544 3442 576 3486 v.
605 3426 643 3485 11
669 3446 685 3481 «
709 3418 749 3485 Si
772 3419 938 3508 receperit
959 3430 992 3484 et
1014 3419 1186 3507 aperuerit
1207 3420 1269 3485 tibi
1285 3434 1417 3509 portas,

109 3539 250 3591 curmtus
259 3525 411 3615 populus
429 3526 491 3614 qui
511 3525 548 3591 in
563 3547 603 3591 ea
621 3537 669 3591 est
683 3524 883 3606 salvabitur,
901 3537 932 3590 et
950 3524 1073 3591 seruiet
1087 3524 1150 3590 tibi
1163 3524 1224 3591 sub
1243 3525 1370 3593 tributo
1387 3555 1417 3611 u,

91 3631 154 3717 ,ad
167 3632 357 3718 angariam.
386 3631 481 3710 Quod
502 3631 707 3698 observabat
735 3631 803 3698 iam
829 3636 925 3697 losue
954 3635 1017 3697 los.
1041 3637 1073 3711 9,
1094 3635 1189 3699 ratus
1215 3632 1421 3702 Gabaonitas

110 3737 229 3828 procul
249 3737 418 3804 habitare.
440 3760 470 3802 v.
495 3743 536 3803 12
552 3764 568 3797 «
588 3736 653 3803 Sia
672 3750 788 3804 aretem
799 3736 923 3826 foedus
939 3735 1027 3803 inire
1046 3735 1207 3823 noluerit,
1228 3753 1261 3807 et
1275 3742 1424 3831 coeperit

110 3856 228 3910 contra
247 3856 278 3910 te
298 3843 436 3928 belhem,
451 3844 669 3933 oppupuabis
687 3867 762 3912 eam
785 3871 816 3909 a.
835 3867 868 3910 v.
888 3850 928 3910 13
949 3872 964 3905 u
985 3846 1139 3935 Cumque
1157 3844 1341 3914 tradiderit
1355 3852 1423 3914 Do-

113 3952 226 4017 minus
247 3949 450 4018 Drusillam
470 3950 507 4016 ia
531 3972 638 4017 manu
659 3964 735 4036 tua,
751 3950 922 4041 percuties
939 3973 1049 4038 omae,
1069 3951 1164 4041 quod
1185 3952 1221 4019 ia
1237 3976 1277 4020 ea
1291 3956 1426 4044 perceris

111 4058 294 4125 masculini
310 4071 370 4139 est,
385 4057 422 4124 ia
443 4079 499 4123 ore
519 4055 633 4147 pladii
651 4085 681 4140 »‚
702 4079 734 4124 v.
760 4062 800 4124 lt
824 4085 840 4118 u
862 4059 990 4147 absque
1008 4057 1211 4126 urrdieribus
1230 4061 1425 4151 1111111111-

112 4166 182 4251 bus,
204 4165 367 4232 inruentis
382 4177 415 4232 et
429 4164 560 4248 ceteris,
578 4187 667 4254 quae
680 4164 718 4231 ia
735 4164 872 4231 civitate
886 4176 977 4231 suat.
998 4167 1140 4232 Omnem
1149 4167 1318 4257 praedam
1333 4192 1424 4237 eaer-

112 4272 197 4338 citui
218 4272 396 4354 divides»,
417 4311 461 4322 —
486 4274 586 4339 Hebr.
614 4294 622 4337 1
645 4271 709 4338 tibi
724 4271 872 4361 accipies
893 4310 938 4322 —
961 4299 978 4333 u
1004 4284 1037 4338 et
1063 4271 1217 4341 comedes
1239 4273 1280 4342 dc
1297 4277 1423 4367 spoliis

113 4377 258 4445 bostium
280 4393 428 4462 tuorum,
444 4400 532 4469 petae
552 4377 717 4444 Dominus
734 4381 825 4445 Deus
842 4389 921 4445 tuus
939 4377 1070 4445 dederit
1087 4379 1151 4446 tibi
1173 4407 1203 4449 ».

159 4506 189 4549 v.
210 4492 248 4550 15
268 4487 357 4554 «Sic
376 4486 486 4574 facies
506 4485 635 4552 carectis
651 4484 854 4569 civitatibus
874 4508 963 4575 quae
981 4507 1004 4553 a
1019 4498 1051 4553 te
1066 4488 1192 4578 procul
1210 4488 1309 4556 valde
1325 4504 1415 4574 111111,

112 4603 144 4657 et
163 4613 232 4655 11111
246 4605 324 4658 sum
339 4591 380 4659 de
394 4591 607 4678 discubitus,
625 4614 712 4681 qetas
727 4591 764 4658 ia
775 4593 1020 4684 possessionem
1034 4606 1235 4684 accepturus
1249 4618 1284 4660 es
1308 4623 1337 4661 ».
1357 4599 1420 4662 lle-

115 4700 273 4765 leruntur
290 4700 394 4766 verba
412 4701 456 4766 ad
476 4723 507 4768 v.
532 4705 656 4768 10-1a:
678 4699 760 4767 urbs
773 4699 864 4767 intra
886 4700 1141 4768 Chanaanitidis
1160 4701 1245 4768 fines
1259 4723 1326 4768 non
1347 4709 1420 4770 erat

505 4818 681 4859 nullst-Auta.
697 4832 729 4846 ··
743 4820 819 4859 colu.
837 4819 864 4858 {tt
880 4821 952 4858 utut.
971 4831 1002 4844 ··
1019 4811 1048 4857 25
