3366 5346
604 312 705 356 sucus
726 310 1005 357 ocuranosourct's.
1406 303 1462 362 133

78 428 82 439 ’
145 444 255 508 suerat
267 494 275 523 ,
289 442 488 529 longissime
507 444 640 512 diverso
661 468 680 511 a
700 445 795 521 stilo,
811 468 878 535 quo
897 444 1033 535 pridem
1053 447 1125 535 ipse
1150 452 1185 513 et
1205 447 1363 514 historias
1383 474 1462 518 nar-

145 556 250 615 rasset
279 554 311 615 11
339 551 432 637 leges
458 551 734 640 promulgasset?
758 553 806 618 Cf.
829 555 868 618 F.
893 556 977 619 Prot
1001 554 1037 619 S.
1064 554 1092 620 Ι.
1117 574 1124 621 :
1152 542 1275 619 Etudes
1305 560 1389 621 18311
1410 562 1460 635 tv,

144 678 178 743 p.
196 663 250 722 53.

186 764 317 849 Legum
346 764 462 831 stilum
495 765 590 853 quod
620 765 762 845 attinet,
788 764 968 831 recordare
997 766 1084 853 (CEL
1106 789 1141 855 p.
1174 772 1217 831 20
1244 767 1336 857 sqq.)
1361 771 1463 856 lloysi

145 869 259 958 plures
286 870 380 955 leges
403 871 679 960 patriarcharum
708 871 925 961 temporibus
952 876 1052 939 nat-as
1072 872 1177 939 fuisse
1200 874 1338 940 nomine
1362 876 1463 945 tahse

144 976 428 1064 promulgandas,
455 983 532 1044 Erat
554 985 627 1045 tum
644 980 797 1068 prolecto
813 978 906 1068 apud
925 977 1097 1044 Hebraeos
1121 978 1343 1047 amaioribus
1356 987 1464 1051 trans-

143 1082 265 1149 missus
286 1082 382 1150 stilus
400 1084 541 1174 quidam
565 1086 704 1173 legalis,
722 1107 790 1175 quo
816 1085 909 1171 leges
932 1085 1086 1152 humana
1105 1084 1308 1153 auctoritato
1326 1088 1461 1175 pridem

133 1189 248 1269 latae,
283 1212 395 1257 mores
428 1192 592 1259 diuturna
630 1191 874 1259 consuetudine
911 1191 1049 1273 sanciti,
1077 1192 1246 1258 axiomata
1283 1194 1462 1282 probitatis

142 1296 422 1365 enuntiabantur.
435 1302 540 1374 Quem
554 1298 592 1365 in
607 1298 757 1387 antiquis
771 1298 841 1365 illis
856 1295 991 1383 legibus
1007 1296 1188 1366 retinuisse
1204 1300 1396 1367 censendus
1412 1306 1462 1367 est

143 1408 284 1489 Moyses,
300 1410 337 1469 ut
356 1404 428 1493 ipsc
447 1405 548 1471 etiam
567 1404 664 1472 stilus
686 1404 911 1472 reverentiam
929 1404 1066 1491 legibus
1080 1406 1295 1487 conciliaret,
1311 1407 1462 1496 itemque

140 1508 178 1575 in
197 1510 331 1595 legibus
354 1534 374 1575 1
400 1533 435 1577 se
455 1532 574 1577 recens
595 1510 741 1578 conditis
758 1533 829 1577 esse
852 1510 1015 1577 imitatus.
1040 1517 1145 1598 Leges
1166 1514 1280 1579 curiae
1301 1535 1462 1581 romanae

141 1615 382 1682 serilmnturnc
397 1640 516 1685 corum
529 1617 762 1708 praelatorum
775 1617 866 1699 stilo,
880 1616 941 1707 qui
953 1618 1070 1684 curiae
1084 1618 1171 1703 forte
1189 1619 1353 1709 adscripti
1367 1624 1459 1701 suut,

140 1742 185 1787 an
202 1722 279 1787 stilo
295 1722 438 1790 curiali?

188 1828 309 1895 Recole
322 1828 475 1909 tandem,
496 1852 567 1896 non
583 1852 654 1897 csse
674 1853 735 1897 cur
756 1852 938 1917 negemus,
963 1836 1095 1917 Moysen
1116 1852 1179 1897 sua
1200 1830 1319 1897 fecisse
1334 1831 1462 1921 scripta

141 1932 257 2021 aliqua
274 1935 317 1999 ab
337 1934 412 2001 aliis
429 1944 463 2003 ct
482 1937 628 2003 aliorum
644 1936 722 2003 stilo
738 1942 887 2003 exarata.
914 1942 998 2002 Eum
1022 1959 1086 2025 pro
1102 1936 1379 2026 patriarcharum
1394 1940 1461 2003 his-

141 2040 229 2105 toria
255 2040 306 2107 uti
333 2043 483 2129 potuisse
509 2042 723 2110 documentis
745 2043 1018 2132 antiquioribus,
1046 2064 1167 2109 omnes
1190 2043 1412 2131 concedunt(
1438 2045 1459 2110 l.
1523 2047 1529 2060 '

143 2146 290 2233 Cor-neb(
315 2152 340 2212 tl
365 2155 396 2214 1.
418 2154 460 2215 33
487 2150 554 2237 sq.)
580 2168 588 2217 ε
616 2148 645 2215 si
669 2149 884 2216 documentis
903 2150 953 2217 uti
977 2148 1089 2238 potuit
1111 2148 1381 2237 antiquioribus,
1401 2172 1462 2217 cur

141 2274 211 2319 non
231 2253 385 2319 coactis?
405 2260 442 2319 ln
458 2276 527 2343 qua
542 2276 579 2321 re
593 2256 746 2343 prolecto
760 2278 781 2321 a
796 2262 951 2345 tempore
969 2254 1160 2344 praeterito
1178 2255 1222 2321 ad
1236 2260 1371 2345 tempus
1385 2257 1464 2324 sub-

141 2382 285 2448 sequens
306 2361 397 2426 salet
418 2360 541 2427 illatio.
561 2365 644 2428 Usus
664 2366 714 2427 est
732 2367 858 2449 ttoyses
877 2367 1037 2451 computo
1052 2362 1205 2429 lthamar
1222 2367 1281 2429 Ex.
1302 2364 1459 2442 311111

141 2465 358 2532 efficiendam
379 2488 550 2534 summam
574 2490 799 2556 expensarum
824 2468 907 2534 novi
932 2468 1118 2536 sanctuarii
1143 2468 1354 2545 exstruendi3
1383 2491 1461 2537 usus

141 2578 192 2639 est
215 2578 474 2640 numeratorum
499 2576 669 2663 computis
691 2574 728 2639 in
750 2573 891 2639 summis
909 2572 1064 2640 tribuum
1083 2574 1329 2641 describendis.
1349 2574 1460 2642 Potuit

141 2678 246 2746 alicui
265 2702 404 2747 suorum
420 2680 595 2759 mandare,
620 2687 657 2745 ut
669 2680 902 2746 narrationem
917 2686 1102 2746 eventuum
1118 2703 1158 2747 ex
1171 2680 1292 2745 ordine
1308 2680 1458 2746 conscri-

143 2786 252 2859 beret,
269 2786 432 2876 scriptam
447 2807 702 2873 recognoscere,
720 2785 915 2865 emendarc,
938 2785 1132 2875 approbare
1149 2807 1157 2853 ε
1175 2787 1223 2851 111
1237 2807 1316 2851 vere
1337 2814 1351 2843 «
1373 2785 1457 2852 scri-

142 2892 246 2959 hebat
256 2892 386 2961 librum
403 2915 504 2960 suum
521 2920 556 2975 »,
570 2893 805 2959 narrationem
819 2893 961 2981 inquam
976 2891 1058 2959 libri
1072 2891 1242 2982 bipartiti.

186 3002 275 3085 Ergo
301 3022 463 3067 concesso
489 2999 609 3079 etiam,
636 2999 771 3066 diverso
797 3000 875 3065 stilo
896 2998 1066 3089 descripta
1091 2997 1306 3087 deprehendi
1329 2998 1458 3065 librum

142 3104 360 3192 bipartitum,
384 3107 502 3192 legum
526 3110 727 3198 apparatus,
754 3104 960 3172 documenta
984 3094 1279 3189 deuteronomion,
1304 3104 1456 3172 nondum

140 3211 335 3279 concessisti
354 3213 439 3280 haec
458 3213 524 3279 tria
543 3234 618 3279 nou
638 3234 718 3278 vere
738 3212 798 3277 uni
816 3211 919 3299 ttoysi
939 3210 1048 3279 tribui
1070 3212 1213 3279 auctori.
1230 3216 1360 3279 Nomen
1377 3234 1458 3278 auc-

141 3318 223 3385 toris
244 3318 419 3405 intelligas
443 3340 513 3385 non
531 3340 630 3385 sensu
649 3318 786 3400 critico,
804 3340 872 3405 quo
893 3317 980 3383 illud
998 3340 1112 3406 neque
1132 3341 1152 3383 1
1177 3319 1309 3384 ludaeis
1327 3317 1457 3384 intelli·

141 3424 299 3511 gebatur,
324 3448 437 3514 neque
457 3426 501 3492 ab
525 3424 778 3513 antiquioribus
800 3424 1023 3513 scriptoribus
1043 3424 1255 3503 christianis,
1276 3424 1336 3489 sed
1356 3446 1457 3489 sensu
1518 3496 1520 3500 .

141 3530 203 3598 illo
218 3532 435 3619 generaliore
451 3538 485 3598 ct
499 3554 601 3607 vcro,
623 3554 692 3621 quo
714 3530 808 3619 apud
827 3532 987 3619 antiquos
1007 3550 1124 3595 omncs
1143 3527 1316 3617 scripsisse
1332 3528 1455 3618 aliquis

140 3636 342 3705 tradebatur
360 3660 428 3705 non
452 3662 493 3705 ea
514 3638 641 3719 solum,
664 3660 752 3727 quae
774 3659 835 3703 sua
859 3637 931 3725 ipse
953 3656 1057 3700 manu
1079 3635 1277 3724 scripserat,
1296 3635 1356 3702 sed
1373 3637 1454 3702 item

141 3766 230 3833 quae
249 3745 351 3811 scribi
364 3746 408 3811 ab
424 3745 499 3810 aliis
514 3744 748 3823 mandaverat,
767 3744 836 3807 11110
849 3742 975 3830 scripta
991 3740 1254 3829 approbaverat.

186 3856 341 3917 Ceterum
368 3852 404 3917 111
433 3852 485 3915 his
514 3849 873 3938 praetermittebamus
907 3847 1157 3937 quaestionem,
1189 3848 1392 3932 leganturue
1418 3850 1455 3914 in

140 3959 265 4024 nostris
285 3958 402 4024 bibliis
417 3958 620 4022 documenta
643 3953 921 4021 deuteronomiea
942 3976 981 4020 eo
995 3954 1082 4037 stilo,
1099 3977 1168 4043 <luc
1185 3955 1336 4042 prinurm
1350 3953 1454 4042 serip-

140 4070 175 4129 ta
193 4065 305 4145 luere,
328 4086 372 4130 an
396 4064 472 4129 stilo
495 4060 693 4127 recentioris
712 4058 899 4139 cuiusdam,
923 4061 982 4149 qui
1002 4060 1070 4127 tria
1095 4061 1155 4126 illa
1181 4061 1389 4127 documenta
1415 4083 1454 4126 ex

141 4192 251 4260 aequo
266 4193 327 4236 suo
344 4170 550 4259 rescripserit
563 4166 655 4247 stilo,
674 4189 742 4255 quo
757 4189 796 4232 11
813 4166 857 4231 ab
874 4167 1077 4256 aequalibus
1094 4167 1163 4234 suis
1178 4165 1312 4233 facilius
1325 4166 1455 4234 intelli-

139 4280 316 4363 gerentur.
334 4283 427 4344 llane
439 4276 506 4343 iam
525 4274 760 4364 quaestionem
775 4272 1024 4339 discutiendam
1038 4274 1274 4360 aggredimur.

470 4470 491 4502 r.
508 4454 579 4501 Dent.
595 4467 652 4501 cum
666 4451 760 4511 reliquo
774 4451 940 4511 pentateucho
951 4456 1128 4511 comparatum.

186 4599 305 4666 Aiebat
321 4600 513 4685 systematis
530 4595 639 4663 critici
659 4592 906 4679 antesignanus
921 4594 969 4662 M.
986 4597 1024 4661 L.
1045 4593 1086 4659 de
1109 4596 1216 4659 tt‘ette
1232 4592 1361 4679 (theol.
1381 4596 1456 4654 Stu-

140 4704 223 4775 dien
240 4729 272 4773 u.
290 4705 443 4771 liritihcn
458 4710 497 4771 X.
513 4710 545 4783 2,
564 4726 598 4791 p.
619 4708 696 4781 937,
716 4700 825 4767 Gotho
841 4700 954 4779 1837),
974 4729 990 4762 «
1009 4700 1053 4765 ab
1069 4699 1244 4787 opinione,
1262 4718 1364 4785 quam
1381 4696 1457 4781 qaus
