3366 5346
186 299 245 359 516
553 314 628 356 aura
652 312 786 356 υιιιιιιιι
808 312 871 356 ovar
895 311 987 356 viria
1009 313 1124 356 scrisis.

185 446 435 515 invocationem
469 446 601 525 redeat,
623 445 741 534 ibique
774 445 877 513 coelis
898 445 1037 535 copulet
1060 447 1200 534 angelos
1221 451 1255 513 et
1280 447 1360 513 loco
1387 450 1508 513 terrae

180 563 301 643 gentes
320 553 461 633 scribat,
480 558 579 618 erunt
604 553 706 618 etiam
722 576 753 620 v.
779 560 794 618 1
821 553 1037 640 intelligendi
1052 553 1137 620 coeli
1160 560 1193 620 et
1209 559 1303 620 terra
1323 575 1406 620 cum
1432 555 1507 619 suis

184 661 314 739 incolis,
333 661 401 727 imo
428 659 462 724 bi
479 658 690 748 potissimum
710 658 765 747 (cl.
789 659 863 747 Sa),
888 681 964 725 cum
986 659 1039 725 illi
1057 659 1195 726 tandem
1210 681 1272 749 per
1287 659 1399 726 solam
1418 682 1505 749 pro·

185 767 404 857 sopopoeiam
424 764 643 845 invocentur;
663 770 696 832 et
723 785 800 831 eum
820 786 883 855 per
908 754 1208 833 totum'cantioum
1230 770 1353 853 gentes
1380 766 1505 834 Israeli

184 878 412 963 opponantur,
431 871 532 938 lsrael
545 881 626 938 voc'e
642 883 733 936 terra
747 893 828 953 non,
845 877 904 938 aut
922 879 1015 938 certe
1031 872 1143 940 minus
1158 872 1286 940 directe
1302 871 1504 942 includitur

185 980 241 1069 (cl.
255 979 358 1046 Klost.
376 1003 412 1068 p.
429 980 525 1068 269):
544 977 645 1044 Israel
661 977 777 1067 utique
789 977 994 1067 supponitur
1004 1001 1164 1069 praesens
1179 978 1297 1046 adesse
1313 984 1349 1046 et
1363 980 1500 1059 omnia,

183 1109 271 1176 quae
305 1085 477 1165 dicuntur,
506 1084 638 1160 audire,
664 1091 871 1151 nontamen
898 1090 935 1152 ut
965 1085 1071 1167 testis,
1096 1084 1156 1153 sed
1178 1085 1442 1175 quodammodo
1465 1096 1503 1154 ut

184 1216 269 1261 rcus.
292 1197 403 1259 Testes
418 1197 533 1258 autem
551 1190 602 1257 illi
626 1191 776 1257 invocati
797 1191 1009 1259 confundant
1024 1199 1158 1282 oportet
1179 1192 1355 1273 lsraelem,
1371 1193 1402 1259 si
1418 1193 1448 1260 is
1463 1194 1502 1261 in

182 1300 389 1388 spiritusuo
413 1297 536 1365 rebelli
556 1296 747 1385 (3t‚*2't.‘27)
773 1319 994 1386 perseverans
1019 1322 1035 1365 a
1065 1305 1131 1366 [teo
1152 1297 1372 1389 postmodum
1398 1299 1503 1367 delc-

182 1406 276 1474 cerit.

216 1603 242 1637 v.
258 1590 273 1638 ‘t
288 1593 345 1667 qr)
355 1599 435 1653 secus
451 1585 592 1644 decollare,
607 1586 697 1635 solum
712 1586 757 1636 hic
777 1592 805 1635 et
825 1585 904 1645 33,·28
925 1586 960 1635 ad
981 1601 1065 1648 ιιιμιαι
1081 1586 1208 1637 ecfertur.
1225 1587 1289 1636 LXX
1302 1583 1502 1653 apoooordotru,

182 1690 237 1742 quo
251 1677 336 1727 verbo
351 1676 396 1725 Ps.
417 1672 790 1743 tout104)‚ur;118(vtat,¹us
816 1677 928 1726 vertunt
949 1675 1063 1724 verbum
1085 1681 1161 1731 3133.
1186 1675 1281 1726 alata.
1301 1683 1381 1732 002³
1404 1680 1506 1727 saar-ts

181 1768 226 1831 stt,
240 1778 308 1829 crgo
322 1770 390 1822 :ttttt
407 1762 498 1828 (Prov.
517 1762 612 1823 Qum
633 1768 711 1813 cant.
730 1763 813 1827 att).
834 1763 855 1812 E
875 1768 1035 1826 covnparata
1049 1765 1170 1814 lectione
1184 1764 1257 1815 Lxx
1272 1769 1301 1815 et
1316 1765 1420 1836 Chald.
1438 1780 1505 1830 pro·

181 1853 274 1904 babilo
294 1855 419 1916 stiparet,
435 1853 583 1903 lecttonem
602 1853 754 1914 genuinam
770 1865 832 1902 esse
852 1858 920 1910 'tw'
936 1853 1030 1918 rapide
1047 1853 1122 1915 nunt.
1141 1852 1210 1904 Itevn
1235 1853 1315 1914 3338
1338 1866 1392 1917 pro
1416 1858 1505 1915 tm

181 1943 310 2008 legebant
323 1943 384 1992 tn
405 1940 479 2004 Vale.
495 1947 587 2005 iiim,
602 1939 770 2004 caliaabunt,
786 1939 898 2008 συνέφης,
916 1942 1011 1992 chald.
1027 1947 1110 2000 ivam
1129 1955 1217 2005 :ergo
1231 1956 1344 1992 rursum
1360 1945 1506 2006 probabi-

180 2034 214 2083 lis
228 2033 310 2082 lectio
324 2036 416 2089 turri.
433 2031 508 2094 Ergo
522 2032 642 2093 prunum
663 2031 780 2080 incisum
804 2031 865 2091 :ras
892 2032 1067 2080 uehementem
1086 2032 1178 2094 potius
1196 2032 1321 2094 pluviam
1340 2032 1442 2085 edicit.
1468 2062 1508 2070 —

180 2101 338 2203 npbsensu
358 2121 480 2168 doctrina
494 2120 596 2182 legitur
616 2119 697 2169 Prov.
714 2118 849 2178 t.·t;7‚‘tt;2
865 2119 913 2168 lob
937 2120 1006 2171 un:
1025 2120 1062 2169 ls.
1082 2119 1173 2181 aaut,
1189 2121 1290 2170 nonin
1307 2121 1389 2171 libris
1406 2122 1507 2174 histo-

180 2210 253 2260 ricis.
270 2235 305 2246 -
318 2213 418 2265 mum
433 2221 518 2257 sensu
532 2208 625 2256 lintris
641 2210 683 2257 cst
700 2202 764 2264 ἅπαξ
777 2202 926 2274 λεγόμενον.

224 2397 256 2440 v.
274 2380 294 2439 2
315 2402 330 2433 a
352 2375 552 2440 concrescat
576 2400 605 2453 n,
625 2371 649 2437 i.
674 2395 704 2438 e.
725 2372 846 2461 rapide
859 2372 961 2460 siccat,
987 2400 1002 2431 u
1026 2389 1062 2437 ιιι
1078 2372 1198 2463 plavia
1219 2373 1385 2442 doctrina
1405 2400 1502 2461 nica,

176 2480 266 2569 fluat
290 2491 327 2545 ut
350 2502 404 2545 ros
430 2477 605 2567 cloquium
627 2500 752 2560 mcum,
776 2478 877 2569 quasi
899 2478 1005 2576 imber
1028 2502 1130 2569 saper
1154 2480 1309 2562 herdam,
1332 2494 1367 2548 ct
1393 2487 1509 2573 quasi

178 2587 406 2676 stillaesupcr
422 2585 583 2676 pramina
600 2613 630 2653 n.
650 2618 663 2641 a
687 2585 979 2663 Quemadmodum
998 2609 1066 2666 ros,
1086 2585 1211 2670 imber,
1226 2587 1344 2677 pluvia
1367 2592 1505 2679 paula-

181 2695 240 2760 tim
254 2695 409 2761 defluunt
433 2698 467 2759 et
490 2698 672 2783 penetrant
693 2699 831 2772 terram,
852 2694 899 2759 ita
912 2691 1013 2758 huius
1027 2693 1149 2760 cantici
1163 2695 1297 2784 saepius
1318 2693 1506 2766 decantati

177 2801 353 2900 eloquium
377 2800 508 2867 animos
528 2799 682 2888 ipsorum
704 2804 860 2889 penetret
884 2804 918 2865 et
944 2798 1086 2881 alliciat;
1111 2799 1409 2888 quemadmodum
1433 2805 1504 2873 ista

180 2907 293 2975 densis
308 2915 341 2974 ct
356 2905 591 2995 frequentibus
613 2906 718 2992 guttis
740 2905 916 2986 decidunt,
934 2906 982 2971 ita
1002 2906 1177 2995 eloquium
1198 2909 1264 2975 hoo
1283 2929 1404 2976 meum
1418 2934 1504 2980 sen-

75 3032 78 3036 ·
179 3016 362 3080 tentiarum
386 3021 419 3079 et
439 3013 623 3079 verborum
644 3014 796 3100 pondere
821 3012 966 3079 densum
995 3013 1088 3078 silet
1114 3013 1259 3103 spissum
1284 3044 1299 3076 n
1321 3017 1500 3107 (limfa).

179 3126 262 3186 Nota
277 3126 404 3196 tamen,
424 3119 528 3184 verba
542 3140 611 3184 non
627 3139 697 3184 esse
710 3118 949 3205 restringenda
962 3118 1005 3183 ad
1018 3120 1187 3201 lsraelem,
1207 3120 1266 3187 sed
1284 3126 1503 3213 praeprimis

180 3226 347 3317 respicere
371 3225 503 3291 coelum
528 3230 561 3290 et
584 3229 723 3302 terrani,
744 3246 829 3313 quos
844 3224 1035 3313 alloquitur
1049 3232 1141 3292 vates
1158 3227 1255 3316 (vl).
1277 3229 1380 3318 Cupit
1394 3231 1438 3315 is,
1461 3241 1502 3300 ut

180 3335 215 3400 hi
231 3333 336 3400 verba
359 3331 430 3399 eius
452 3353 530 3397 non
545 3330 689 3398 audiant
710 3335 854 3411 tantum,
876 3331 933 3398 sed
953 3331 1088 3421 penitus
1103 3333 1299 3420 intelligant
1313 3336 1402 3403 etin
1418 3341 1501 3407 ani·

179 3442 244 3508 mis
257 3440 325 3507 suis
346 3447 536 3516 asservent;
558 3442 596 3504 ut
616 3436 721 3504 vcrba
742 3437 854 3504 suain
870 3460 988 3504 eorum
1004 3440 1137 3506 animos
1152 3440 1362 3507 descendant
1378 3466 1422 3510 ea
1443 3448 1500 3535 ef-

176 3547 313 3636 ficaria,
333 3568 401 3636 qua
417 3546 535 3635 pluvia
547 3550 580 3610 et
595 3567 649 3610 ros
663 3544 869 3612 dcscendere
885 3547 1131 3628 consueverint,
1149 3570 1219 3614 nou
1233 3570 1314 3614 vero
1336 3553 1501 3638 praecise

179 3677 219 3720 ea
238 3655 421 3735 saavz'tacc;
438 3652 515 3718 licet
527 3651 618 3716 enirn
638 3674 692 3717 ros
707 3653 854 3718 suaviter
867 3651 1063 3734 descendat,
1078 3661 1113 3720 at
1128 3676 1226 3721 voces
1243 3670 1315 3746 aaut
1331 3655 1391 3722 vel
1405 3673 1498 3733 tw.

179 3773 284 3829 nutat
299 3781 367 3826 non
386 3758 582 3848 exprimunt
596 3758 809 3824 suavitatem.

223 3867 272 3935 ab
301 3866 439 3933 exordio
465 3864 587 3931 transit
612 3870 705 3930 vates
731 3865 776 3931 ad
804 3866 928 3934 cantici
961 3874 1204 3953 argumentum
1231 3869 1496 3959 explicandum.

178 3999 210 4042 v.
235 3983 253 4041 3
278 4002 293 4035 a
315 3972 402 4054 Quia
425 3994 548 4037 nomen
569 3971 708 4037 Domini
728 3971 889 4039 invocabo
912 4003 942 4054 n,
964 3973 1084 4042 Chald.
1103 3997 1172 4057 oro,
1190 3975 1249 4042 sed
1264 3976 1381 4043 verius
1400 3981 1502 4048 LXX

178 4089 317 4163 ἐκάλεσι,
334 4079 536 4170 pronuntio,
554 4077 735 4145 Commode
755 4083 792 4144 ut
808 4081 998 4147 auscultent
1019 4081 1105 4147 coeli
1125 4088 1158 4148 et
1177 4089 1269 4149 terra
1283 4082 1495 4171 invitantur,

179 4186 356 4254 coinniode
381 4185 661 4275 eloquentissima
682 4187 786 4251 verba
814 4186 879 4252 sibi
910 4193 1044 4277 exoptat
1072 4195 1165 4256 vates
1189 4212 1196 4258 :
1223 4191 1339 4275 agitur
1364 4189 1409 4258 de
1438 4217 1494 4277 re,

178 4316 264 4382 quae
283 4292 326 4358 ad
352 4295 477 4359 lahvcn
499 4293 656 4376 refertur,
679 4292 825 4382 ideoque
844 4293 888 4358 ab
906 4295 978 4360 eius
1001 4296 1256 4383 pronuntiando
1271 4296 1416 4367 nomine
1435 4324 1496 4369 or·

177 4400 270 4467 ditur
287 4399 407 4465 oratio.
428 4404 501 4465 Non
522 4398 770 4466 «celebrabo»
794 4399 917 4488 (Vct),
940 4401 1064 4467 etenim
1086 4425 1117 4467 v.
1139 4408 1155 4468 t
1174 4426 1242 4470 non
1261 4402 1417 4472 celebrat
1431 4432 1497 4476 no-

177 4530 254 4573 rnen
272 4507 386 4590 lahve,
404 4507 463 4573 sed
483 4506 611 4573 lahvcn
632 4506 756 4595 ipsum.
777 4533 793 4567 a
814 4509 898 4574 Date
913 4508 1207 4596 rnapnisiccntiara
1223 4513 1291 4576 Deo
1313 4525 1434 4580 nostro
1461 4547 1493 4597 a,

180 4648 193 4676 a
217 4621 318 4682 Deum
342 4614 558 4701 magnificate
580 4636 637 4679 seu
665 4613 937 4700 magnitudinem
963 4616 1036 4682 eius
1058 4616 1254 4703 praedicate
1279 4644 1294 4678 »
1319 4617 1493 4713 (donst).

176 4722 353 4812 Appellato
370 4721 507 4789 nomine
529 4720 640 4799 lahve,
659 4720 749 4786 illico
765 4742 883 4788 omnes
896 4722 938 4787 ad
954 4722 1025 4789 eius
1039 4722 1156 4789 laudes
1168 4721 1371 4792 invitantur.
