3366 5346
253 284 312 344 470
559 298 668 342 enarro
690 298 798 343 uersis
820 298 958 342 saccum
981 297 987 339 :
1011 291 1256 340 uansnrorrouns.

252 439 351 500 terna
366 432 491 498 virium
511 431 667 514 defectio,
683 437 824 497 externa
843 430 1026 520 paralysis,
1045 429 1173 509 ulcera,
1194 447 1305 514 neque
1327 423 1583 515 specialiorum

252 538 483 628 quorumdam
505 537 701 603 morborum
729 543 960 627 symptomata
986 522 1176 603 secundum
1201 531 1391 599 medicinae
1423 551 1582 597 canones

252 645 546 713 describebantur.
573 666 605 710 v.
635 651 676 711 60
698 672 714 705 «
736 647 780 710 Et
810 656 982 711 convertet
1008 644 1046 709 in
1074 654 1105 708 te
1132 662 1246 708 omnes
1275 637 1481 727 afflictiones
1510 639 1583 703 Ae·

251 752 364 843 pypti,
382 773 467 840 pices
491 749 651 831 timuisti,
671 763 703 817 ct
725 751 961 818 adhaerebunt
983 750 1046 817 tibi
1067 776 1096 815 n.
1121 754 1148 815 Α
1172 746 1298 837 quibus
1320 751 1399 827 7,15
1424 744 1582 812 Hebraei

253 857 371 924 fideles
391 857 656 925 declarabantur
670 858 743 924 fore
762 858 921 948 exempti.

296 968 480 1053 Postquam
499 965 668 1054 propheta
693 988 725 1031 v.
749 971 850 1032 58-60
873 965 1007 1054 priores
1028 963 1149 1053 plagas
1172 959 1366 1048 resumpsit,
1388 980 1445 1025 eas
1466 981 1580 1046 exag-

251 1077 349 1157 gerat
363 1069 533 1138 rhetorica
553 1070 745 1160 hyperbole
763 1092 770 1139 :
788 1094 819 1137 v.
841 1079 880 1139 61
904 1100 919 1132 a
937 1073 1081 1160 Insuper
1095 1081 1127 1136 et
1144 1067 1317 1134 universos
1336 1065 1522 1154 languores
1543 1077 1580 1131 et
1652 1096 1655 1100 ·

245 1178 384 1267 pioque,
403 1199 492 1266 peine
516 1199 585 1243 non
606 1189 685 1243 sunt
706 1178 852 1267 scriptae
868 1179 905 1244 in
929 1175 1101 1245 columine
1117 1175 1202 1265 lepis
1217 1173 1330 1259 liuius,
1349 1171 1489 1239 inducet
1504 1176 1579 1237 Do-

251 1283 367 1349 minus
386 1306 488 1373 super
504 1296 546 1367 te,
563 1282 668 1349 detrec
689 1296 720 1350 te
736 1296 888 1351 conteret
905 1314 934 1351 n.
957 1283 1049 1351 Sicut
1072 1283 1157 1348 liber
1179 1282 1295 1348 tlcoree
1311 1303 1343 1346 v.
1364 1286 1405 1346 58
1421 1280 1581 1346 continet

252 1378 381 1472 omnia,
406 1413 494 1479 quae
513 1390 718 1480 praestanda
739 1399 818 1458 sunt
840 1391 967 1472 lsraeli,
984 1391 1033 1457 ita
1057 1390 1150 1457 idem
1169 1388 1258 1455 liber
1273 1386 1422 1454 continet
1437 1386 1576 1467 omnia,

252 1519 340 1586 quae
370 1498 403 1563 vi
428 1495 575 1563 foederis
599 1497 805 1585 praestanda
831 1503 910 1565 suut
933 1504 1017 1578 Deo,
1044 1497 1199 1586 praemia
1223 1501 1256 1561 et
1282 1515 1419 1583 poenas.
1448 1493 1578 1581 Utique

252 1602 365 1693 potuit
388 1607 474 1669 [teus
498 1624 625 1688 augere
643 1613 712 1669 tam
733 1605 886 1694 praemia
909 1625 1013 1694 quam
1033 1625 1158 1692 poenas
1181 1601 1274 1668 ultra
1289 1600 1336 1681 id,
1354 1598 1445 1689 quod
1472 1598 1511 1664 in
1532 1621 1579 1666 co

251 1709 341 1775 libro
363 1707 595 1790 statuebatur;
610 1709 753 1775 sednon
773 1717 846 1776 erat
866 1710 906 1777 de
926 1711 990 1777 hoe
1005 1708 1178 1796 agendum
1198 1707 1234 1774 in
1257 1708 1329 1796 ipso
1344 1705 1494 1772 foederis
1509 1704 1577 1770 do-

253 1820 425 1883 cumento.
454 1815 566 1882 Potuit
593 1819 678 1882 Deus
708 1839 771 1906 per
797 1816 1002 1906 prophetam
1033 1816 1184 1905 aliquem
1213 1813 1433 1904 posteriorem
1462 1811 1578 1879 veluti

251 1920 449 1989 codicillum
469 1921 619 2011 aliquem
640 1922 770 1989 foederi
795 1923 1004 2013 appendere,
1023 1945 1127 1989 nevas
1147 1926 1349 1988 statuentem
1374 1940 1515 2007 poenas.
1536 1919 1576 1985 ld

250 2029 286 2096 h.
308 2030 332 2095 l.
357 2051 475 2119 reapse
500 2051 570 2096 uon
596 2029 646 2095 fit.
673 2030 781 2097 Verba
803 2053 835 2096 v.
861 2036 900 2096 61
928 2035 1007 2097 sunt
1030 2028 1232 2119 hyperbole,
1248 2025 1345 2094 cuius
1368 2047 1489 2092 sensus
1513 2025 1578 2093 hic

250 2142 300 2202 est
330 2156 338 2202 ε
367 2135 400 2201 Si
424 2135 510 2201 aliae
539 2139 676 2225 praeter
703 2136 884 2203 recensitas
900 2141 1122 2226 superessent
1156 2155 1304 2224 poenae,
1330 2133 1396 2198 hae
1428 2154 1577 2220 quoque

250 2240 502 2326 infligerentur.
529 2241 593 2308 Sed
622 2242 737 2308 nullae
768 2250 982 2330 supererant.
1010 2241 1144 2323 Recole,
1169 2239 1228 2327 agi
1247 2240 1290 2306 de
1320 2237 1441 2328 poenis
1466 2237 1578 2305 huius

250 2347 340 2413 vitae
369 2353 522 2424 tautum,
548 2369 660 2437 neque
687 2334 843 2436 potuisse
867 2349 1026 2415 lsraelem
1057 2348 1193 2438 penitus
1224 2344 1403 2434 exstirpari
1438 2368 1445 2413 :
1484 2345 1575 2433 quid

250 2453 358 2539 igitur
386 2458 563 2542 supererat
591 2459 727 2542 praeter
754 2476 855 2520 omne
884 2477 993 2542 genus
1021 2456 1238 2535 morborum,
1265 2451 1502 2520 calamitatum
1535 2451 1577 2519 in

250 2559 425 2646 frugibus,
451 2560 659 2627 animalibus
692 2567 725 2628 ct
754 2561 889 2645 liberis,
918 2567 1056 2651 praeter
1088 2560 1237 2628 exitiales
1271 2559 1385 2627 clades
1416 2565 1450 2624 et
1482 2557 1577 2625 exsi-

251 2664 359 2734 lium?

295 2773 439 2839 Pulchre
461 2779 536 2862 post
555 2774 795 2840 vehementem
814 2775 856 2841 de
883 2774 1181 2842 maledictionibus
1196 2778 1380 2842 tractatum
1396 2770 1577 2838 clauditur

253 2901 364 2947 sermo
381 2879 549 2968 quietiore
568 2878 796 2970 descriptione
821 2880 992 2964 miseriae,
1012 2903 1116 2970 quam
1137 2880 1267 2948 exsules
1283 2880 1470 2970 patientur.
1489 2883 1576 2945 Per-

252 2984 363 3072 peude
383 2985 628 3073 oppositionem
645 2985 737 3051 inter
752 3008 882 3074 pruriens
897 2993 929 3053 et
946 2989 1089 3068 multos,
1111 2993 1217 3054 Deum
1232 2987 1418 3054 lactentem
1430 2983 1476 3051 de
1491 2985 1574 3074 pla-

253 3090 315 3175 gis,
335 3090 385 3155 uti
399 3097 501 3156 antea
515 3091 706 3157 laetabatur
721 3091 764 3156 de
785 3092 1096 3160 benedictionibus.
1112 3099 1186 3159 Non
1199 3095 1256 3160 Dei
1272 3092 1473 3160 felicitatem
1486 3114 1575 3181 pec-

253 3194 336 3263 catis
362 3198 522 3262 minuunt
550 3196 732 3279 Israelitae,
761 3199 821 3264 sed
847 3221 955 3266 suam.
978 3222 1009 3268 v.
1038 3208 1080 3266 62
1106 3228 1122 3260 u
1152 3203 1197 3266 Et
1218 3197 1437 3267 contonabitis
1455 3200 1576 3288 pauci

252 3324 405 3389 necarere,
428 3301 490 3392 qcci
505 3302 607 3393 prius
628 3303 731 3370 eretis
750 3303 839 3371 sicut
857 3317 951 3372 estre
969 3306 1056 3372 coeli
1066 3329 1153 3396 [irae
1173 3305 1397 3373 multitudine
1419 3333 1435 3366 »
1457 3305 1513 3391 (cf.
1537 3313 1570 3387 1,

254 3414 294 3476 10
312 3410 411 3499 eto),
437 3438 452 3471 «
475 3410 639 3500 quonium
664 3433 734 3476 nen
755 3411 887 3478 credisti
905 3435 1019 3479 uocem
1046 3403 1187 3480 Domini
1208 3414 1272 3480 Dei
1289 3412 1341 3480 tui
1368 3440 1397 3478 u.
1424 3416 1575 3501 Semper

251 3519 367 3583 tamen
399 3522 603 3605 supererunt
632 3516 797 3607 reliquiae
825 3519 979 3608 aliquae,
1009 3521 1158 3610 populus
1186 3543 1257 3588 non
1282 3517 1575 3587 exterminabitur

252 3622 417 3709 stirpitus.
445 3645 476 3688 ν.
504 3630 544 3688 63
569 3651 585 3684 «
615 3625 659 3689 Et
679 3623 767 3691 siccet
782 3637 861 3692 ante
877 3624 1024 3693 laetatus
1039 3641 1087 3694 est
1098 3627 1265 3695 Dominus
1279 3648 1381 3715 super
1396 3647 1465 3709 ces,
1484 3627 1573 3693 bene

252 3727 344 3792 vcobis
368 3727 501 3815 [aciens
523 3752 648 3818 uosque
668 3724 905 3821 mriftiplicens
927 3753 934 3800 :
956 3733 1004 3799 sic
1021 3732 1203 3801 laetabitur
1218 3732 1416 3824 disperdens
1431 3754 1489 3799 ces
1514 3746 1573 3800 ut·

253 3856 317 3923 que
337 3837 548 3917 subvertens,
571 3849 608 3901 ut
623 3837 842 3924 dissecemini
861 3837 902 3905 de
922 3853 1023 3923 terre,
1046 3840 1093 3907 ud
1113 3863 1218 3931 prium
1239 3839 1442 3930 ingredieris
1447 3841 1573 3929 possi-

252 3939 401 4008 ciendam
419 3968 448 4008 n.
467 3965 498 4008 v.
521 3949 562 4009 st
582 3971 596 4002 o
621 3942 800 4032 Disperpct
817 3957 848 4011 te
867 3945 1035 4013 Derriinus
1049 3946 1085 4013 in
1099 3971 1214 4015 omnies
1224 3947 1370 4038 popellos
1384 3970 1405 4013 a
1420 3948 1572 4015 sccmmi-

252 4059 321 4113 tate
341 4061 448 4115 terrae
465 4071 571 4138 usque
590 4047 637 4114 ed
657 4051 820 4116 terminos
835 4051 908 4118 cius
932 4082 966 4136 n,
988 4093 1033 4104 —
1056 4053 1156 4120 Hebr.
1180 4055 1379 4144 simpliciter
1406 4056 1477 4121 :ab
1493 4077 1572 4124 una

252 4154 466 4220 entremitete
490 4168 599 4221 terrac
621 4153 669 4220 ed
689 4155 836 4223 alterum
857 4197 901 4209 -
924 4187 939 4219 «
965 4172 996 4225 et
1020 4161 1143 4228 seruies
1166 4161 1216 4228 ibi
1236 4161 1303 4228 diis
1318 4159 1461 4244 alienu,
1480 4185 1572 4251 paces

255 4272 286 4324 et
308 4270 343 4323 tu
359 4259 499 4349 ipnoros
514 4275 546 4327 ct
555 4274 674 4351 potres
689 4263 757 4346 tui,
776 4263 881 4353 liquis
899 4278 930 4332 et
948 4265 1122 4356 lapidibus
1141 4296 1170 4336 n.
1192 4273 1279 4336 Haec
1293 4269 1407 4358 potius
1422 4267 1572 4335 demon·

251 4369 359 4432 strant
373 4388 495 4432 aevum
510 4372 617 4456 lloyse
630 4371 809 4458 posterius,
826 4394 909 4438 nam
924 4376 982 4462 qui
999 4397 1076 4441 cum
1093 4381 1199 4463 Moyse
1214 4375 1340 4461 egressi
1356 4381 1435 4441 sunt
1449 4373 1492 4440 de
1504 4379 1573 4442 Ae-

251 4478 369 4563 gypto,
394 4472 419 4538 ii
441 4472 489 4539 ib.
517 4478 584 4562 (Ee.
612 4482 691 4556 20st
721 4477 810 4566 sqq.)
832 4480 1024 4547 servierant
1043 4481 1109 4547 diis
1130 4482 1266 4564 alienis3
1293 4483 1464 4571 expressio
1492 4481 1572 4551 fere

249 4581 424 4671 supponit,
453 4580 586 4670 aliquas
609 4581 730 4649 saltem
752 4585 993 4668 generationes
1017 4587 1096 4654 inde
1122 4611 1141 4656 a
1165 4588 1382 4674 legislatione
1405 4588 1570 4659 sinaitica

248 4688 426 4755 effluxisse.
451 4711 482 4756 v.
502 4695 544 4756 65
563 4718 577 4749 a
604 4688 820 4778 tepentibus
839 4714 974 4783 queque
993 4693 1062 4760 illis
1083 4717 1152 4760 rien
1173 4695 1333 4784 quiesces,
1364 4719 1475 4785 neque
1499 4698 1572 4767 erit
