3366 5346
245 300 303 358 dlii
619 315 760 359 HISTORIA
782 315 1008 360 nnsrlnumoms
1029 315 1185 361 sonunnls.

247 458 296 516 tos
320 455 382 516 los.
410 439 433 515 9'
454 448 658 516 Gabaonitas
683 455 781 514 erant
810 450 903 540 apud
931 449 1100 516 Hebraeos
1128 448 1280 516 advenae
1308 445 1377 515 illis
1406 444 1564 531 angariis

244 557 368 637 adacti,
391 557 531 622 fortasse
551 557 599 622 uti
622 555 829 623 Gabaonitac
845 557 956 623 tribus
975 557 1112 646 aliquae
1131 555 1184 621 vel
1199 554 1333 644 stirpes,
1354 573 1443 641 quae
1464 556 1563 617 metu

244 662 297 728 vel
316 662 428 728 studio
444 662 604 729 Hebraeis
618 661 848 730 adhaeserint.
864 667 935 739 Qua
953 664 1184 729 veteratione
1203 660 1301 727 Hier.
1322 658 1484 726 inductus
1500 657 1560 739 sit,

244 777 281 836 ut
296 775 444 839 verteret
465 768 625 858 exceptis
640 769 740 835 facile
756 770 963 859 perspicitur
981 789 988 836 :
1006 791 1052 837 sc.
1069 768 1241 858 quemodo
1259 765 1399 833 adscisci
1414 770 1563 855 potuere

244 875 395 942 advenae
424 875 488 957 illi,
519 876 578 964 qui
611 876 756 942 sortasse
784 877 946 943 carebant
969 877 1067 963 signo
1094 875 1253 956 foederis,
1280 871 1564 940 circumcisione?

243 982 396 1048 Primum
416 982 581 1061 advenae,
602 981 768 1072 quamdiu
788 983 880 1071 apud
905 983 1075 1050 Hebraeos
1096 981 1331 1061 morabantur,
1351 979 1562 1046 vetabantur

244 1088 305 1156 alii
326 1095 390 1155 beo
414 1088 606 1155 sacrificare
629 1111 733 1177 quam
749 1090 868 1168 lahve;
887 1089 1172 1178 permittebantur
1191 1088 1291 1154 lahve
1309 1085 1430 1153 offerre
1451 1085 1562 1152 sacri·

244 1195 339 1278 ficia,
352 1195 540 1262 necessario
557 1200 688 1284 partem
702 1195 857 1262 habituri
871 1202 969 1263 erant
982 1195 1261 1262 benedictionum
1277 1214 1297 1259 a
1312 1192 1412 1259 lahve
1426 1191 1560 1282 populo

243 1324 304 1368 suo
320 1300 635 1382 coneedendarum3
653 1301 835 1370 veniebant
852 1302 890 1368 in
910 1307 1042 1393 partem
1066 1308 1137 1368 tam
1155 1300 1347 1366 officiorum
1368 1319 1473 1387 quam
1500 1298 1562 1364 be·

244 1408 446 1475 nefieiorum
468 1408 626 1475 foederis.
649 1413 827 1476 Praeterea
847 1409 1004 1499 plerique
1026 1414 1100 1475 tum
1124 1406 1269 1475 Hebraei
1285 1406 1368 1473 item
1387 1409 1485 1471 erant
1503 1403 1561 1470 in-

244 1513 447 1581 circumcisi.
465 1513 624 1579 Advenae
643 1512 695 1578 illi
713 1513 853 1581 fortasse
873 1515 986 1604 parati
1001 1522 1100 1581 erant
1121 1514 1245 1580 animis
1259 1511 1305 1579 ad
1323 1508 1560 1578 circumcisio-

243 1642 324 1686 nem
340 1619 567 1686 subeundam.
1328 1606 1336 1620 ’

288 1726 454 1792 Convenit
468 1747 574 1815 porro
588 1725 691 1791 hodie
708 1724 858 1814 populus
871 1725 915 1792 ad
930 1748 1009 1792 eum
1023 1727 1140 1807 finem,
1158 1749 1190 1793 v.
1216 1732 1256 1792 12
1273 1725 1340 1811 (11)
1358 1752 1373 1785 «
1391 1735 1428 1789 ut
1443 1734 1560 1789 trans·

243 1856 299 1898 ees
320 1832 355 1898 in.
372 1830 514 1918 foedere
528 1831 668 1897 Donrini
681 1831 744 1897 Dei
763 1831 817 1897 tui
831 1844 863 1898 el
881 1833 917 1898 in
939 1832 1148 1915 iuramento,
1164 1830 1258 1922 quod
1271 1829 1371 1897 bodie
1389 1828 1560 1896 Dominus

241 1943 330 2005 Deris
351 1951 428 2004 ernas
443 1938 599 2027 perculit
618 1951 730 2005 tectim
748 1967 778 2005 ».
797 1943 870 2005 Non
893 1939 1009 2026 agitur
1028 1920 1074 2006 de*
1087 1939 1289 2006 traiieiende
1305 1937 1460 2016 Iordane,
1474 1957 1560 2002 nam

232 2050 333 2112 'certe
361 2067 431 2111 non
456 2046 500 2112 ad
525 2047 652 2111 llumen
677 2044 918 2113 traiieiendum
945 2069 984 2114 eo
1011 2046 1066 2112 die
1089 2045 1246 2112 adstabat
1269 2045 1417 2134 populus
1440 2062 1560 2109 coram

243 2156 362 2239 Moyse.
385 2156 507 2217 Putant
528 2153 664 2238 llonfr„
682 2155 772 2219 illan.
798 2164 916 2218 vocem
937 2154 974 2218 h.
994 2153 1016 2218 l.
1039 2152 1142 2219 scribi
1165 2150 1257 2232 ideo,
1283 2150 1375 2240 qnod
1394 2148 1446 2215 uti
1472 2153 1579 2237 Gen„

245 2264 345 2341 15,10
370 2258 517 2346 populus
539 2256 630 2322 inter
651 2262 764 2345 parles
786 2257 1003 2324 victimarum
1029 2258 1225 2326 transierit:
1243 2265 1361 2325 tamen
1383 2254 1420 2322 id
1442 2278 1461 2322 e
1483 2255 1561 2322 sola

244 2384 325 2429 voce
346 2361 509 2429 audacius
524 2362 680 2428 infertur.
701 2378 762 2430 mu
776 2362 947 2449 signifieat
968 2363 1070 2432 etiam
1088 2363 1391 2453 trensqressionem
1410 2361 1563 2429 foederis

245 2471 322 2558 (lar.
339 2468 467 2557 cala),
486 2469 666 2534 transitum
688 2491 708 2534 a
727 2469 821 2535 cultu
844 2470 946 2537 lahve
961 2470 1004 2537 ad
1028 2470 1259 2560 apostasiam:
1281 2492 1365 2556 ergo
1380 2467 1560 2558 aptissime

244 2576 367 2644 eadem
383 2597 444 2641 vox
465 2574 637 2662 signifieat
659 2574 808 2642 reditum
829 2576 873 2642 ab
895 2577 1065 2666 apostasia
1079 2578 1123 2644 ad
1148 2577 1312 2658 officium,
1329 2575 1560 2666 exprimitquc

244 2681 396 2749 indolem
418 2680 641 2748 solemnitatis
664 2681 767 2749 huius
792 2688 886 2749 trans
910 2682 1092 2751 Iordanem
1121 2683 1331 2766 celebratae,
1352 2704 1441 2772 quae
1469 2687 1562 2749 esset

243 2789 389 2855 foederis
419 2810 488 2854 non
517 2810 614 2854 mera
638 2789 826 2869 renovatio,
848 2788 906 2855 sed
931 2791 1110 2858 restitutio.
1139 2790 1347 2880 Exprimitur
1369 2788 1426 2855 hic
1452 2810 1561 2878 porro

244 2895 424 2962 discrimen
440 2895 532 2960 inter
544 2894 666 2961 foedus
684 2895 908 2961 moabiticum
925 2903 959 2962 et
976 2897 1095 2964 leedus
1113 2897 1306 2964 sinaitieum
1328 2918 1337 2962 ε
1359 2896 1423 2962 hoc
1444 2896 1561 2962 iuerat

243 3001 361 3067 ieedns
380 3006 526 3080 tantum,
543 2999 632 3066 illud
651 3006 699 3065 est
719 3000 845 3088 foedus
867 3014 899 3068 et
922 3002 1132 3070 maledictio.
1160 3005 1208 3070 Cl.
1231 3027 1263 3070 v.
1287 3008 1340 3070 lb.
1367 2989 1441 3074 aba,
1463 3001 1560 3068 iura·

243 3119 408 3187 trientum,
426 3110 508 3172 Gen.
528 3112 630 3186 2638
654 3113 752 3173 sonat
769 3108 890 3174 foedus
910 3110 1103 3177 iuramento
1121 3110 1308 3192 firmatum,
1325 3108 1384 3176 sed
1403 3114 1502 3176 Num.
1521 3117 1556 3189 5,

245 3219 285 3279 21
309 3212 540 3277 iuramentum
564 3213 842 3281 ecseeretom'nm.
868 3219 935 3280 Vox
956 3215 1013 3283 hie
1034 3217 1173 3307 respicit
1198 3215 1455 3284 craledirtiones
1474 3238 1556 3306 cap.

243 3326 299 3388 28.
320 3325 356 3385 ln
381 3320 445 3385 hec
463 3318 571 3405 igitur
590 3318 769 3387 differebat
795 3321 915 3388 loedus
937 3323 1086 3412 primum
1106 3324 1143 3390 in
1168 3325 1278 3391 Horeb
1303 3346 1323 3390 a
1344 3322 1483 3389 loedere
1503 3344 1559 3390 se-

244 3425 357 3493 eundo
381 3426 418 3492 in
447 3412 536 3492 terra
561 3427 672 3507 Moab,
700 3427 792 3516 qnod
821 3429 856 3494 in
886 3429 997 3496 Horeb
1021 3453 1055 3496 se
1091 3431 1239 3520 populus
1261 3429 1465 3519 simpliciter
1494 3429 1558 3496 ad·

242 3532 416 3598 strinxerit
428 3532 547 3598 foedus
567 3539 759 3623 acceptam,
778 3534 815 3600 in
831 3535 926 3600 lloab
941 3535 1082 3626 insuper
1096 3537 1264 3603 devocans
1277 3535 1559 3604 maledictionem

242 3640 277 3703 in
295 3644 575 3724 transgressores.
600 3639 744 3706 Elleetus
765 3646 879 3707 autem
903 3642 1048 3708 foederis
1066 3643 1238 3710 observati
1256 3643 1313 3731 (ei.
1337 3649 1439 3722 sono
1458 3642 1556 3731 sqq.)

242 3743 298 3810 hic
318 3745 383 3810 erit
404 3766 411 3812 :
431 3768 461 3810 v.
481 3751 521 3811 13
544 3744 613 3833 (m)
632 3774 647 3807 n
666 3746 908 3814 ressuscitare
929 3747 996 3814 sibi
1010 3750 1046 3814 in
1059 3748 1242 3840 populent,
1260 3749 1377 3837 etipse
1396 3748 1442 3815 sit
1461 3751 1556 3815 Deus

242 3862 332 3935 tures,
356 3851 443 3917 sient
468 3850 600 3917 locutus
624 3864 673 3918 est
692 3851 758 3918 libi
776 3866 808 3919 et
832 3853 921 3920 siout
945 3854 1074 3921 inravit
1092 3855 1254 3947 patribus
1277 3855 1344 3921 luis
1367 3853 1557 3936 Abrabam,

240 3958 335 4024 [saec
354 3969 386 4024 el
410 3960 508 4024 Iacob
536 3987 564 4024 ».
588 3962 702 4047 Neque
729 3981 806 4026 eum
832 3961 910 4026 selis
935 3963 1175 4050 praesentibus
1200 3962 1318 4029 foedus
1344 3961 1476 4035 ierilnr,
1495 3960 1558 4028 sed

240 4063 343 4130 etiam
364 4086 442 4130 eum
466 4063 688 4152 paucioribus
707 4065 787 4148 illis,
806 4065 865 4154 qui
890 4071 961 4132 tum
979 4069 1065 4134 sorte
1084 4069 1242 4136 abessent
1260 4064 1281 4134 a
1299 4068 1418 4135 castris
1438 4066 1558 4155 (Gadi-

240 4168 282 4233 tis
304 4171 383 4256 etc.)
404 4188 411 4236 ε
429 4192 461 4236 v.
487 4175 526 4236 m
552 4170 622 4259 (13)
649 4199 664 4233 κ
687 4173 758 4238 Nec
781 4171 974 4239 solissolis
994 4196 1054 4264 eqo
1073 4176 1135 4242 boc
1158 4174 1281 4263 foedus
1296 4174 1388 4261 serio
1413 4187 1446 4240 et
1470 4173 1558 4241 haec

240 4274 435 4340 iuramenta
457 4276 642 4365 [confirmo]
664 4305 693 4360 »‚
711 4300 744 4344 ν.
776 4285 815 4346 15
835 4279 904 4368 (11)
933 4309 948 4340 «
967 4279 1027 4347 sed
1045 4282 1178 4349 cerrectis
1190 4281 1429 4373 praesentibus
1444 4292 1478 4346 et
1496 4283 1559 4347 eb-

239 4380 390 4447 sentibus
416 4408 444 4447 ».
464 4384 565 4449 Hebr.
585 4405 593 4448 :
610 4383 671 4449 sed
694 4406 770 4450 erem
798 4387 900 4472 cinni,
925 4388 986 4477 qni
1010 4387 1109 4454 bodie
1138 4389 1314 4455 nobiseum
1344 4398 1412 4454 stet
1438 4409 1557 4455 rorem

239 4487 356 4570 leber,
374 4501 407 4554 rt
424 4510 501 4554 cum
517 4488 623 4571 orlani,
641 4489 702 4579 qui
716 4514 786 4558 non
807 4506 856 4559 est
871 4494 1048 4561 nobiseum
1059 4494 1173 4562 bodie.

283 4599 368 4686 Arq.
394 4634 437 4646 -
463 4599 642 4662 Summum
667 4598 770 4664 totius
793 4599 942 4667 foederis
967 4602 1117 4670 officium
1138 4608 1187 4669 est
1205 4602 1412 4670 menolatria
1437 4623 1556 4670 amor·

239 4704 333 4792 plia:
355 4704 417 4770 bac
433 4726 503 4771 una
525 4708 670 4786 servate,
688 4704 807 4771 foedus
827 4707 942 4796 quoad
963 4709 1190 4776 substantiam
1210 4715 1291 4794 stat;
1314 4709 1378 4777 hae
1404 4731 1473 4776 una
1493 4732 1557 4778 ne·
