3366 5346
177 285 237 344 366
634 294 867 341 coccearauauu
889 295 1042 341 sanutus.

176 434 246 520 legi
260 432 407 522 scriptae
424 430 524 520 plane
538 429 762 495 conformem.
780 429 874 496 Clare
892 435 1069 518 praeterea
1083 426 1265 509 confirmat
1280 432 1296 491 1
1314 429 1398 513 Reg.
1417 431 1502 510 2,13

176 540 277 620 illud,
295 537 386 628 quod
408 542 503 604 licut.
523 542 600 618 18,3
617 535 799 625 pluresque
820 535 879 603 alii
897 535 980 602 inde
999 558 1020 602 a
1041 539 1134 601 licut.
1162 539 1202 599 12
1224 537 1333 599 textus
1353 532 1499 615 babent,

176 649 212 713 in
232 645 336 712 rebus
360 643 464 711 sacris
482 640 765 708 administrandis
785 640 954 709 Hebraeos
976 641 1052 709 aeri
1073 639 1227 708 iudicum
1246 639 1281 704 in
1299 638 1460 728 pluribus
1480 662 1503 706 a

175 752 295 840 Moysis
309 749 443 817 statutis
458 749 622 816 deviasse.

220 863 338 926 Noster
354 861 468 923 orator
490 876 597 923 novas
617 854 711 942 leges
731 876 802 921 nou
824 854 952 936 condit,
970 854 1031 921 sed
1055 854 1198 935 cultum,
1216 851 1329 941 qualis
1352 857 1428 919 tum
1449 876 1501 921 re·

176 987 256 1056 apse
267 962 358 1052 apud
369 961 603 1028 sanctuarium
615 960 765 1048 vigebat,
779 960 1012 1028 commendat.
1028 960 1091 1027 Ubi
1103 958 1320 1026 sacerdotum
1332 981 1405 1026 sors
1414 958 1499 1026 inde

176 1093 197 1138 a
211 1069 329 1157 Moysis
343 1075 497 1158 ternpore
509 1090 608 1135 versa
621 1073 695 1135 erat
707 1067 743 1134 in
756 1067 852 1157 peius
866 1089 874 1136 :
890 1091 954 1158 pro
968 1089 1067 1134 crure
1080 1065 1270 1156 posteriore
1280 1064 1516 1155 pendebatur*

176 1200 253 1244 crus
269 1175 433 1258 anterius,
452 1197 516 1264 pro
531 1174 727 1264 pectusculo
746 1174 900 1256 echinus,
917 1173 1043 1263 quibus
1058 1177 1173 1240 tamen
1191 1171 1319 1239 dubiae
1333 1193 1500 1262 compen·

177 1282 317 1352 sationis
338 1303 421 1368 ergo
440 1281 660 1348 addebantur
679 1280 838 1348 maxillae
860 1280 943 1370 (non
958 1286 1062 1370 caput
1079 1317 1123 1329 -
1140 1279 1227 1360 Coi,
1244 1301 1357 1367 neque
1377 1278 1499 1366 lingua

176 1430 221 1440 -
236 1388 298 1457 Cal
336 1388 371 1478 ..)
388 1389 497 1474 lgitur
508 1393 625 1455 orator
640 1393 755 1454 noster
775 1410 844 1455 non
864 1389 899 1453 iu
921 1393 1037 1468 coest,
1054 1391 1092 1453 ut
1111 1385 1242 1453 cultum
1257 1385 1420 1452 reformet
1437 1385 1501 1475 qui

177 1495 269 1585 apud
292 1494 526 1562 sanctuarium
544 1500 616 1562 tum
639 1493 789 1581 vigebat,
807 1494 922 1561 sedat
943 1494 1100 1561 homines
1118 1493 1163 1560 ad
1182 1491 1379 1559 adeundum
1399 1514 1499 1559 sanc-

176 1603 325 1671 tuarium
349 1601 549 1692 compellat;
569 1600 781 1691 pedetentim
798 1599 965 1690 procedit,
984 1599 1115 1667 minore
1134 1599 1225 1666 bono
1245 1599 1397 1688 primum
1413 1621 1499 1665 con·

176 1714 301 1789 tentus,
319 1731 361 1775 nc
378 1709 476 1788 forte,
495 1707 523 1773 si
538 1707 655 1774 omnia
669 1707 773 1774 simul
788 1707 978 1774 reformare
994 1707 1134 1787 nitatur,
1153 1705 1240 1778 nihil,
1260 1704 1399 1771 omnino
1418 1705 1496 1771 effi-

178 1816 255 1883 ciat.
273 1838 307 1882 v.
325 1819 344 1880 b
366 1842 381 1876 «
400 1812 581 1880 Primitiae
590 1813 763 1900 [retinenti
775 1813 849 1880 vini
863 1827 894 1880 ct
908 1813 987 1897 olei,
1005 1826 1038 1880 ct
1053 1812 1215 1879 lanarum
1223 1816 1360 1901 partem
1382 1838 1412 1892 u,
1429 1833 1495 1900 pro

82 1949 89 1963 ·
176 1945 245 2012 qua
267 1944 349 1988 voce
364 1923 466 1987 Hebr.
484 1941 620 1988 rursum
635 1920 827 2010 primitias,
847 1950 863 1981 u
882 1943 924 1986 ea·
943 1920 1056 1986 ovium
1074 1917 1251 2006 [tonsione]
1276 1946 1306 1989 ».
1319 1922 1376 1984 Ex.
1393 1922 1497 2000 2229

179 2028 247 2117 (28)
269 2027 497 2114 exigebantur
518 2026 691 2116 primitiae
714 2028 914 2094 universim.
928 2031 1028 2093 Num.
1053 2032 1154 2108 18,12
1173 2024 1404 2092 efferebantur
1423 2025 1499 2090 fru-

177 2139 345 2216 mentum,
364 2139 512 2199 mustum
533 2138 565 2200 ct
584 2134 696 2200 oleum
718 2155 834 2200 recens
853 2132 909 2221 (cl.
928 2139 948 2200 2
967 2137 1042 2200 Par.
1067 2132 1173 2222 31,5),
1191 2154 1278 2221 quae
1294 2130 1416 2198 eadem
1435 2153 1498 2220 pro

178 2239 324 2306 ‹lecimis'
340 2240 529 2304 efferuntur
551 2244 783 2320 Deut.12,17·,
811 2244 931 2321 Mt,
959 2238 1018 2306 sed
1040 2245 1122 2307 nota
1136 2238 1185 2305 ib.
1214 2237 1417 2328 «primitias
1440 2258 1498 2304 eo-

177 2367 255 2412 ram
272 2372 288 2406 »
303 2343 483 2411 commode
503 2343 613 2433 accipi
629 2367 691 2433 pro
707 2343 869 2433 primitiis
888 2346 1066 2427 universis,
1081 2368 1150 2412 non
1166 2345 1305 2412 illarum
1318 2343 1422 2411 trium
1446 2364 1498 2410 rc-

177 2473 254 2520 rum
267 2456 413 2518 tantum.
429 2448 545 2516 Merito
560 2451 674 2536 legem
688 2449 922 2540 primitiarum
941 2450 989 2518 ita
1002 2451 1319 2542 interpretabantur
1336 2449 1497 2517 sacerdo-

177 2563 238 2639 tes,
262 2563 300 2624 ut
324 2557 425 2624 etiam
449 2556 621 2645 primitiae
645 2556 745 2624 lanae
761 2556 828 2624 sibi
852 2558 1097 2648 penderentur,
1121 2557 1247 2648 quibus
1274 2555 1494 2624 vestirentur.

88 2709 91 2717 ·
177 2669 202 2732 E
219 2669 312 2731 textu
326 2685 407 2729 vero
428 2665 497 2730 lere
520 2662 611 2730 illud
629 2663 817 2751 colligitur,
840 2688 880 2732 eo
896 2672 1050 2755 tempore
1073 2665 1289 2732 sacerdotum
1308 2685 1363 2729 res
1384 2683 1499 2730 versas

178 2793 248 2838 csse
268 2772 304 2838 in
327 2772 427 2859 peius
449 2769 569 2860 populi
585 2769 724 2860 quidem
748 2771 963 2859 negligentia
987 2778 1021 2838 ct
1039 2771 1185 2852 incuria,
1207 2792 1278 2837 non
1301 2792 1382 2837 vero
1404 2770 1497 2836 mala

176 2878 363 2944 voluntate.
379 2876 478 2944 Plebs
493 2877 537 2942 ab
551 2876 698 2943 inimicis
709 2878 872 2944 continuo
888 2901 1046 2968 oppressa
1061 2883 1095 2945 et
1107 2877 1253 2966 spoliata
1267 2876 1403 2944 avarius
1420 2875 1496 2964 qui-

176 2983 256 3049 dem
272 2983 397 3068 agebat
417 2982 530 3070 quoad
549 2982 766 3049 victimarum
789 2984 960 3073 portiones
980 2984 1214 3052 sacerdotibus
1233 2980 1492 3073 permittendas,

177 3096 294 3156 tamen
326 3087 516 3154 neccssaria
549 3089 593 3154 ad
619 3088 777 3155 vestitum
808 3090 877 3156 illis
905 3091 1068 3180 praebere
1099 3113 1170 3158 non
1201 3089 1393 3157 recusabat.
1417 3096 1495 3155 v.5

180 3224 195 3257 a
222 3198 338 3284 Ipsum
355 3193 445 3259 enim
465 3193 571 3283 clepit
590 3194 756 3261 Dominus
780 3200 866 3262 Deris
881 3209 960 3263 tuus
975 3197 1017 3263 dc
1038 3199 1168 3264 cernetis
1190 3196 1345 3264 tribubus
1360 3195 1441 3278 tuis,
1459 3207 1498 3262 ut

177 3313 243 3369 stet
262 3329 277 3361 »
295 3323 410 3366 coram
432 3300 577 3367 Domino
593 3303 661 3367 Deo
680 3314 737 3368 tuo
760 3303 882 3388 (Sanr.;
905 3305 948 3370 cl.
964 3305 1079 3394 LXX),
1103 3334 1118 3366 «
1132 3318 1165 3371 ct
1179 3303 1347 3371 ministret
1362 3302 1499 3369 nomini

177 3406 319 3474 Dorvziui
336 3436 363 3485 u,
387 3446 431 3457 -
452 3430 514 3497 pro
537 3430 605 3497 quo
623 3408 718 3474 Sam.
737 3411 850 3478 LXX:
878 3421 910 3475 et
932 3410 1115 3494 ministret,
1130 3424 1161 3478 ct
1183 3410 1361 3477 benedicat
1377 3409 1413 3475 in
1433 3431 1496 3474 no-

177 3515 271 3581 minc
288 3514 360 3580 circs
375 3555 418 3565 —
446 3545 461 3576 (ι
484 3515 555 3604 ipse
568 3528 600 3580 ct
614 3514 685 3603 filii
699 3515 770 3585 ecies
783 3515 820 3582 iu
835 3517 1079 3606 sempiternum
1098 3545 1127 3586 »,
1145 3518 1223 3585 ldeo
1239 3517 1310 3584 eius
1329 3519 1497 3584 sustenta-

176 3621 264 3687 tioni
274 3620 376 3686 lahve
390 3621 545 3686 attribuit
559 3643 611 3702 ea,
627 3643 715 3711 quae
731 3645 763 3688 v.
778 3630 796 3688 3
812 3645 862 3711 sq.
882 3623 996 3689 habet.
1013 3629 1056 3690 De
1071 3631 1270 3714 miletuna
1285 3624 1328 3690 cf.
1344 3621 1388 3690 ad
1403 3627 1494 3704 10,8.

222 3726 428 3793 Therumam
441 3725 482 3791 ad
503 3733 593 3807 12,6.
613 3734 715 3794 11.17
730 3750 807 3795 cum
823 3729 921 3814 Vulg.
941 3728 1178 3797 iudicabamus
1196 3730 1376 3817 designare
1391 3729 1498 3819 polis·
1552 3762 1556 3772 ·

178 3831 302 3899 simum
320 3831 499 3922 primitiaS,
519 3855 605 3920 quae
621 3832 670 3898 ibi
689 3835 817 3924 populo
839 3835 1129 3924 permittebantur
1143 3837 1236 3926 apud
1261 3835 1498 3904 sanctuarium

178 3938 419 4006 comedendae.
440 3938 497 4004 Hic
512 3938 650 4005 eaedem
665 3938 829 4006 iubentur
845 3941 948 4030 pendi
969 3942 1212 4010 sacerdotibus.
1231 3949 1333 4009 Porro
1352 3949 1421 4009 tam
1437 3964 1499 4007 no-

179 4046 266 4111 vella
295 4051 436 4127 las-19
463 4065 566 4133 quam
590 4045 642 4110 lex
674 4052 792 4127 tal-8
820 4047 985 4114 describit
1009 4049 1240 4117 conditionem
1265 4071 1380 4116 rerum
1412 4070 1498 4116 aevo

177 4149 330 4215 iudicum
348 4171 451 4216 :num
467 4173 549 4237 ergo
565 4150 637 4217 eius
650 4151 724 4216 aovi
740 4153 823 4218 duas
837 4155 941 4221 veluti
955 4157 1102 4245 epochas
1115 4156 1376 4243 distinguemus,
1391 4177 1498 4223 unam

179 4254 422 4342 antiquiorem,
447 4279 516 4345 qua
540 4256 713 4345 primitiae
733 4257 845 4326 adbuc
867 4262 1101 4350 penderentur
1120 4263 1352 4330 sacerdotibus
1374 4263 1497 4353 (tat),

179 4361 322 4427 alteram
341 4361 575 4444 recentiorem,
595 4386 662 4453 qua
677 4365 815 4432 eaedem
834 4369 961 4457 populo
976 4369 1158 4436 cederent?
1174 4370 1237 4437 Ubi
1251 4369 1340 4436 illud
1355 4369 1419 4437 tibi
1432 4371 1501 4437 erit

180 4466 425 4546 definiendum,
449 4468 530 4557 quid
558 4471 696 4538 taudem
717 4473 879 4541 collector
897 4498 958 4541 sao
983 4497 1067 4541 aevo
1092 4479 1261 4544 censuerit
1285 4500 1355 4543 esse
1378 4476 1500 4544 obser-

179 4574 342 4653 vandum,
362 4575 421 4664 (lui
441 4575 527 4642 duas
547 4576 759 4647 diversarum
779 4582 988 4670 epocharum
1013 4583 1242 4672 discrepantes
1257 4584 1350 4672 leges
1372 4584 1500 4651 collec-

179 4687 279 4748 taneo
303 4682 499 4753 inseruerit.
525 4686 724 4777 Praeplacet
742 4688 810 4754 alia
829 4693 875 4770 et,
893 4695 930 4754 ut
955 4688 1053 4755 nobis
1073 4688 1219 4774 videtur,
1241 4691 1380 4781 planior
1405 4698 1438 4758 et
1458 4715 1500 4759 ex
