3366 5346
662 317 749 360 auur.
774 302 856 374 33,7.
1386 305 1444 363 5t5

128 452 211 517 luda
232 474 249 516 e
274 450 372 517 bellis
394 456 491 538 parta
514 451 656 517 victoria
674 451 717 516 ad
740 473 802 517 sua
824 451 953 516 redcat.
973 423 1145 516 bellorum
1172 451 1267 517 nulla
1296 452 1330 517 in
1352 459 1442 520 text-u

126 559 272 625 babetur
296 557 434 623 mentio.
457 562 571 646 Neque
595 579 712 624 sensus
737 565 797 636 est,
824 563 861 622 ut
887 557 970 623 luda
994 557 1017 623 i.
1042 580 1072 624 ι.
1098 558 1239 624 messias
1262 559 1376 625 veniat
1400 560 1444 625 ad

125 664 292 754 populum
310 685 409 731 suum
438 663 559 750 (Cat).
576 668 701 752 Neque,
721 670 759 729 ut
776 663 857 729 luda
878 671 974 752 parte
996 669 1107 730 terrae
1122 669 1259 730 sauctae
1278 665 1344 730 sibi
1362 688 1442 754 pro-

125 771 226 837 missa
250 769 393 835 feliciter
416 769 568 858 potiatur
590 771 708 857 (lter.)
734 791 741 836 :
767 769 862 835 aliud
886 779 936 836 est
958 777 1061 852 terra,
1080 770 1175 835 aliud
1202 776 1251 836 est
1275 772 1440 860 populus;

130 876 295 964 populum
319 898 417 941 suum
442 875 466 942 i.
484 898 514 942 e.
532 875 672 942 ludaeos
695 875 847 942 babebat
869 875 963 955 luda,
986 875 1088 942 etiam
1108 890 1291 963 antequam
1318 877 1445 944 tinibus

127 983 312 1072 pot-iretur,
334 1004 376 1047 an
399 1004 469 1048 uon
493 1005 604 1071 aequo
630 983 703 1047 iure
730 981 765 1047 id
793 981 935 1048 cuilibet
962 981 1068 1048 tribui
1095 989 1341 1071 apprecaturus
1370 988 1444 1050 erat

126 1090 270 1176 Moyses?
294 1088 404 1154 Verba
428 1096 644 1178 supponunt,
670 1087 789 1154 ludam
815 1088 859 1154 ad
889 1087 1057 1177 populum
1084 1109 1183 1156 suum
1208 1088 1362 1155 noudum
1384 1111 1444 1156 ve-

127 1196 214 1261 nisse
232 1217 239 1262 :
256 1217 322 1261 uon
339 1193 416 1260 ideo
435 1194 625 1284 respiciunt
642 1200 777 1283 tempus
790 1215 978 1280 regnorum
995 1193 1081 1260 luda
1100 1198 1134 1260 et
1149 1196 1262 1278 lsrael,
1282 1217 1350 1283 quo
1366 1197 1444 1284 pius

126 1302 270 1391 quisque
300 1309 337 1367 ιιι
374 1300 456 1368 luda
482 1300 641 1367 omnibus
671 1323 807 1367 rursum
841 1300 999 1368 tribubus
1026 1300 1213 1390 imperaret
1246 1301 1440 1390 exoptabat.

126 1412 241 1497 Neque
260 1407 366 1474 verba
383 1407 534 1496 produnt
552 1407 679 1474 lactum
696 1406 830 1494 (Gaas),
853 1407 1029 1474 Roboamo
1052 1428 1133 1493 rege
1150 1410 1288 1496 proprie
1302 1429 1372 1474 non
1396 1413 1443 1475 ls-

127 1514 255 1580 raelcm
271 1537 291 1579 a
316 1513 410 1596 luda,
428 1513 488 1580 sed
503 1513 622 1580 ludam
643 1512 687 1578 ab
711 1513 833 1580 israele
854 1513 1028 1594 defecisse,
1046 1515 1082 1581 h.
1100 1514 1123 1579 l.
1142 1513 1287 1602 exprimi
1309 1513 1442 1580 deside-

124 1622 226 1703 rium,
244 1627 281 1686 ut
304 1619 385 1686 luda
407 1620 452 1686 ad
471 1619 621 1686 officium
642 1619 761 1685 redeat
780 1626 812 1686 et
836 1619 1064 1686 rebellionem
1087 1625 1297 1708 componat:
1315 1619 1441 1686 etenim

125 1728 191 1794 hoc
214 1729 342 1792 tactum
360 1731 470 1793 totum
497 1731 546 1792 est
567 1727 697 1793 fictum.
720 1727 839 1815 Utique
861 1755 876 1786 a
896 1725 1157 1815 praenuntiatur
1172 1747 1317 1812 regnum
1350 1725 1444 1793 davi-

127 1833 242 1900 dicum
269 1862 284 1894 ι)
311 1834 352 1919 (T
351 1831 550 1918 laederet).
567 1833 690 1918 Agitur
704 1831 747 1897 de
770 1831 979 1921 principatu,
1002 1854 1104 1920 quem
1120 1854 1189 1898 non
1216 1833 1287 1898 lore
1309 1831 1443 1899 Rubeui

127 1938 229 2005 modo
257 1938 492 2004 insinuaverat
513 1944 653 2025 Moyses;
671 1944 793 2003 notum
819 1937 982 2026 supponit
1010 1936 1212 2004 vaticinium
1238 1936 1441 2004 iacobaeum

127 2045 229 2112 Iudae
250 2044 482 2134 principatum
506 2043 711 2132 promittens
727 2066 734 2111 :
753 2065 836 2129 ergo
851 2051 941 2110 totus
959 2043 1058 2109 lsrael
1084 2049 1133 2110 est
1153 2043 1298 2134 populus
1323 2043 1439 2125 tudae,

126 2151 157 2217 ei
179 2157 355 2240 tamquam
377 2151 525 2240 principi
547 2149 704 2218 subditus
727 2149 915 2216 destinatus
941 2169 948 2215 :
973 2149 1133 2216 Introduc
1160 2171 1240 2216 eum
1264 2155 1442 2238 tamquam

125 2279 243 2344 rogem
256 2256 298 2323 ad
320 2256 485 2346 populum
505 2277 616 2322 suum.

169 2369 306 2443 Verum,
321 2384 492 2451 quaenam
507 2367 556 2428 est
570 2360 632 2428 illa
647 2384 712 2427 vox
726 2362 839 2443 iudae,
855 2383 958 2451 quam
973 2362 1074 2428 lahve
1089 2366 1127 2428 ut
1141 2359 1265 2428 eradiat
1277 2364 1442 2448 rogatur?

129 2468 248 2537 Chald.
271 2471 516 2557 iuterpretatur
540 2468 643 2535 tudae
666 2467 856 2534 orationem
879 2468 1052 2557 protolici
1076 2466 1159 2534 belli
1183 2473 1325 2552 eventu,
1348 2471 1438 2536 Mea.

128 2598 191 2666 pro
215 2573 410 2640 obtinendis
428 2573 555 2639 tinibus
577 2573 738 2662 propriis,
760 2573 833 2640 Coi.
854 2572 1063 2640 desiderium
1083 2573 1238 2653 messiae,
1262 2573 1330 2641 Τι’ν.
1355 2574 1443 2641 desi·

129 2680 263 2747 derium
283 2679 442 2769 promissi
461 2678 682 2768 principatus.
700 2679 813 2745 llerito
828 2679 1037 2768 supponitur
1057 2678 1139 2758 luda
1154 2681 1246 2746 huuc
1267 2679 1441 2771 priucipa-

128 2792 202 2855 tum
217 2786 283 2852 sibi
302 2787 506 2875 promissum
528 2785 607 2852 totis
626 2784 712 2850 votis
729 2792 897 2874 expetere.
918 2791 967 2852 lta
984 2785 1111 2851 arctior
1129 2785 1277 2852 habetur
1295 2785 1442 2875 paralle-

127 2893 249 2960 lismus
264 2894 355 2958 iuter
375 2892 527 2981 primum
547 2896 581 2958 ιι
601 2891 785 2960 secuudum
808 2891 956 2959 stichum
975 2891 1092 2958 :idem
1114 2914 1150 2959 re
1172 2897 1221 2958 est
1243 2892 1362 2960 audire
1384 2914 1443 2960 seu

128 2999 302 3082 exaudire,
326 3004 360 3065 et
384 2998 585 3088 perducere.
607 3002 761 3065 Ceterum
789 3020 856 3064 uon
886 2999 1004 3065 omnia
1028 2998 1100 3064 eius
1129 2999 1204 3065 aevi
1228 2998 1318 3065 facta
1343 2997 1444 3066 nobis

127 3112 206 3173 suut
221 3107 301 3173 satis
320 3109 509 3194 perspecta.
528 3103 663 3187 Quodsi,
681 3103 733 3170 uti
755 3109 805 3170 CN
824 3128 858 3194 p.
877 3110 941 3170 206
966 3127 1016 3194 sq.
1035 3105 1318 3190 suggerebamus
1340 3105 1442 3171 Caleb

128 3212 270 3280 ludaeus
283 3211 470 3301 plurimum
484 3209 630 3277 contulit
648 3211 726 3300 paci
744 3210 892 3278 Cadesae
908 3211 1210 3296 redintegrandae,
1231 3234 1339 3300 eoque
1355 3211 1442 3279 dirce

128 3319 232 3384 veluti
256 3341 321 3383 coc
336 3317 441 3383 leidae
455 3317 540 3383 alias
560 3317 671 3382 tribus
689 3317 731 3382 ad
748 3317 898 3382 officium
919 3317 1104 3396 revocavit,
1119 3317 1208 3382 belle
1224 3317 1371 3382 vicissim
1386 3340 1443 3381 ro-

130 3431 232 3509 gatur
250 3423 363 3499 lahve,
383 3431 421 3488 ut
438 3422 556 3488 audiat
575 3443 693 3488 vocem
713 3422 816 3487 tudae
837 3422 1023 3509 expetentis
1040 3421 1245 3509 promissum
1263 3422 1327 3487 sibi
1345 3422 1443 3510 prin·
1505 3466 1509 3471 »

129 3531 291 3619 cipetum.
309 3527 373 3593 Sed
391 3529 475 3592 haec
487 3549 556 3592 non
568 3527 647 3592 satis
666 3533 769 3592 certa.

177 3663 193 3697 «
210 3637 334 3700 Μαιιιιε
348 3633 422 3699 eius
430 3635 641 3723 prvpuabant
650 3655 716 3722 pro
730 3655 767 3698 eo
783 3660 813 3698 n.
831 3621 860 3695 ιι
876 3648 913 3696 ιι
928 3648 1003 3706 'atu
1018 3635 1112 3699 Sani.
1130 3621 1160 3696 'b
1177 3648 1226 3697 ιιι
1246 3648 1300 3698 ιιι.
1319 3639 1342 3699 E
1362 3655 1441 3700 con·

131 3748 184 3808 tra
204 3744 296 3806 LXX
316 3742 447 3828 Symm.
469 3742 534 3828 Aq.
559 3739 657 3828 l'ulp.
677 3741 757 3826 Spa.
781 3737 902 3806 Chald.
923 3745 1060 3806 vertunt
1082 3739 1297 3828 optativum:
1320 3763 1442 3807 moniis
1491 3801 1494 3807 .

128 3848 200 3914 cives
215 3858 352 3937 perperat
362 3869 425 3935 pro
446 3868 497 3929 eo,
514 3867 634 3912 manus
653 3868 699 3911 sc.
718 3844 822 3911 tudae
837 3867 899 3934 pro
913 3845 1042 3934 populo
1062 3867 1133 3926 sno,
1153 3873 1169 3905 «
1190 3859 1223 3911 et
1242 3845 1382 3913 cullulos·
1402 3847 1443 3912 il·

125 3955 193 4021 lius
215 3965 334 4020 contra
353 3950 568 4018 actoersorios
592 3951 665 4018 eius
686 3951 751 4017 erit
772 3979 801 4034 »,
824 3951 935 4040 ,sitque
960 3951 1043 4018 luda
1064 3950 1203 4018 adiutor
1227 3951 1268 4018 de
1292 3952 1443 4019 lica-vibus

129 4062 211 4145 eins,
229 4082 276 4127 sc.
295 4059 427 4150 populi.
444 4063 584 4126 Praeeat
602 4058 638 4124 in
659 4057 763 4140 bello,
782 4057 875 4149 quod
896 4058 1110 4146 potissimum
1130 4059 1223 4144 regis
1245 4066 1305 4126 est.
1325 4064 1443 4126 Fateor

127 4173 240 4234 tamen
268 4165 457 4232 versionem
485 4165 582 4231 illam
608 4169 688 4231 Lxx
715 4170 793 4245 etc,
821 4164 914 4253 quod
938 4163 980 4231 sit
1005 4165 1152 4246 facilior,
1178 4165 1296 4232 critica
1328 4165 1442 4256 suspi-

130 4273 339 4341 cione-haud
358 4294 489 4350 carere3
510 4272 577 4336 imo
592 4270 733 4338 fortasse
749 4275 827 4337 Lxx
851 4278 928 4352 etc,
945 4271 1037 4337 idem
1058 4271 1265 4338 adamussim
1285 4272 1442 4359 legentes

129 4386 231 4467 atque
256 4380 356 4446 llehr.
382 4383 487 4459 Sam,
511 4379 673 4464 analogia
702 4377 850 4444 duorum
878 4378 1063 4444 verborum
1094 4377 1372 4467 praecedentium
1409 4386 1441 4444 et

129 4483 227 4550 verbi
246 4485 444 4552 immediate
464 4485 637 4573 sequentis
664 4483 796 4549 indocti
821 4491 911 4562 sunt,
931 4490 967 4550 ιιι
986 4483 1131 4550 verbum
1154 4484 1257 4551 ctiam
1275 4500 1311 4547 ιι
1335 4484 1441 4550 iuter·

129 4595 347 4680 pretarentur
362 4593 564 4681 optativum.
579 4593 698 4657 Textus
717 4612 818 4679 porro
842 4590 941 4658 Hebr.
964 4596 1054 4660 Sam.
1073 4591 1257 4657 vertendus
1281 4589 1345 4655 erit
1366 4590 1438 4657 ita:

131 4698 254 4763 licinus
268 4694 339 4762 eius
355 4697 486 4785 (Iudae)
500 4696 675 4788 perperavit
691 4719 755 4786 pro
772 4719 811 4762 eo
834 4696 910 4786 (pro
927 4697 1055 4787 populo
1070 4696 1145 4784 suo)
1166 4715 1173 4760 τ
1190 4695 1267 4762 ideo
1287 4695 1440 4763 attidem
1494 4776 1500 4788 ¹

519 4816 692 4854 rrauucmuaa.
711 4828 743 4842 -·
759 4817 835 4854 conv.
854 4816 880 4853 ιιι
898 4816 970 4853 near.
988 4827 1018 4841 -
1036 4807 1065 4852 35
