3366 5346
613 294 794 339 cousrscrus
816 294 1052 340 naursnouonn.
1456 286 1491 344 lt

181 432 277 500 cuius
292 429 399 495 robur
415 437 448 495 ct
466 427 673 501 munitiones
690 432 780 495 certe
796 450 867 495 non
887 435 986 495 crant
1004 429 1210 496 infirmiores
1229 430 1287 508 iis,
1310 441 1493 520 quae1,28

180 536 464 605 adscribebantur
479 536 693 601 Chananaeis
707 533 1004 618 meridionalibus‚
1026 543 1157 617 3,1-11.
1175 536 1493 606 Transiordanicam

180 649 308 730 Moyses
327 641 484 709 attribuit
503 640 635 708 duabus
651 641 809 707 tribubus
824 649 857 707 ct
875 641 1039 709 dimidiae
1055 644 1120 709 hac
1136 643 1344 726 conditione,
1368 651 1405 711 ut
1422 639 1493 712 lra-

180 756 249 816 trcs
270 771 346 815 suos
362 749 399 814 in
414 747 606 834 subigenda
623 746 851 814 cisiordanica
871 748 1090 830 adiuvarent3
1114 750 1322 817 sententiam
1343 751 1377 816 in
1398 757 1488 839 Moy-

182 878 241 922 sen
261 855 366 922 latam
383 875 543 922 revocare
563 855 677 921 renuit
693 853 809 934 Ialrce,
829 854 941 921 sedin
959 856 1076 942 Moysis
1095 855 1208 923 locum
1230 861 1351 922 losuen
1365 858 1497 925 suffecit

183 968 332 1045 ara-so.

226 1073 312 1135 Sane
332 1089 402 1134 non
422 1073 503 1135 sunt
520 1069 607 1135 haec
629 1088 742 1132 merus
767 1094 782 1127 u
804 1073 976 1156 respectus
995 1066 1266 1135 introductorius
1293 1097 1308 1129 »
1335 1069 1365 1157 (n
1390 1069 1496 1136 intro-

183 1173 331 1260 ductory
345 1181 532 1263 retrospeet
548 1202 579 1254 n,
597 1175 669 1259 Dr.)
687 1178 841 1240 actorum
861 1195 882 1238 a
901 1173 992 1238 Sinai
1007 1173 1189 1240 Iordanem
1206 1197 1325 1265 usque.
1347 1175 1497 1262 Longior

184 1288 269 1347 esset
286 1279 344 1346 vel
367 1302 429 1369 pro
453 1280 592 1345 rhetore
614 1278 764 1345 hebraeo
786 1301 827 1345 ea
847 1278 1075 1360 introductio,
1102 1286 1297 1368 comparata
1319 1281 1498 1369 paraenesi

185 1392 315 1466 lul-lb.
339 1391 522 1476 Respectus
543 1385 600 1451 bic
621 1384 802 1451 artificiose
824 1385 871 1451 ita
893 1391 943 1453 est
964 1385 1204 1466 concinnatus,
1222 1393 1264 1452 ut
1287 1386 1498 1454 validissima

183 1498 342 1582 suppetat
356 1500 561 1579 argumenta
574 1490 737 1558 historica
746 1513 865 1557 earum
876 1491 1126 1578 obligationum
1139 1491 1298 1580 religiose
1318 1493 1498 1561 observan-

183 1597 317 1679 darum,
336 1620 420 1687 quas
429 1599 649 1688 paraenetice
666 1597 818 1664 inculcat
833 1598 942 1664 altera
957 1598 1122 1665 orationis
1139 1621 1229 1688 pars.

654 1830 708 1870 Pars
721 1830 859 1880 paraenetica
871 1829 935 1871 Dour.
949 1831 1027 1876 4,1-40.

230 2005 383 2073 Mandata
400 2005 577 2094 pentalogi
595 2005 640 2094 (v,
657 2004 697 2092 i.)
714 2010 794 2071 sunt
808 2005 892 2072 haec
908 2027 916 2072 ε
933 2011 1155 2094 praeceptum
1171 2006 1406 2088 monolatriac,
1424 2028 1498 2095 pro·

144 2108 147 2113 ’
185 2111 309 2180 bibitio
321 2111 548 2189 idololatriae,
566 2110 756 2200 prohibitio
768 2111 922 2178 tentandi
936 2117 1054 2193 Deum,
1070 2112 1242 2197 generalis
1258 2112 1500 2179 mandatorum

187 2218 457 2297 commendatio,
483 2217 684 2284 mandatum
705 2217 913 2305 exstirpandi
935 2224 1063 2305 gentes.
1087 2217 1284 2285 Mandatum
1306 2219 1446 2286 tertium
1467 2226 1501 2287 et

187 2326 344 2416 quintum
357 2325 393 2391 b.
413 2325 437 2390 l.
456 2323 751 2412 praetermittitur,
774 2346 832 2391 seu
852 2325 965 2391 verius
979 2324 1168 2392 includitur
1185 2325 1339 2412 generali
1356 2325 1501 2391 manda-

186 2439 300 2499 torum
320 2430 619 2498 commendatione
637 2453 644 2498 :
662 2451 772 2519 neque
786 2430 891 2511 enim,
910 2432 1043 2519 quoties
1059 2435 1183 2519 Moyses
1199 2429 1333 2498 thorum
1348 2431 1501 2498 z'uculcut

190 2541 289 2628 (1,5),
310 2559 446 2604 necesse
461 2541 511 2603 cst
530 2558 608 2602 eum
622 2558 739 2602 omncs
754 2536 826 2601 eius
842 2541 954 2625 partes
970 2537 1128 2625 explicite
1147 2538 1331 2604 inculcare.

235 2651 266 2711 1.
284 2644 477 2711 Inculcatur
492 2641 693 2708 mandatum
711 2648 872 2732 quartum
887 2642 1075 2731 pentalogi,
1094 2642 1187 2730 quod
1201 2651 1249 2708 cst
1262 2643 1304 2709 dc
1320 2643 1501 2709 mundato-

189 2773 266 2818 rum
293 2749 446 2816 omnium
480 2747 732 2830 observatione,
764 2752 872 2828 a,1-8.
905 2753 1050 2834 Legum,
1077 2771 1164 2837 quac
1195 2749 1407 2838 potissimum
1436 2771 1500 2839 pro

113 2926 115 2930 Α
191 2860 281 2926 terra
302 2857 468 2946 promissa
489 2856 587 2922 datae
607 2860 703 2932 sunt,
726 2853 837 2921 fidelis
859 2854 1052 2921 observatio
1076 2854 1266 2944 praestabit
1287 2853 1376 2922 vitae
1396 2854 1498 2922 dura-

189 2965 318 3032 tionem
342 2971 376 3030 et
392 2962 666 3052 prosperitatem.
695 2965 741 3026 Ea
767 2961 1007 3028 observatione
1029 2962 1197 3028 constabit
1216 2983 1297 3028 vera
1317 2963 1436 3051 populi
1452 2984 1503 3029 sa·

191 3070 331 3161 pientia,
350 3092 419 3159 qua
432 3069 489 3134 ille
502 3090 606 3157 supra
620 3073 738 3154 gentes
753 3067 904 3156 reliquas
921 3090 1040 3135 omnes
1055 3068 1247 3134 extolletur.

235 3184 266 3244 2.
291 3174 485 3242 lnculcatur
512 3179 629 3255 ae-rt
658 3173 858 3241 mandatum
886 3174 1064 3264 pentalogi
1086 3176 1238 3265 primum
1263 3182 1296 3242 et
1318 3176 1504 3243 maximum

190 3282 427 3350 monolatriae.
456 3288 545 3360 Quae
565 3280 747 3348 exhibetur
768 3281 993 3370 potissimum,
1014 3303 1082 3368 qua
1102 3285 1151 3346 est
1175 3282 1284 3348 cultus
1303 3281 1502 3371 omorpluu,

192 3394 408 3458 consecratus
412 3401 518 3478 pecto
529 3387 696 3454 sinaitico.
714 3387 893 3476 Simulque
904 3387 1095 3453 inculcatur
1111 3387 1309 3453 mandatum
1327 3389 1504 3477 pentalogi

191 3496 391 3579 secundum,
402 3493 592 3584 probibitio
605 3492 822 3560 idololatriae
838 3498 990 3574 blo-Hi.
1010 3499 1047 3559 ln
1064 3515 1189 3578 magna
1206 3499 1262 3560 Hx.
1284 3501 1323 3561 19
1336 3494 1504 3584 theopha-

191 3603 252 3667 nia
270 3601 409 3667 audiere
429 3600 572 3667 Hebraei
589 3621 707 3666 vocem
729 3601 845 3681 lahvc,
867 3600 928 3666 sed
947 3600 1092 3666 sormam
1112 3599 1245 3665 nullam
1263 3600 1378 3668 videre
1406 3620 1413 3666 :
1436 3624 1505 3691 quo

191 3709 283 3773 facto
300 3707 401 3772 labvc
416 3728 512 3772 suam
526 3707 753 3774 manifestavit
772 3707 995 3788 volunlatem,
1018 3712 1055 3772 ut
1071 3729 1153 3796 prae
1173 3707 1371 3774 nationibus
1386 3708 1506 3774 ceteris

193 3812 341 3880 Hebraei
371 3812 582 3879 abstinerent
605 3836 625 3878 a
647 3813 739 3879 cultu
764 3813 1042 3896 simulacrorum,
1070 3819 1105 3878 ct
1129 3812 1212 3879 hinc
1231 3813 1276 3880 ab
1294 3813 1502 3881 idololatria.

192 3924 298 3997 Quam
318 3919 567 4006 obligationem
584 3924 710 4006 Moyses
729 3919 826 3985 brcii
846 3919 1033 3986 moriturus
1050 3918 1118 3986 illis
1132 3919 1169 3985 in
1190 3919 1391 3988 memoriam
1407 3942 1505 3988 revo-

193 4032 259 4109 cat,
281 4048 324 4092 ne
340 4027 428 4092 iram
443 4026 502 4092 Dei
517 4025 672 4092 zelatoris
687 4027 876 4093 incurrant.

238 4139 269 4198 3.
288 4132 482 4199 lnculcatur
501 4139 640 4213 ara-31
661 4133 839 4222 pentalogi
860 4133 1062 4201 mandatum
1079 4137 1233 4216 tertium,
1254 4142 1291 4202 ut
1306 4137 1462 4221 Hebraei,
1480 4139 1508 4205 si

194 4238 332 4327 quando
345 4240 382 4305 in
400 4238 630 4305 idololatriam
642 4239 762 4305 misere
773 4240 1014 4329 prolabantur,
1032 4243 1139 4310 sciant
1153 4265 1187 4308 se
1205 4243 1287 4310 iacti
1299 4246 1509 4332 poenitentes

195 4366 215 4410 a
232 4345 334 4411 lahve
351 4345 388 4411 in
409 4345 557 4432 gratiam
580 4347 765 4412 certissime
787 4352 963 4436 receptum
981 4348 1035 4416 iri.

241 4458 272 4518 l.
293 4451 457 4541 Epilogus
479 4458 630 4534 aaa-te.
652 4456 772 4520 Orator
790 4453 992 4543 promissam
1011 4479 1075 4545 pro
1091 4454 1210 4523 diebus
1219 4457 1357 4546 facturis
1377 4456 1508 4522 miseri-

194 4555 348 4624 cordiam
371 4558 551 4626 confirmat
573 4565 713 4640 aaa-36
736 4561 976 4628 demonstratis
989 4561 1122 4628 dierum
1137 4563 1360 4651 (antiquorum
1377 4559 1508 4626 bcncli-

195 4662 268 4746 ciis,
292 4670 330 4730 ut
354 4665 454 4732 lahvc
477 4667 645 4756 populum
668 4689 706 4733 ex
728 4671 883 4755 Aegypto
903 4667 1052 4752 gloriose
1074 4669 1245 4752 eduxerit,
1273 4673 1304 4733 ct
1327 4666 1368 4731 dc
1397 4664 1510 4732 medio

584 4794 760 4832 HUHHELWEH.
778 4807 808 4816 ··-
826 4794 901 4829 COHH.
921 4795 946 4831 ΙΝ
964 4796 1036 4832 near.
1056 4808 1085 4819 ··
1104 4790 1117 4832 2
