3366 5346
698 287 783 330 auur.
808 270 892 338 31,1.
1226 230 1227 234 ¹
1394 279 1447 336 1111

140 448 205 514 que
223 454 237 483 «
262 424 380 490 abiens
396 422 496 504 dixit,
520 428 656 488 coetum
671 419 846 486 dimittens
875 449 890 481 u
912 422 1069 512 (Calua),
1093 448 1171 492 curn
1194 449 1254 494 eae
1277 428 1451 514 significa-

140 532 288 598 tionesa
312 553 391 596 voce
418 519 481 618 ‘jhu
505 528 636 595 alienae
660 526 737 592 sint.
767 526 935 594 Scribitur
963 552 1003 595 ea
1025 552 1088 597 vox
1112 534 1320 624 quandoque
1341 535 1453 624 specie
1523 565 1529 576 ·

140 647 236 705 tenus
251 639 357 703 otiose
375 637 432 725 (cf.
452 638 477 700 T
475 626 571 724 ost'),
590 656 679 702 novo
695 633 849 701 ordiente
862 635 1069 704 narrationis
1084 639 1208 728 eapite.
1226 642 1275 717 ef.
1294 646 1350 707 Ex.
1371 648 1424 722 2,l
1446 663 1452 708 :

139 745 201 810 ivit
219 748 252 810 61
271 744 402 833 accepit
416 763 573 822 uxorem3
591 742 635 806 cf.
653 740 735 806 item
755 745 835 807 Gen.
855 747 972 824 :ta-22.
991 746 1127 828 Verum,
1152 746 1180 812 si
1202 769 1235 829 v,
1260 754 1276 813 1
1299 747 1455 814 adstruas

140 849 355 917 introducere
381 871 508 917 novum
528 847 646 935 Moysis
664 868 875 928 sermonem,
904 853 979 916 tum
1005 853 1105 916 uerbo
1131 851 1214 918 haec
1240 857 1341 919 erunt
1367 853 1457 920 allo-

141 958 260 1046 quium
281 980 313 1024 v.
336 962 404 1039 1-6,
426 955 528 1022 nimis
549 976 712 1044 pompose
734 955 798 1020 hoc
821 953 926 1022 breve
946 954 1137 1045 alloquium
1164 958 1457 1026 demonstrabitur

143 1063 254 1130 verbis
272 1061 389 1129 omnia
401 1065 501 1128 cerba
516 1060 614 1145 hace,
633 1062 703 1128 fere
718 1059 945 1129 abundabunt
958 1063 1065 1129 verba
1084 1087 1117 1130 v.
1137 1070 1156 1129 ·2
1172 1077 1204 1131 61
1221 1064 1313 1132 discit
1327 1065 1376 1132 ud
1386 1088 1453 1148 ecc,

141 1162 287 1259 quorum
301 1169 377 1235 loeo
389 1169 501 1258 aptius
515 1166 731 1234 scribebatur
743 1155 828 1231 ansb
844 1167 900 1256 (cf.
914 1169 998 1258 Da).
1017 1170 1067 1235 Ob
1078 1193 1162 1259 quas
1176 1171 1324 1239 rationes
1336 1195 1455 1262 reapse

143 1275 367 1365 praeferenda
390 1274 525 1342 videtur
545 1274 647 1341 lectio
676 1274 768 1341 LXX
794 1283 966 1343 συνετέλεσε
998 1284 1118 1358 tzion,
1136 1266 1287 1344 661166
1307 1296 1371 1367 pro
1386 1266 1452 1368 'th

143 1398 238 1454 sair,
253 1382 330 1449 licet
346 1382 389 1449 ah
405 1404 446 1449 ea
462 1380 662 1449 dissentiant
673 1379 797 1471 reliqui
812 1402 940 1460 omnes
954 1382 1138 1473 etiamrlq.
1149 1386 1283 1473 Synna.
1301 1383 1425 1452 Theod.
1445 1408 1452 1450 :

143 1512 226 1577 ergo
242 1488 422 1579 complevit
434 1490 567 1577 Moyses
582 1487 680 1578 loqui
694 1486 811 1553 oninia
828 1490 927 1553 cerba
946 1487 1047 1573 hacc,
1069 1512 1117 1556 se.
1139 1513 1227 1579 quae
1245 1491 1456 1580 praecedunt

145 1597 281 1685 (Tusa),
303 1595 455 1686 proxime
469 1618 543 1685 cap.
566 1597 607 1662 29
628 1617 694 1683 sq,
719 1600 752 1661 et
771 1593 825 1660 his
839 1594 1019 1684 eompletis
1035 1595 1125 1663 (licit
1140 1597 1188 1663 nd
1200 1620 1267 1680 eus,
1288 1620 1376 1687 quae
1396 1600 1457 1663 ha-

98 1746 102 1755 =
143 1703 269 1770 bentur
287 1727 320 1769 r.
349 1709 416 1768 1-6.
445 1707 495 1769 Se.
524 1724 598 1791 cap.
623 1707 665 1767 29
689 1722 740 1790 sq.
763 1707 836 1767 erat
853 1699 961 1768 iustae
981 1702 1084 1769 molis
1107 1702 1236 1784 oratio,
1259 1726 1363 1794 quam
1379 1727 1455 1794 cap.

143 1816 279 1890 sal-13
310 1811 484 1898 excipiunt
512 1807 647 1874 minora
673 1807 856 1896 quaedam.
891 1808 1067 1876 Lectiones
1099 1809 1262 1877 differunt
1291 1811 1361 1877 lere
1385 1811 1458 1877 sola

142 1915 288 1983 duarum
304 1914 565 1982 consonantium
578 1912 861 2002 transpositione,
878 1919 911 1980 et
928 1914 1028 1981 lectio
1043 1920 1124 1983 Lxx
1138 1922 1248 1983 totum
1262 1923 1457 1983 contextum

144 2022 256 2088 reddit
270 2021 502 2112 perspicuum.
525 2022 573 2088 Cl.
592 2020 696 2087 Klost.
715 2044 749 2111 p.
774 2027 835 2091 131
858 2059 901 2069 -—
926 2049 941 2081 «
961 2021 1141 2088 allocutus
1159 2037 1208 2089 est
1226 2022 1343 2090 ercinia
1357 2025 1458 2089 verbo

144 2128 225 2194 haec
244 2128 293 2195 orl
315 2128 511 2195 ccriieersum
536 2126 677 2193 lsrael»
700 2129 737 2193 in
762 2149 802 2194 ea
828 2126 1009 2211 concione,
1033 2150 1138 2218 quam
1159 2135 1238 2210 193
1256 2130 1303 2218 (1)
1333 2134 1459 2217 Moyses

144 2257 345 2302 convocasse
361 2234 588 2302 referebatur.

189 2346 376 2409 Locutusne
400 2345 448 2408 est
477 2342 657 2407 incudem
683 2339 845 2407 concione
875 2363 926 2418 ea,
956 2363 1044 2428 quae
1072 2348 1209 2423 31,1-13
1241 2341 1458 2409 referuntur?

145 2453 263 2514 Textus
289 2448 324 2514 id
350 2471 418 2514 non
447 2447 579 2514 delinit.
605 2451 728 2514 Sensus
751 2447 779 2512 is
798 2453 866 2529 est,
891 2446 1049 2514 absoluta
1073 2448 1289 2515 solemnitate
1312 2448 1458 2514 restituti

144 2554 290 2620 foederis
304 2554 373 2620 alia
386 2553 558 2642 quaedam
571 2558 703 2640 Moysen
719 2553 872 2619 locutum
887 2575 957 2619 esse
973 2560 1005 2620 et
1018 2555 1143 2640 egisse3
1162 2554 1221 2620 sed
1235 2577 1305 2621 non
1318 2555 1454 2635 dicitur,

145 2660 308 2726 eademne
329 2661 493 2726 concione
513 2661 622 2746 egerit
642 2681 686 2725 an
706 2660 792 2740 alia,
810 2657 976 2725 eodemne
997 2659 1054 2725 die
1075 2683 1119 2726 an
1138 2661 1216 2726 alio.
1235 2659 1321 2727 Dixit
1340 2660 1458 2750 utique

145 2771 178 2832 61
202 2766 273 2852 egit
296 2765 330 2832 iu
355 2765 473 2855 aliqua
497 2765 673 2848 concione,
700 2787 777 2832 cum
801 2766 923 2832 thorae
952 2765 1092 2832 traditio
1118 2768 1235 2857 utique
1258 2771 1396 2856 peraeta
1418 2767 1460 2833 sit

145 2873 281 2962 publice
306 2877 339 2940 61
365 2873 573 2940 solemniter.
597 2876 711 2961 Neque
739 2871 825 2938 illud
853 2873 1058 2950 affirmatur,
1088 2874 1189 2940 unico
1220 2873 1276 2940 die
1301 2880 1335 2940 et
1358 2873 1461 2940 unica

144 2979 305 3046 concione
325 2985 401 3046 acta
425 3000 512 3060 esse,
531 3000 756 3068 quaecuuque
783 2977 1129 3058 31‚1-13hebentur.
1153 2984 1279 3045 Auctor
1306 2979 1387 3045 libri
1407 2979 1461 3044 bi-

144 3085 261 3176 partiti
279 3086 444 3153 adhaeret
462 3085 576 3152 ordini
602 3085 848 3173 chronologico
867 3091 1052 3153 eventuum
1077 3108 1083 3153 :
1104 3085 1194 3152 idem
1218 3086 1261 3152 de
1280 3092 1459 3152 narratore

145 3199 286 3277 :tar-13
307 3193 579 3260 demonstratum
599 3215 671 3259 non
691 3191 871 3259 habemus,
890 3198 1005 3282 Neque
1021 3193 1125 3282 plane
1145 3198 1288 3274 constat,
1306 3193 1383 3282 quis
1400 3193 1458 3260 ille

145 3307 304 3367 narrator
327 3302 380 3367 sit.
414 3305 504 3378 Quae
532 3299 740 3366 antecedunt
767 3299 935 3365 orationes
964 3300 1082 3387 utique
1111 3304 1189 3365 suut
1219 3302 1348 3385 Moysis.
1382 3299 1460 3376 Quis

145 3429 225 3471 vero
251 3378 426 3495 scripserit
457 3405 693 3471 narrationem
721 3410 861 3483 31,1-13
889 3409 920 3470 61
943 3426 1035 3481 eam,
1062 3427 1149 3492 (quae
1179 3412 1255 3492 post
1280 3406 1455 3492 29,*28(27l

146 3511 304 3578 excidisse
321 3511 467 3593 videtur,
489 3511 714 3576 solemnitatis
739 3509 1015 3599 descriptionem,
1045 3509 1210 3576 traditum
1230 3532 1300 3576 non
1325 3472 1457 3599 accepi:

148 3639 232 3683 mus.
251 3617 391 3706 Scripsit
409 3617 549 3682 fortasse
569 3617 679 3697 idem,
702 3614 761 3704 qui
784 3621 838 3696 5‚1
864 3619 898 3682 et
912 3616 1043 3704 anah)
1062 3616 1223 3682 historic'e
1246 3617 1362 3698 refert,
1381 3639 1460 3682 con.-

146 3723 259 3789 eioues
272 3747 292 3790 a
306 3729 413 3810 Moyse
428 3745 499 3790 esse
514 3728 658 3790 coactas.
679 3721 915 3798 Quaestionem
936 3723 992 3788 rix
1010 3721 1148 3791 dirimet
1164 3722 1358 3812 quisquam,
1382 3745 1459 3791 eum

146 3830 284 3896 tandem
300 3830 459 3918 pericope
476 3835 615 3911 31,1-13
631 3829 701 3915 fere
723 3833 793 3895 tota
813 3834 944 3895 constet
962 3829 1074 3894 verbis
1096 3852 1115 3895 a
1133 3834 1242 3917 Moyse
1260 3829 1461 3919 pronuntia·
1588 3892 1591 3897 .
1615 3796 1641 3841 ·.

145 3937 198 4002 tis
225 3937 284 4003 llle
309 3941 479 4018 narrator,
502 3935 655 4025 quisquis
682 3935 799 4017 fuerit,
822 3941 970 4002 extremo
991 3937 1142 4002 sermoni
1167 3959 1242 4025 cap.
1264 3943 1305 4002 30
1322 3958 1384 4025 pro
1400 3958 1463 4024 ap-

146 4042 288 4133 pendice
305 4041 430 4108 adiecit
449 4042 637 4132 quaedam,
656 4063 744 4131 quae
758 4041 940 4109 historiam
962 4043 1084 4108 thorae
1104 4048 1137 4108 et
1152 4041 1299 4109 restituti
1314 4041 1465 4108 loederis

147 4150 357 4240 compleant,
383 4149 489 4215 verba
512 4148 628 4237 Moysis
660 4147 896 4231 valedicteria,
918 4147 1049 4215 librum
1078 4149 1198 4214 thorae
1223 4147 1399 4215 conditum
1431 4156 1463 4215 et

148 4256 374 4323 reconditum.
400 4255 510 4324 Verba
533 4255 769 4336 valedictoria,
792 4255 882 4344 quod
909 4260 1068 4322 eventum
1093 4253 1277 4345 respiciant
1299 4254 1459 4337 eundem,

147 4386 249 4452 quem
272 4363 377 4431 tradit
398 4363 488 4430 liber
503 4361 687 4451 bipartitus
713 4385 745 4427 v.
774 4368 814 4429 lt
835 4384 886 4451 sq.
917 4368 972 4445 23,
999 4384 1119 4429 censeo
1143 4364 1366 4453 pronuntiata
1387 4385 1458 4428 csse

149 4470 267 4536 ultimo
282 4470 337 4537 die
356 4470 443 4537 vitae
461 4469 590 4558 Moysis.
614 4469 679 4536 Sed
696 4490 765 4535 non
783 4475 866 4557 puto
887 4468 1076 4536 necessario
1096 4491 1167 4537 esse
1183 4469 1454 4550 concedendum,

149 4598 217 4641 non
248 4583 325 4643 ante
350 4576 449 4644 illum
472 4576 565 4643 diem
595 4576 730 4642 theram
757 4575 919 4642 traditam
943 4598 1014 4644 esse
1040 4577 1164 4644 Levitis
1193 4585 1226 4642 61
1250 4575 1457 4655 senioribus,

148 4682 240 4770 quod
266 4706 431 4772 perquam
454 4683 631 4750 commode
650 4681 724 4749 fieri
743 4684 853 4772 potuit
875 4682 950 4773 ipsa
967 4690 1118 4750 extrema
1134 4683 1294 4749 concione
1311 4679 1457 4770 29,'·2(l)·
