3366 5346
241 297 259 353 6
793 306 1004 351 ruraouucmo.

242 443 333 531 517),
350 440 425 533 qui,
444 446 572 507 certam
592 439 710 528 utique
726 437 857 505 habens
872 438 1040 505 librorum
1057 442 1093 504 V.
1111 441 1145 504 Τ.
1164 437 1418 526 antiquitatem,
1436 465 1560 530 quaes-

239 550 381 629 tionem,
402 547 462 636 qui
474 547 538 613 viri
549 546 765 633 singulorum
778 545 946 613 librorum
962 551 1070 613 essent
1083 549 1251 626 auctores,
1269 567 1339 611 non
1356 550 1559 616 accensebat

242 653 499 746 quaestionibus
513 653 591 719 tidei
610 657 644 718 et
658 674 810 734 morum,
825 653 883 719 sed
904 652 946 720 de
964 652 1182 741 quaestione,
1198 650 1415 741 scripseritne
1433 659 1559 741 lloyses

241 762 369 828 librum
387 761 463 841 lob,
482 760 566 825 haee
586 757 690 824 habet
708 779 715 826 :
736 758 847 840 «Sed,
866 758 942 848 quis
961 758 1047 824 baec
1063 757 1252 847 scripserit,
1275 758 1375 825 valde
1394 782 1560 850 superva-

241 891 304 936 cue
324 866 511 957 quaeritur,
534 887 612 932 eum
627 869 743 930 tamen
763 869 883 930 auctor
896 864 977 930 libri
992 863 1138 953 Spiritus
1157 868 1299 931 Sanetus
1315 864 1464 933 fideliter
1483 890 1559 934 cre-

241 974 353 1041 datur.
378 977 451 1062 lpse
479 971 587 1058 igitur
614 971 700 1037 haee
717 970 865 1060 scripsit,
883 971 944 1060 qui
965 969 1150 1037 scribenda
1168 970 1321 1038 dictavit.
1346 976 1422 1060 lpse
1451 976 1559 1062 scrip-

240 1081 300 1165 sit,
319 1080 429 1169 quiet
452 1078 488 1144 in
506 1078 598 1144 illius
616 1099 718 1166 opere
738 1079 923 1165 inspirator
943 1076 1084 1157 exstitit,
1102 1082 1136 1143 et
1157 1099 1220 1166 per
1240 1079 1421 1145 scribentis
1440 1102 1558 1146 vocem

240 1185 410 1255 imitanda
440 1185 484 1251 ad
512 1206 575 1251 nos
605 1183 678 1250 eius
709 1184 799 1250 faeta
834 1182 1033 1250 transmisit.
1067 1184 1100 1249 Si
1135 1184 1253 1269 magni
1285 1185 1462 1251 cuiusdam
1495 1185 1559 1251 viri

242 1293 406 1382 susceptis
430 1290 584 1381 epistolis
607 1291 801 1377 legeremus
825 1290 949 1372 verba,
967 1288 1026 1356 sed
1048 1312 1115 1378 quo
1130 1289 1261 1357 calamo
1276 1289 1419 1359 fuissent
1432 1292 1557 1382 scripta

242 1420 500 1490 quaereremuS,
524 1397 711 1464 ridiculum
739 1397 893 1485 prolecto
917 1402 1003 1462 esset
1027 1395 1250 1484 epistolarum
1275 1403 1449 1464 erratorem
1474 1398 1558 1465 seire

242 1527 448 1594 sensumque
464 1526 686 1591 cognoscere,
708 1503 765 1569 sed
782 1503 878 1592 quali
892 1502 1024 1570 calamo
1040 1524 1159 1568 earnm
1179 1503 1290 1570 verba
1306 1505 1469 1594 impressa
1487 1507 1559 1572 lue·

243 1612 311 1678 rint
337 1611 517 1697 indagare.
545 1613 636 1709 Cum·
654 1631 738 1695 ergo
762 1631 833 1676 rem
862 1608 1116 1696 cognoscimus,
1144 1609 1287 1699 eiusque
1315 1609 1367 1676 rei
1394 1610 1559 1699 Spiritum

243 1722 402 1785 Sanctum
426 1722 597 1783 auctorem
614 1721 785 1795 tenemus,
805 1715 887 1804 quia
907 1715 1108 1804 scriptorem
1123 1715 1338 1804 quaerimus,
1357 1716 1441 1804 quid
1463 1717 1560 1783 aliud

243 1824 390 1911 agimus,
406 1823 470 1889 nisi
487 1823 640 1909 legentes
652 1822 768 1889 literas
780 1821 823 1888 de
836 1821 969 1888 calamo
984 1825 1246 1910 percontamur?
1263 1850 1279 1885 »
1294 1823 1343 1889 cf.
1362 1825 1387 1888 T
1386 1821 1556 1889 tenderet.

244 1929 412 1997 Praelatio
431 1929 467 1995 in
482 1928 633 1996 Psalmos
648 1930 696 1995 ll.
714 1934 853 2009 80,861.

288 2035 435 2123 Longius
445 2037 550 2102 etiam
563 2037 861 2129 progremusLop.
878 2034 928 2124 (in
944 2038 1038 2101 Pent.
1057 2034 1155 2123 Arg.)
1172 2055 1179 2102 :
1197 2061 1213 2098 a
1230 2034 1376 2103 adverte
1391 2063 1420 2115 o,
1435 2035 1557 2124 inquit,

245 2171 261 2205 α
279 2147 410 2230 Moysen
433 2142 699 2230 pentateuchum
723 2140 924 2229 simpliciter
945 2141 1186 2230 conscripsisse
1208 2163 1272 2231 per
1293 2141 1435 2208 modum
1458 2141 1561 2207 diarii

244 2248 299 2315 vel
318 2246 512 2326 annalium3
532 2251 650 2313 losuen
663 2253 778 2313 tamen
797 2246 852 2312 vel
869 2246 1021 2335 aliquem
1041 2246 1190 2313 similem
1212 2247 1349 2314 eosdem
1365 2249 1429 2315 bos
1443 2248 1560 2335 lloysis

245 2355 385 2422 annales
398 2356 433 2420 in
448 2352 605 2421 ordinem
619 2351 815 2438 digessisse,
833 2352 1023 2419 distinxisse
1040 2358 1073 2419 et
1092 2354 1277 2421 sententias
1296 2353 1479 2421 nonnullas
1498 2353 1561 2419 ad-

246 2460 370 2529 didisse
384 2467 418 2527 et
432 2458 615 2526 intexuisse
634 2480 669 2540 »3
687 2464 720 2525 et
733 2458 890 2524 Pererias
909 2461 944 2526 S.
958 2461 985 2525 I.
1005 2460 1208 2547 (Commeat.
1225 2461 1262 2527 in
1278 2462 1446 2540 Genesim,
1464 2459 1561 2526 Colo-

246 2567 325 2635 niae
346 2573 446 2647 laos,
459 2589 494 2655 p.
509 2566 544 2654 3)
562 2588 570 2634 ε
590 2592 606 2626 «
622 2564 734 2632 Placet
746 2565 849 2631 etiam
864 2564 950 2631 mihi
962 2587 1082 2633 eorum
1097 2567 1278 2646 sententia,
1295 2567 1355 2655 qui
1369 2565 1563 2632 existimant

245 2675 309 2742 hoc
333 2673 602 2764 pentateuchum
626 2672 730 2759 longo
749 2678 824 2761 post
847 2676 980 2760 lloysen
1007 2679 1177 2762 tempore,
1199 2673 1387 2740 interiectis
1407 2672 1524 2739 multif
1546 2710 1562 2722 ·

245 2781 332 2849 riam
343 2781 525 2847 verborum
539 2787 573 2846 et
585 2778 835 2846 sententiarum
847 2779 1007 2844 clausulis
1020 2779 1126 2845 veluti
1140 2780 1300 2845 sarcitum
1315 2787 1348 2845 et
1360 2779 1562 2868 explicatius

246 2887 418 2954 redditum
439 2892 472 2951 et
494 2885 538 2950 ad
561 2883 832 2950 continuandam
853 2883 1016 2949 historiae
1037 2883 1161 2949 seriem
1182 2883 1304 2951 melius
1326 2907 1397 2951 esse
1418 2885 1562 2975 disposi-

247 2998 319 3059 tum
335 3020 366 3059 ».
381 2995 471 3068 Quae
482 3012 544 3057 nos
557 2989 637 3056 ideo
649 2993 784 3055 tantum
797 2988 1036 3071 adscribimus,
1051 2994 1091 3056 ut
1103 2989 1287 3080 perspiciat
1299 2992 1417 3072 lector,
1432 2996 1564 3080 quanta

246 3098 359 3166 bisin
383 3094 678 3186 disquisitionibus
703 3094 949 3183 interpretibus
973 3094 1219 3164 concederetur
1246 3097 1388 3164 libertas
1419 3097 1563 3163 saeculis

247 3211 326 3272 ante
345 3202 488 3291 elapsiS,
508 3200 633 3291 quibus
647 3201 796 3268 rationes
817 3201 1044 3292 quorumdam
1069 3203 1170 3290 lloysi
1193 3203 1324 3270 auctori
1343 3203 1564 3290 denegando

247 3332 325 3378 rum
346 3309 514 3376 scirentur
535 3307 779 3397 imperfectius.
801 3312 874 3375 Non
894 3312 943 3375 est
964 3307 1085 3396 igitur,
1108 3330 1170 3376 cur
1187 3296 1370 3377 timeamus
1390 3315 1562 3377 tantorum

249 3417 494 3504 magistrorum
507 3414 651 3502 vestigia
667 3419 827 3481 terentes.

294 3528 325 3590 t.
341 3527 495 3589 Ceterum
514 3544 585 3588 non
605 3526 653 3588 est
666 3542 818 3600 neeesse,
834 3525 874 3587 ut
888 3520 953 3587 hac
968 3520 1006 3586 in
1022 3541 1059 3587 re
1078 3520 1315 3610 antiquiorum
1332 3522 1563 3611 quorumdam

248 3628 461 3696 coniecturas
476 3649 672 3717 sequamur,
692 3648 770 3692 eum
788 3625 888 3693 nobis
903 3627 977 3714 ipsa
991 3627 1161 3716 scriptura
1182 3626 1328 3694 indubia
1345 3627 1464 3717 aliqua
1484 3650 1563 3715 sup-

249 3740 344 3826 petat
362 3739 579 3821 argumenta.
602 3739 769 3799 Doeemur
782 3737 844 3799 los.
864 3738 966 3814 utus
986 3755 1036 3821 sq.
1060 3733 1168 3802 baec:
1190 3759 1207 3794 «
1229 3733 1396 3801 Percussit
1415 3739 1511 3801 losue
1528 3733 1563 3799 in

249 3841 306 3910 die
320 3841 379 3907 illo
391 3839 510 3907 foedus
525 3839 665 3929 populo,
680 3844 714 3905 et
724 3839 902 3929 proposuit
915 3838 947 3905 ei
961 3844 1127 3906 statutum
1142 3843 1175 3906 et
1188 3839 1352 3907 iudicium
1368 3842 1404 3905 in
1415 3839 1561 3920 Sichem,

250 3955 284 4015 et
304 3946 437 4036 scripsit
458 3951 554 4012 losuc
577 3945 684 4011 verba
707 3944 768 4011 illa
789 3946 825 4012 in
846 3944 934 4012 libro
952 3946 1072 4012 thorae
1091 3947 1149 4012 Dei
1170 3974 1200 4012 ».
1221 3951 1285 4012 Pro
1301 3950 1454 4011 extrema
1468 3965 1562 4024 voce,

256 4053 356 4141 Vulq.
380 4051 529 4130 Deretini,
553 4053 633 4140 Syr.
654 4053 794 4140 Moysis,
813 4053 905 4118 LXX
917 4050 1039 4118 falsam
1055 4051 1164 4119 secuti
1178 4050 1435 4141 punctationem
1453 4049 1565 4117 ebora-

249 4181 326 4227 cum
355 4158 429 4225 Dei.
461 4157 636 4226 Sententia
659 4164 707 4224 est
732 4157 837 4246 plane
860 4157 1040 4247 perspicua
1062 4179 1069 4225 :
1092 4163 1242 4225 extrema
1265 4159 1335 4224 vita
1358 4161 1453 4224 losuc
1475 4157 1565 4224 eele-

250 4265 364 4333 bravit
382 4266 419 4330 in
443 4265 577 4331 Sichem
599 4264 786 4330 solemnem
803 4265 1056 4331 renovationem
1078 4265 1225 4331 foederis
1244 4264 1411 4355 populum
1426 4264 1518 4330 inter
1532 4271 1566 4330 et

251 4374 389 4453 lahven,
417 4370 477 4436 ubi
496 4371 599 4437 etiam
620 4369 791 4459 quaedam
810 4390 831 4434 a
849 4392 883 4436 se
898 4370 988 4437 edita
1001 4370 1177 4460 inscripsit
1191 4370 1281 4437 libro
1297 4371 1417 4438 thorae
1434 4369 1561 4457 Moysis.

296 4478 403 4545 llabes
422 4476 519 4543 aliud
537 4477 697 4543 factuml
720 4479 805 4562 Reg.
822 4482 922 4557 1025
939 4499 945 4543 :
965 4505 980 4538 a
1000 4482 1140 4544 Locutus
1155 4483 1207 4544 est
1227 4478 1364 4545 Samuel
1385 4477 1429 4544 ad
1455 4499 1566 4566 popu-

250 4588 323 4653 lum
336 4583 504 4653 iudicium
519 4581 630 4669 regni,
646 4588 678 4648 et
690 4582 824 4672 scripsit
837 4583 873 4649 in
888 4583 990 4665 libro,
1004 4589 1036 4650 et
1050 4585 1198 4673 reposuit
1210 4606 1326 4651 coram
1342 4585 1444 4650 lahve
1460 4611 1489 4647 ».
1505 4581 1566 4648 Cui

250 4692 328 4760 voci
356 4689 443 4757 libro
465 4688 732 4757 determinatum
757 4689 939 4756 articulum
958 4690 1183 4778 punctatione
1202 4689 1395 4757 attribuunt
1417 4692 1563 4767 Mesor.;
