3366 5346
687 320 776 364 naur.
800 305 872 372 111
894 322 960 374 000.
1424 313 1481 371 iti

169 460 218 545 est
236 458 379 520 naturae
401 452 515 518 cultus
539 450 683 540 publici,
701 454 760 542 qui
782 457 972 522 necessario
997 462 1155 523 externus
1175 462 1225 523 est
1246 464 1279 523 et
1299 461 1478 529 sensibilis.

213 584 245 627 v.
263 567 303 627 m
322 588 336 621 «
352 562 566 647 Locutasquc
581 570 629 625 est
646 560 813 627 Dominus
825 562 873 628 ml
886 585 943 629 vos
959 562 1000 653 ele
1015 562 1127 629 medio
1145 563 1247 652 ignis.
1275 566 1391 632 Vocem
1409 590 1481 633 rer-

169 668 288 733 lrorum
309 666 381 732 cius
401 665 547 732 audistis
566 677 599 731 et
614 666 766 752 foratam
788 668 949 756 [penitus]
970 692 1038 736 non
1060 669 1194 736 vidistis
1218 699 1248 750 0,
1265 670 1326 736 secl
1349 684 1482 739 teritum

167 794 291 839 vocem.
312 772 442 839 Clarius
459 772 542 838 haec
562 772 757 839 referuntur
777 780 870 842 tieut.
890 783 922 856 5,
940 776 1065 842 clarius
1083 777 1176 857 item,
1195 777 1273 843 licet
1292 784 1402 846 textus
1419 781 1482 847 ha-

167 880 289 945 beatur
302 884 488 955 truncatus,
507 884 564 945 Ex.
585 887 625 945 19
641 901 691 968 sq.
713 903 747 946 v.
766 888 806 947 13
831 908 847 941 a
871 884 916 947 Et
932 881 1079 947 ostendit
1092 885 1182 947 vobis
1201 896 1345 971 paetum
1366 908 1480 968 mmm,

166 983 444 1074 quodpraecepit
464 999 501 1050 nt
516 986 685 1073 faceretis,
705 988 763 1073 [et]
780 985 893 1053 elecem
915 988 1027 1069 cerlo,
1044 1008 1132 1077 quae
1145 989 1280 1077 scripsit
1296 990 1331 1054 iu
1351 990 1482 1057 derebus

167 1090 291 1157 1010110
316 1090 464 1180 lapideis
488 1119 517 1158 0.
536 1097 609 1158 Non
636 1098 735 1159 erant
760 1093 845 1159 haec
873 1099 982 1161 tolum
1007 1108 1148 1183 pomum
1171 1095 1366 1185 omniaque,
1392 1119 1481 1185 quae

165 1197 323 1264 iacienda
337 1198 566 1286 praecepisset
586 1204 683 1277 Deus,
706 1201 765 1266 sed
785 1206 883 1267 erant
903 1200 1059 1267 divinum
1079 1202 1169 1290 pacti
1185 1201 1430 1287 testimouium,
1449 1197 1482 1271 et

167 1306 286 1394 utique
312 1302 536 1371 continebant
558 1304 785 1391 obligationes
805 1307 1037 1392 gravissimas
1058 1313 1102 1373 De
1129 1330 1273 1374 numero
1298 1308 1412 1376 elecem
1436 1311 1478 1377 el.

167 1416 239 1476 cui
254 1434 287 1500 p.
308 1417 369 1476 19¹1
386 1433 436 1500 sq.
452 1434 484 1476 v.
509 1417 554 1478 rt·
569 1440 585 1471 «
600 1411 754 1502 Mihique
766 1412 946 1481 mondavit
963 1414 1001 1480 in
1020 1413 1081 1480 illo
1099 1427 1259 1504 tempore,
1273 1428 1310 1481 ut
1326 1415 1480 1484 docerem

169 1539 224 1583 cos
244 1516 453 1583 ceremonias
472 1530 504 1582 et
525 1516 669 1601 irulicin,
691 1541 779 1608 ptine
799 1522 914 1608 facere
931 1519 1095 1586 deberetis
1110 1521 1148 1586 iu
1163 1533 1265 1604 terra,
1284 1544 1482 1609 00001000-

167 1624 291 1689 sessuri
308 1623 386 1689 estis
410 1645 443 1703 »3
463 1645 533 1689 nou
551 1623 588 1689 in
607 1648 648 1691 ca
666 1626 790 1708 solum,
807 1627 866 1693 sed
887 1627 924 1692 in
942 1648 980 1693 ca
1000 1628 1215 1715 potissimum
1230 1628 1286 1715 (01.
1305 1627 1350 1694 ad
1368 1652 1398 1693 v.
1417 1629 1451 1716 5)
1471 1648 1479 1694 τ

166 1729 219 1795 lex
237 1731 366 1818 quippe
387 1729 536 1796 dabatur
555 1730 765 1820 potissimum
789 1755 853 1822 pro
870 1734 1020 1823 perlecta
1040 1733 1270 1800 Hebraeorum
1292 1733 1480 1824 republica,

166 1857 253 1923 quae
268 1834 427 1921 exigebat
441 1842 551 1902 terrae
567 1838 750 1925 promissae
767 1839 1012 1928 possessionem
1024 1844 1057 1904 et
1071 1838 1287 1905 divisionem.
1301 1840 1363 1905 llla
1379 1862 1482 1929 porro

166 1952 297 2007 statuto
313 1954 344 2006 et
361 1940 490 2007 iudicio
510 1966 579 2009 non
593 1950 671 2010 sunt
685 1944 758 2010 sola
782 1945 900 2011 decem
920 1945 1035 2025 verba,
1054 1944 1114 2011 sed
1138 1945 1258 2011 eadem
1274 1968 1362 2033 (puae
1387 1969 1418 2012 v.
1450 1954 1479 2011 1.

168 2054 236 2127 5.8‚
249 2047 343 2133 leges
357 2069 474 2114 omnes
488 2049 578 2115 latae
593 2050 734 2116 nomine
748 2052 863 2117 lahvc.
881 2057 1005 2138 Moyses
1025 2073 1106 2116 vero
1126 2049 1271 2118 docendi
1286 2051 1397 2117 oliicio
1412 2074 1481 2117 non

166 2177 207 2220 eo
232 2154 342 2220 solum
362 2155 497 2220 functus
514 2162 575 2235 cst,
597 2156 690 2243 quod
713 2156 792 2223 illas
818 2158 910 2242 leges
931 2158 1035 2223 semel
1063 2157 1318 2246 promulgavit,
1336 2157 1393 2224 sed
1419 2180 1482 2246 per

167 2259 242 2325 illos
258 2267 299 2327 to
319 2281 428 2326 annos
445 2260 579 2327 easdem
594 2263 718 2327 iterum
734 2269 836 2351 utque
849 2265 971 2328 iterum
986 2263 1183 2330 inculcavit.

201 2448 261 2525 bez
282 2481 317 2516 cx
336 2472 428 2530 ctyiuo
452 2467 566 2530 (tu‚t.3;
584 2469 634 2517 Ex.
658 2468 761 2530 atam
780 2469 793 2519 3
810 2471 880 2532 ltcg.
898 2466 1030 2536 i,18[3·t];
1049 2470 1119 2520 llab.
1139 2470 1213 2535 zia)
1230 2470 1267 2529 id,
1288 2469 1480 2534 0001000101-

168 2564 221 2616 tur,
238 2561 265 2606 et
284 2555 396 2619 quidem
416 2569 432 2607 o
451 2556 544 2619 lapide
562 2557 608 2606 rel
628 2557 706 2620 ligno
727 2556 770 2623 (01.
791 2561 876 2608 ctiam
897 2560 934 2608 10.
958 2558 1307 2625 -to‚‘io;tt,15.1r;ts‚to);
1325 2559 1374 2609 scd
1394 2560 1479 2609 ctiam

167 2646 262 2706 imago
280 2657 296 2693 e
314 2645 429 2695 metallo
443 2644 506 2708 1000
526 2645 574 2707 (Is.
597 2645 784 2707 tutantur
802 2646 856 2696 Icr.
878 2646 967 2706 10.11;
985 2644 1091 2708 51,17);
1111 2659 1179 2709 ergo
1194 2649 1350 2710 generatim
1364 2646 1479 2695 0100110-

168 2746 250 2782 crum.
266 2759 302 2769 -
315 2713 381 2789 bno
395 2732 498 2782 idolum
514 2734 562 2783 Er.
584 2733 670 2793 8,3.5;
686 2735 701 2784 t
720 2735 783 2784 Par.
804 2735 876 2795 333.
894 2735 1019 2785 Eandem
1038 2747 1137 2785 vocem
1153 2734 1359 2797 significatione
1378 2741 1478 2793 statua,

168 2815 266 2886 ἀνδριάς
281 2820 421 2873 habebant
437 2822 583 2873 Phoenices
603 2825 630 2873 et
646 2821 739 2886 Cyprii
756 2822 875 2886 (Corpus
891 2825 977 2874 inser.
995 2826 1087 2873 serait.
1106 2823 1117 2872 I
1132 2837 1159 2887 p.
1178 2822 1478 2889 tonttoamaiio).

211 3026 243 3070 v.
270 3010 311 3072 15
332 3032 348 3067 0
372 3004 546 3072 Custoditc
572 3006 681 3095 iqitur
701 3006 848 3072 sollicite
869 3007 1005 3073 artimus
1026 3019 1152 3073 cestros
1169 3036 1199 3073 0.
1218 3006 1370 3073 ludicala
1386 3027 1419 3071 ν.
1439 3010 1480 3071 ta

167 3110 279 3177 obiter
300 3112 357 3178 Dei
386 3112 603 3201 apparitione
630 3113 798 3202 amorpha
829 3113 970 3201 eiusque
999 3113 1178 3203 descriptis
1202 3111 1477 3189 circumstantiis,

167 3239 199 3283 v.
231 3225 270 3284 15
290 3217 439 3306 primum
463 3220 606 3308 repetita
623 3219 865 3286 adhortatione
888 3243 918 3285 v.
938 3227 957 3285 ‘t
977 3248 992 3279 0
1009 3219 1148 3286 Custodi
1165 3226 1228 3285 etc.
1250 3247 1285 3300 0,
1303 3218 1400 3284 illam
1421 3240 1480 3306 ap·

167 3323 373 3411 paritionem
390 3325 594 3414 amorpham
614 3326 818 3413 profundius
833 3326 1026 3391 rimandam
1042 3325 1259 3412 aggreditur,
1277 3348 1295 3389 e
1314 3324 1480 3390 10010010-

167 3430 282 3497 rivans
301 3433 486 3517 practicam
506 3432 775 3499 conclusionem.
797 3438 849 3498 Sc.
866 3433 925 3520 qui
945 3431 1093 3497 custodit
1107 3432 1261 3497 ‹trtinmm
1276 3453 1385 3513 sittim,
1411 3452 1478 3495 nou

169 3536 278 3601 solum
294 3536 409 3603 divina
425 3538 514 3605 lacta
529 3538 624 3604 nuda
638 3539 760 3605 retinet
774 3538 808 3604 in
825 3538 1002 3617 memoria,
1023 3536 1199 3603 sedetiam
1215 3536 1382 3625 practicus
1402 3536 1480 3601 con-

169 3641 339 3708 clusiones
355 3645 525 3733 perspicit,
544 3667 632 3734 quac
647 3645 684 3711 in
699 3644 767 3711 illis
782 3644 932 3711 inclusae
951 3645 1068 3711 latent.
1086 3642 1223 3709 Etenim
1239 3670 1254 3703 «
1268 3665 1338 3708 non
1350 3641 1480 3709 vidistis

168 3747 325 3835 aliquam
345 3749 609 3817 similitudinem
627 3751 664 3817 in
679 3751 747 3834 (110,
763 3774 832 3840 pree
848 3751 979 3817 locutus
999 3763 1046 3816 est
1062 3748 1155 3817 uobis
1170 3751 1335 3816 llonn'nus
1351 3750 1386 3815 in
1408 3752 1478 3814 llo-

168 3856 224 3921 relt
240 3854 281 3920 cle
299 3855 409 3920 medio
425 3832 517 3943 ipnis
534 3889 564 3937 0,
581 3859 623 3924 ad
642 3880 719 3924 eum
738 3858 842 3923 linem
857 3880 888 3923 v.
914 3864 966 3936 iti,
985 3885 1000 3920 «
1021 3879 1063 3922 ne
1079 3858 1172 3945 sorte
1192 3856 1325 3946 decepti
1336 3855 1480 3941 sociatis

168 3962 260 4027 cobis
273 3961 445 4051 sculptam
461 3962 725 4030 sinulitudiucm
743 3964 827 4051 litut]
847 3964 1035 4051 imopinem
1052 3963 1198 4029 masculi
1211 3963 1266 4027 cel
1280 3961 1432 4045 semiuoe
1448 3990 1477 4041 0,

167 4092 201 4135 v.
223 4076 262 4135 17
282 4096 298 4129 u
315 4068 579 4135 similitudinem
595 4072 751 4136 ortuuum
769 4071 1010 4150 iniuratorum,
1025 4082 1207 4160 quaesunt
1225 4092 1327 4158 mper
1341 4080 1477 4151 terrem,

166 4175 220 4242 uel
237 4175 530 4242 »similitudinem
549 4207 564 4237 «
582 4177 697 4243 neiron
713 4179 774 4242 setb
789 4178 871 4243 coelo
886 4176 1078 4244 volentium
1092 4205 1121 4257 »,
1139 4199 1172 4243 v.
1192 4183 1263 4243 18«
1280 4188 1387 4265 atque
1400 4204 1414 4237 0
1432 4176 1482 4241 01-

163 4282 399 4350 militudinem
413 4311 429 4345 u
444 4283 631 4373 reptilium,
645 4306 733 4371 qrtoe
744 4297 924 4350 morentur
937 4284 973 4350 in
985 4297 1087 4363 terro,
1103 4284 1173 4349 0100
1186 4314 1201 4343 0
1214 4282 1479 4349 similitudinem

169 4417 184 4450 «
205 4389 447 4480 pisciumque·
466 4392 526 4456 sub
547 4404 636 4456 terro
651 4404 830 4457 morentur
850 4391 888 4457 in
906 4391 1005 4480 operis
1031 4418 1061 4455 ».
1086 4395 1168 4457 Cum
1189 4412 1221 4457 ν.
1249 4397 1287 4456 1“1
1308 4413 1358 4478 sq.
1379 4404 1476 4452 narrt

168 4495 326 4583 designet
342 4498 671 4584 repraesentationes
687 4519 745 4566 seu
764 4496 1004 4565 similitudines
1023 4496 1236 4578 animalium,
1257 4519 1340 4581 ergo
1357 4494 1479 4559 eadem

167 4624 232 4667 vox
243 4624 275 4668 v.
294 4610 335 4669 16
349 4602 508 4688 designat
521 4605 848 4692 repraesentationes
860 4603 1018 4689 leontinis,
1032 4605 1101 4669 sive
1116 4603 1222 4669 maris
1233 4603 1301 4667 sive
1317 4600 1475 4665 feminae.

168 4712 259 4784 Quae
282 4710 493 4798 praecedunt
521 4713 753 4799 expressiones
774 4711 958 4778 simulacra
981 4710 1172 4797 10000001110
1195 4702 1479 4772 (1000010001εεί-
