<?xml version="1.0" encoding="UTF-8"?>
<!DOCTYPE html PUBLIC "-//W3C//DTD XHTML 1.0 Transitional//EN"
    "http://www.w3.org/TR/xhtml1/DTD/xhtml1-transitional.dtd">
<html xmlns="http://www.w3.org/1999/xhtml" xml:lang="en" lang="en">
 <head>
  <title>
</title>
<meta http-equiv="Content-Type" content="text/html;charset=utf-8" />
  <meta name='ocr-system' content='tesseract 3.04.00' />
  <meta name='ocr-capabilities' content='ocr_page ocr_carea ocr_par ocr_line ocrx_word'/>
</head>
<body>
  <div class='ocr_page' id='page_1' title='image "./commentariusind00hummgoog/commentariusind00hummgoog_0107.png"; bbox 0 0 3366 5346; ppageno 0'>
   <div class='ocr_carea' id='block_1_1' title="bbox 233 278 997 337">
    <p class='ocr_par' dir='ltr' id='par_1_1' title="bbox 233 278 997 337">
     <span class='ocr_line' id='line_1_1' title="bbox 233 278 997 337; baseline -0.005 -1"><span class='ocrx_word' id='word_1_1' title='bbox 233 278 272 336; x_wconf 83' lang='grc'><strong>90</strong></span> <span class='ocrx_word' id='word_1_2' title='bbox 789 291 997 337; x_wconf 81' lang='lat' dir='ltr'><strong>rnraooucrro.</strong></span> 
     </span>
    </p>
   </div>
   <div class='ocr_carea' id='block_1_2' title="bbox 227 421 1554 4770">
    <p class='ocr_par' dir='ltr' id='par_1_2' title="bbox 228 421 1554 1042">
     <span class='ocr_line' id='line_1_2' title="bbox 230 421 1554 514; baseline -0.002 -23"><span class='ocrx_word' id='word_1_3' title='bbox 230 426 301 507; x_wconf 87' lang='lat' dir='ltr'><strong>bat,</strong></span> <span class='ocrx_word' id='word_1_4' title='bbox 321 425 434 512; x_wconf 87' lang='lat' dir='ltr'><strong>legem</strong></span> <span class='ocrx_word' id='word_1_5' title='bbox 456 426 490 491; x_wconf 91' lang='lat' dir='ltr'><strong>hi</strong></span> <span class='ocrx_word' id='word_1_6' title='bbox 511 447 640 509; x_wconf 91' lang='lat' dir='ltr'><strong>omnes,</strong></span> <span class='ocrx_word' id='word_1_7' title='bbox 661 426 721 514; x_wconf 94' lang='lat' dir='ltr'><strong>qui</strong></span> <span class='ocrx_word' id='word_1_8' title='bbox 741 448 761 492; x_wconf 93' lang='lat' dir='ltr'><strong>a</strong></span> <span class='ocrx_word' id='word_1_9' title='bbox 780 427 883 492; x_wconf 88' lang='lat' dir='ltr'><strong>lahve</strong></span> <span class='ocrx_word' id='word_1_10' title='bbox 902 429 935 490; x_wconf 93' lang='lat' dir='ltr'><strong>et</strong></span> <span class='ocrx_word' id='word_1_11' title='bbox 954 429 1063 512; x_wconf 81' lang='lat' dir='ltr'>Moyse</span> <span class='ocrx_word' id='word_1_12' title='bbox 1081 423 1296 505; x_wconf 79' lang='lat' dir='ltr'>defecerant,</span> <span class='ocrx_word' id='word_1_13' title='bbox 1319 427 1417 489; x_wconf 90' lang='lat' dir='ltr'><strong>erant</strong></span> <span class='ocrx_word' id='word_1_14' title='bbox 1434 421 1554 490; x_wconf 79' lang='lat' dir='ltr'><strong>ciuili-</strong></span> 
     </span>
     <span class='ocr_line' id='line_1_3' title="bbox 231 528 1553 620; baseline 0.001 -24"><span class='ocrx_word' id='word_1_15' title='bbox 231 544 281 597; x_wconf 81' lang='lat' dir='ltr'><strong>ter</strong></span> <span class='ocrx_word' id='word_1_16' title='bbox 306 532 444 598; x_wconf 81' lang='lat' dir='ltr'><strong>mortui.</strong></span> <span class='ocrx_word' id='word_1_17' title='bbox 472 537 578 598; x_wconf 87' lang='lat' dir='ltr'><strong>Carne</strong></span> <span class='ocrx_word' id='word_1_18' title='bbox 602 537 700 598; x_wconf 88' lang='lat' dir='ltr'><strong>erant</strong></span> <span class='ocrx_word' id='word_1_19' title='bbox 725 532 788 597; x_wconf 89' lang='lat' dir='ltr'><strong>filii</strong></span> <span class='ocrx_word' id='word_1_20' title='bbox 815 531 989 610; x_wconf 76' lang='lat' dir='ltr'><strong>Abrahae,</strong></span> <span class='ocrx_word' id='word_1_21' title='bbox 1014 553 1085 597; x_wconf 93' lang='lat' dir='ltr'><strong>non</strong></span> <span class='ocrx_word' id='word_1_22' title='bbox 1109 529 1246 620; x_wconf 80' lang='lat' dir='ltr'><strong>spiritu3</strong></span> <span class='ocrx_word' id='word_1_23' title='bbox 1278 550 1348 594; x_wconf 93' lang='lat' dir='ltr'><strong>non</strong></span> <span class='ocrx_word' id='word_1_24' title='bbox 1371 528 1553 597; x_wconf 89' lang='lat' dir='ltr'><strong>habebant</strong></span> 
     </span>
     <span class='ocr_line' id='line_1_4' title="bbox 231 636 1551 727; baseline -0.001 -23"><span class='ocrx_word' id='word_1_25' title='bbox 231 644 365 726; x_wconf 90' lang='lat' dir='ltr'><strong>partem</strong></span> <span class='ocrx_word' id='word_1_26' title='bbox 377 638 506 705; x_wconf 83' lang='lat' dir='ltr'><strong>iunium</strong></span> <span class='ocrx_word' id='word_1_27' title='bbox 520 661 631 727; x_wconf 92' lang='lat' dir='ltr'><strong>neque</strong></span> <span class='ocrx_word' id='word_1_28' title='bbox 644 638 905 727; x_wconf 73' lang='lat' dir='ltr'>promissionum</span> <span class='ocrx_word' id='word_1_29' title='bbox 924 637 1068 717; x_wconf 78' lang='lat' dir='ltr'>Israelis,</span> <span class='ocrx_word' id='word_1_30' title='bbox 1085 637 1122 703; x_wconf 91' lang='lat' dir='ltr'><strong>in</strong></span> <span class='ocrx_word' id='word_1_31' title='bbox 1134 636 1410 702; x_wconf 83' lang='lat' dir='ltr'><strong>communionem</strong></span> <span class='ocrx_word' id='word_1_32' title='bbox 1425 636 1551 703; x_wconf 87' lang='lat' dir='ltr'><strong>harum</strong></span> 
     </span>
     <span class='ocr_line' id='line_1_5' title="bbox 230 742 1550 834; baseline 0 -25"><span class='ocrx_word' id='word_1_33' title='bbox 230 766 358 825; x_wconf 88' lang='lat' dir='ltr'><strong>rerum,</strong></span> <span class='ocrx_word' id='word_1_34' title='bbox 380 745 408 810; x_wconf 93' lang='lat' dir='ltr'><strong>si</strong></span> <span class='ocrx_word' id='word_1_35' title='bbox 428 767 490 834; x_wconf 93' lang='lat' dir='ltr'><strong>per</strong></span> <span class='ocrx_word' id='word_1_36' title='bbox 512 745 637 811; x_wconf 91' lang='lat' dir='ltr'><strong>lahven</strong></span> <span class='ocrx_word' id='word_1_37' title='bbox 654 745 843 834; x_wconf 92' lang='lat' dir='ltr'><strong>aliquando</strong></span> <span class='ocrx_word' id='word_1_38' title='bbox 860 745 990 826; x_wconf 89' lang='lat' dir='ltr'><strong>liceret,</strong></span> <span class='ocrx_word' id='word_1_39' title='bbox 1008 743 1197 833; x_wconf 88' lang='lat' dir='ltr'><strong>recipiendi</strong></span> <span class='ocrx_word' id='word_1_40' title='bbox 1212 742 1282 808; x_wconf 86' lang='lat' dir='ltr'><strong>lere</strong></span> <span class='ocrx_word' id='word_1_41' title='bbox 1297 743 1550 831; x_wconf 81' lang='lat' dir='ltr'><strong>proselytarum</strong></span> 
     </span>
     <span class='ocr_line' id='line_1_6' title="bbox 228 848 1551 937; baseline 0.001 -23"><span class='ocrx_word' id='word_1_42' title='bbox 228 850 309 930; x_wconf 91' lang='lat' dir='ltr'><strong>ritu,</strong></span> <span class='ocrx_word' id='word_1_43' title='bbox 327 873 396 916; x_wconf 93' lang='lat' dir='ltr'><strong>non</strong></span> <span class='ocrx_word' id='word_1_44' title='bbox 409 852 452 917; x_wconf 90' lang='lat' dir='ltr'><strong>ob</strong></span> <span class='ocrx_word' id='word_1_45' title='bbox 465 851 634 937; x_wconf 82' lang='lat' dir='ltr'><strong>originem</strong></span> <span class='ocrx_word' id='word_1_46' title='bbox 644 874 683 918; x_wconf 86' lang='lat' dir='ltr'><strong>ex</strong></span> <span class='ocrx_word' id='word_1_47' title='bbox 694 851 867 918; x_wconf 75' lang='lat' dir='ltr'><strong>Abraham</strong></span> <span class='ocrx_word' id='word_1_48' title='bbox 883 850 1085 931; x_wconf 77' lang='lat' dir='ltr'><strong>derivatam,</strong></span> <span class='ocrx_word' id='word_1_49' title='bbox 1101 849 1161 916; x_wconf 93' lang='lat' dir='ltr'><strong>sed</strong></span> <span class='ocrx_word' id='word_1_50' title='bbox 1174 849 1217 915; x_wconf 91' lang='lat' dir='ltr'><strong>ob</strong></span> <span class='ocrx_word' id='word_1_51' title='bbox 1229 848 1410 915; x_wconf 89' lang='lat' dir='ltr'><strong>liberalem</strong></span> <span class='ocrx_word' id='word_1_52' title='bbox 1426 850 1551 917; x_wconf 88' lang='lat' dir='ltr'><strong>lahvae</strong></span> 
     </span>
     <span class='ocr_line' id='line_1_7' title="bbox 228 956 490 1042; baseline 0.011 -21"><span class='ocrx_word' id='word_1_53' title='bbox 228 956 490 1042; x_wconf 83' lang='lat' dir='ltr'><strong>indulgentiam.</strong></span> 
     </span>
    </p>

    <p class='ocr_par' dir='ltr' id='par_1_3' title="bbox 227 1062 1551 4770">
     <span class='ocr_line' id='line_1_8' title="bbox 272 1062 1547 1154; baseline 0 -26"><span class='ocrx_word' id='word_1_54' title='bbox 272 1068 346 1129; x_wconf 88' lang='lat' dir='ltr'><strong>Non</strong></span> <span class='ocrx_word' id='word_1_55' title='bbox 358 1070 493 1153; x_wconf 86' lang='lat' dir='ltr'><strong>poterat</strong></span> <span class='ocrx_word' id='word_1_56' title='bbox 505 1068 621 1130; x_wconf 86' lang='lat' dir='ltr'><strong>tamen</strong></span> <span class='ocrx_word' id='word_1_57' title='bbox 633 1063 743 1130; x_wconf 91' lang='lat' dir='ltr'><strong>maior</strong></span> <span class='ocrx_word' id='word_1_58' title='bbox 756 1064 879 1154; x_wconf 92' lang='lat' dir='ltr'><strong>populi</strong></span> <span class='ocrx_word' id='word_1_59' title='bbox 892 1087 972 1153; x_wconf 88' lang='lat' dir='ltr'><strong>pars</strong></span> <span class='ocrx_word' id='word_1_60' title='bbox 987 1063 1124 1130; x_wconf 87' lang='lat' dir='ltr'><strong>foedere</strong></span> <span class='ocrx_word' id='word_1_61' title='bbox 1138 1066 1381 1151; x_wconf 84' lang='lat' dir='ltr'><strong>permanenter</strong></span> <span class='ocrx_word' id='word_1_62' title='bbox 1395 1062 1547 1141; x_wconf 90' lang='lat' dir='ltr'><strong>excludi;</strong></span> 
     </span>
     <span class='ocr_line' id='line_1_9' title="bbox 228 1168 1550 1259; baseline 0 -25"><span class='ocrx_word' id='word_1_63' title='bbox 228 1170 407 1258; x_wconf 84' lang='lat' dir='ltr'><strong>oportebat</strong></span> <span class='ocrx_word' id='word_1_64' title='bbox 428 1169 622 1236; x_wconf 86' lang='lat' dir='ltr'><strong>conservari</strong></span> <span class='ocrx_word' id='word_1_65' title='bbox 643 1171 768 1251; x_wconf 86' lang='lat' dir='ltr'><strong>tribus,</strong></span> <span class='ocrx_word' id='word_1_66' title='bbox 793 1171 920 1259; x_wconf 90' lang='lat' dir='ltr'><strong>quibus</strong></span> <span class='ocrx_word' id='word_1_67' title='bbox 945 1170 1091 1257; x_wconf 91' lang='lat' dir='ltr'><strong>singulis</strong></span> <span class='ocrx_word' id='word_1_68' title='bbox 1116 1168 1340 1235; x_wconf 79' lang='lat' dir='ltr'><strong>benedixerat</strong></span> <span class='ocrx_word' id='word_1_69' title='bbox 1367 1168 1466 1235; x_wconf 89' lang='lat' dir='ltr'><strong>laceb</strong></span> <span class='ocrx_word' id='word_1_70' title='bbox 1486 1191 1550 1257; x_wconf 88' lang='lat' dir='ltr'><strong>pa-</strong></span> 
     </span>
     <span class='ocr_line' id='line_1_10' title="bbox 227 1274 1550 1364; baseline -0.001 -23"><span class='ocrx_word' id='word_1_71' title='bbox 227 1275 390 1342; x_wconf 81' lang='lat' dir='ltr'><strong>triarcha.</strong></span> <span class='ocrx_word' id='word_1_72' title='bbox 404 1281 475 1342; x_wconf 91' lang='lat' dir='ltr'><strong>lam</strong></span> <span class='ocrx_word' id='word_1_73' title='bbox 489 1282 590 1343; x_wconf 88' lang='lat' dir='ltr'><strong>antea</strong></span> <span class='ocrx_word' id='word_1_74' title='bbox 605 1278 739 1345; x_wconf 90' lang='lat' dir='ltr'><strong>locutus</strong></span> <span class='ocrx_word' id='word_1_75' title='bbox 754 1282 828 1343; x_wconf 88' lang='lat' dir='ltr'><strong>erat</strong></span> <span class='ocrx_word' id='word_1_76' title='bbox 844 1276 945 1343; x_wconf 91' lang='lat' dir='ltr'><strong>lahve</strong></span> <span class='ocrx_word' id='word_1_77' title='bbox 963 1276 1008 1343; x_wconf 91' lang='lat' dir='ltr'><strong>ad</strong></span> <span class='ocrx_word' id='word_1_78' title='bbox 1027 1280 1156 1362; x_wconf 82' lang='lat' dir='ltr'><strong>Moysen</strong></span> <span class='ocrx_word' id='word_1_79' title='bbox 1176 1281 1230 1342; x_wconf 85' lang='lat' dir='ltr'><strong>Ex.</strong></span> <span class='ocrx_word' id='word_1_80' title='bbox 1246 1281 1347 1354; x_wconf 76' lang='lat'><strong>32,10</strong></span> <span class='ocrx_word' id='word_1_81' title='bbox 1358 1280 1435 1364; x_wconf 90' lang='lat' dir='ltr'><strong>post</strong></span> <span class='ocrx_word' id='word_1_82' title='bbox 1449 1274 1550 1341; x_wconf 89' lang='lat' dir='ltr'><strong>vituli</strong></span> 
     </span>
     <span class='ocr_line' id='line_1_11' title="bbox 230 1382 1546 1471; baseline 0 -23"><span class='ocrx_word' id='word_1_83' title='bbox 230 1382 324 1448; x_wconf 89' lang='lat' dir='ltr'><strong>aurei</strong></span> <span class='ocrx_word' id='word_1_84' title='bbox 345 1383 549 1471; x_wconf 87' lang='lat' dir='ltr'><strong>apostasiam</strong></span> <span class='ocrx_word' id='word_1_85' title='bbox 568 1392 575 1450; x_wconf 86' lang='lat'><strong>&#39;:</strong></span> <span class='ocrx_word' id='word_1_86' title='bbox 599 1384 768 1449; x_wconf 83' lang='lat' dir='ltr'><strong>«Dimitte</strong></span> <span class='ocrx_word' id='word_1_87' title='bbox 788 1405 856 1464; x_wconf 89' lang='lat' dir='ltr'><strong>me,</strong></span> <span class='ocrx_word' id='word_1_88' title='bbox 874 1389 912 1449; x_wconf 93' lang='lat' dir='ltr'><strong>ut</strong></span> <span class='ocrx_word' id='word_1_89' title='bbox 925 1384 1091 1449; x_wconf 84' lang='lat' dir='ltr'><strong>irascatur</strong></span> <span class='ocrx_word' id='word_1_90' title='bbox 1110 1383 1206 1448; x_wconf 88' lang='lat' dir='ltr'><strong>luror</strong></span> <span class='ocrx_word' id='word_1_91' title='bbox 1225 1403 1322 1447; x_wconf 89' lang='lat' dir='ltr'><strong>meus</strong></span> <span class='ocrx_word' id='word_1_92' title='bbox 1341 1387 1460 1448; x_wconf 90' lang='lat' dir='ltr'><strong>contra</strong></span> <span class='ocrx_word' id='word_1_93' title='bbox 1477 1404 1546 1460; x_wconf 70' lang='lat' dir='ltr'><strong>eos</strong></span> 
     </span>
     <span class='ocr_line' id='line_1_12' title="bbox 229 1487 1551 1578; baseline 0 -24"><span class='ocrx_word' id='word_1_94' title='bbox 229 1493 261 1554; x_wconf 90' lang='lat' dir='ltr'><strong>et</strong></span> <span class='ocrx_word' id='word_1_95' title='bbox 282 1487 417 1554; x_wconf 89' lang='lat' dir='ltr'><strong>deleam</strong></span> <span class='ocrx_word' id='word_1_96' title='bbox 435 1512 502 1570; x_wconf 92' lang='lat' dir='ltr'><strong>eos,</strong></span> <span class='ocrx_word' id='word_1_97' title='bbox 524 1489 718 1578; x_wconf 88' lang='lat' dir='ltr'><strong>faciamque</strong></span> <span class='ocrx_word' id='word_1_98' title='bbox 737 1495 770 1556; x_wconf 88' lang='lat' dir='ltr'><strong>tc</strong></span> <span class='ocrx_word' id='word_1_99' title='bbox 784 1489 821 1556; x_wconf 92' lang='lat' dir='ltr'><strong>in</strong></span> <span class='ocrx_word' id='word_1_100' title='bbox 838 1495 976 1576; x_wconf 81' lang='lat' dir='ltr'><strong>gentem</strong></span> <span class='ocrx_word' id='word_1_101' title='bbox 997 1510 1160 1574; x_wconf 87' lang='lat' dir='ltr'><strong>magnam</strong></span> <span class='ocrx_word' id='word_1_102' title='bbox 1181 1517 1211 1554; x_wconf 75' lang='lat' dir='ltr'><strong>o.</strong></span> <span class='ocrx_word' id='word_1_103' title='bbox 1235 1491 1317 1553; x_wconf 88' lang='lat' dir='ltr'><strong>Mem</strong></span> <span class='ocrx_word' id='word_1_104' title='bbox 1337 1493 1453 1553; x_wconf 87' lang='lat' dir='ltr'><strong>exorta</strong></span> <span class='ocrx_word' id='word_1_105' title='bbox 1472 1494 1551 1576; x_wconf 90' lang='lat' dir='ltr'><strong>post</strong></span> 
     </span>
     <span class='ocr_line' id='line_1_13' title="bbox 228 1593 1550 1686; baseline 0.002 -27"><span class='ocrx_word' id='word_1_106' title='bbox 228 1594 376 1661; x_wconf 88' lang='lat' dir='ltr'><strong>reditum</strong></span> <span class='ocrx_word' id='word_1_107' title='bbox 396 1597 651 1686; x_wconf 81' lang='lat' dir='ltr'><strong>exploratorum</strong></span> <span class='ocrx_word' id='word_1_108' title='bbox 672 1595 862 1663; x_wconf 83' lang='lat' dir='ltr'><strong>rebellione</strong></span> <span class='ocrx_word' id='word_1_109' title='bbox 884 1600 982 1662; x_wconf 78' lang='lat' dir='ltr'><strong>Num,</strong></span> <span class='ocrx_word' id='word_1_110' title='bbox 1007 1600 1108 1677; x_wconf 65' lang='lat' dir='ltr'><strong>lm</strong></span> <span class='ocrx_word' id='word_1_111' title='bbox 1134 1614 1141 1660; x_wconf 92' lang='lat'>:</span> <span class='ocrx_word' id='word_1_112' title='bbox 1171 1624 1186 1654; x_wconf 91' lang='lat'>«</span> <span class='ocrx_word' id='word_1_113' title='bbox 1212 1593 1344 1661; x_wconf 85' lang='lat' dir='ltr'><strong>Feriam</strong></span> <span class='ocrx_word' id='word_1_114' title='bbox 1362 1594 1470 1680; x_wconf 90' lang='lat' dir='ltr'><strong>igitur</strong></span> <span class='ocrx_word' id='word_1_115' title='bbox 1492 1617 1550 1661; x_wconf 93' lang='lat' dir='ltr'><strong>eos</strong></span> 
     </span>
     <span class='ocr_line' id='line_1_14' title="bbox 228 1700 1547 1792; baseline -0.002 -24"><span class='ocrx_word' id='word_1_116' title='bbox 228 1701 423 1791; x_wconf 88' lang='lat' dir='ltr'><strong>pestilentia</strong></span> <span class='ocrx_word' id='word_1_117' title='bbox 443 1709 546 1792; x_wconf 92' lang='lat' dir='ltr'><strong>atque</strong></span> <span class='ocrx_word' id='word_1_118' title='bbox 569 1724 782 1782; x_wconf 87' lang='lat' dir='ltr'><strong>consumam,</strong></span> <span class='ocrx_word' id='word_1_119' title='bbox 798 1709 830 1769; x_wconf 90' lang='lat' dir='ltr'><strong>te</strong></span> <span class='ocrx_word' id='word_1_120' title='bbox 850 1708 967 1769; x_wconf 90' lang='lat' dir='ltr'><strong>autem</strong></span> <span class='ocrx_word' id='word_1_121' title='bbox 986 1702 1113 1768; x_wconf 89' lang='lat' dir='ltr'><strong>faciam</strong></span> <span class='ocrx_word' id='word_1_122' title='bbox 1134 1700 1327 1790; x_wconf 91' lang='lat' dir='ltr'><strong>principem</strong></span> <span class='ocrx_word' id='word_1_123' title='bbox 1342 1722 1445 1790; x_wconf 91' lang='lat' dir='ltr'><strong>super</strong></span> <span class='ocrx_word' id='word_1_124' title='bbox 1463 1721 1547 1787; x_wconf 88' lang='lat' dir='ltr'><strong>geu·</strong></span> 
     </span>
     <span class='ocr_line' id='line_1_15' title="bbox 227 1806 1548 1899; baseline -0.002 -26"><span class='ocrx_word' id='word_1_125' title='bbox 227 1815 295 1873; x_wconf 90' lang='lat' dir='ltr'><strong>tem</strong></span> <span class='ocrx_word' id='word_1_126' title='bbox 312 1830 476 1895; x_wconf 89' lang='lat' dir='ltr'><strong>magnam</strong></span> <span class='ocrx_word' id='word_1_127' title='bbox 490 1815 524 1875; x_wconf 91' lang='lat' dir='ltr'><strong>et</strong></span> <span class='ocrx_word' id='word_1_128' title='bbox 534 1809 713 1875; x_wconf 86' lang='lat' dir='ltr'><strong>fortiorem</strong></span> <span class='ocrx_word' id='word_1_129' title='bbox 730 1831 834 1899; x_wconf 88' lang='lat' dir='ltr'><strong>quam</strong></span> <span class='ocrx_word' id='word_1_130' title='bbox 849 1810 937 1875; x_wconf 89' lang='lat' dir='ltr'><strong>haec</strong></span> <span class='ocrx_word' id='word_1_131' title='bbox 953 1813 1003 1874; x_wconf 92' lang='lat' dir='ltr'><strong>est</strong></span> <span class='ocrx_word' id='word_1_132' title='bbox 1018 1836 1047 1873; x_wconf 90' lang='lat'><strong>».</strong></span> <span class='ocrx_word' id='word_1_133' title='bbox 1062 1806 1128 1874; x_wconf 91' lang='lat' dir='ltr'><strong>Ubi</strong></span> <span class='ocrx_word' id='word_1_134' title='bbox 1145 1807 1383 1887; x_wconf 89' lang='lat' dir='ltr'><strong>monebamus,</strong></span> <span class='ocrx_word' id='word_1_135' title='bbox 1399 1827 1465 1872; x_wconf 91' lang='lat' dir='ltr'><strong>non</strong></span> <span class='ocrx_word' id='word_1_136' title='bbox 1485 1828 1548 1895; x_wconf 92' lang='lat' dir='ltr'><strong>po·</strong></span> 
     </span>
     <span class='ocr_line' id='line_1_16' title="bbox 228 1912 1547 2005; baseline -0.001 -26"><span class='ocrx_word' id='word_1_137' title='bbox 228 1914 329 1982; x_wconf 90' lang='lat' dir='ltr'><strong>tuisse</strong></span> <span class='ocrx_word' id='word_1_138' title='bbox 345 1915 471 1981; x_wconf 89' lang='lat' dir='ltr'><strong>lahven</strong></span> <span class='ocrx_word' id='word_1_139' title='bbox 494 1916 556 1982; x_wconf 91' lang='lat' dir='ltr'><strong>has</strong></span> <span class='ocrx_word' id='word_1_140' title='bbox 577 1916 686 1982; x_wconf 89' lang='lat' dir='ltr'><strong>minas</strong></span> <span class='ocrx_word' id='word_1_141' title='bbox 707 1916 808 2005; x_wconf 91' lang='lat' dir='ltr'><strong>pleno</strong></span> <span class='ocrx_word' id='word_1_142' title='bbox 829 1921 863 1982; x_wconf 90' lang='lat' dir='ltr'><strong>ot</strong></span> <span class='ocrx_word' id='word_1_143' title='bbox 882 1915 925 1982; x_wconf 90' lang='lat' dir='ltr'><strong>ad</strong></span> <span class='ocrx_word' id='word_1_144' title='bbox 946 1915 1082 1981; x_wconf 91' lang='lat' dir='ltr'><strong>literam</strong></span> <span class='ocrx_word' id='word_1_145' title='bbox 1101 1914 1236 1980; x_wconf 80' lang='lat' dir='ltr'><strong>ell&#39;ectui</strong></span> <span class='ocrx_word' id='word_1_146' title='bbox 1256 1913 1435 1996; x_wconf 90' lang='lat' dir='ltr'><strong>mandare,</strong></span> <span class='ocrx_word' id='word_1_147' title='bbox 1453 1912 1547 2002; x_wconf 92' lang='lat' dir='ltr'><strong>quod</strong></span> 
     </span>
     <span class='ocr_line' id='line_1_17' title="bbox 227 2018 1548 2111; baseline 0 -27"><span class='ocrx_word' id='word_1_148' title='bbox 227 2020 467 2108; x_wconf 89' lang='lat' dir='ltr'><strong>promissiones</strong></span> <span class='ocrx_word' id='word_1_149' title='bbox 481 2021 652 2111; x_wconf 88' lang='lat' dir='ltr'><strong>quaedam</strong></span> <span class='ocrx_word' id='word_1_150' title='bbox 670 2021 816 2109; x_wconf 88' lang='lat' dir='ltr'><strong>singulis</strong></span> <span class='ocrx_word' id='word_1_151' title='bbox 835 2022 996 2089; x_wconf 88' lang='lat' dir='ltr'><strong>tribubus</strong></span> <span class='ocrx_word' id='word_1_152' title='bbox 1015 2029 1127 2088; x_wconf 89' lang='lat' dir='ltr'><strong>essent</strong></span> <span class='ocrx_word' id='word_1_153' title='bbox 1141 2020 1258 2102; x_wconf 91' lang='lat' dir='ltr'><strong>datae,</strong></span> <span class='ocrx_word' id='word_1_154' title='bbox 1274 2019 1422 2108; x_wconf 89' lang='lat' dir='ltr'><strong>ideoque</strong></span> <span class='ocrx_word' id='word_1_155' title='bbox 1438 2018 1548 2085; x_wconf 90' lang='lat' dir='ltr'><strong>debu·</strong></span> 
     </span>
     <span class='ocr_line' id='line_1_18' title="bbox 228 2126 1549 2217; baseline 0 -27"><span class='ocrx_word' id='word_1_156' title='bbox 228 2126 317 2191; x_wconf 88' lang='lat' dir='ltr'><strong>erint</strong></span> <span class='ocrx_word' id='word_1_157' title='bbox 330 2127 441 2194; x_wconf 90' lang='lat' dir='ltr'><strong>tribus</strong></span> <span class='ocrx_word' id='word_1_158' title='bbox 456 2151 657 2217; x_wconf 91' lang='lat' dir='ltr'><strong>permanere</strong></span> <span class='ocrx_word' id='word_1_159' title='bbox 677 2135 932 2206; x_wconf 81' lang='lat' dir='ltr'><strong>omnes-Quare</strong></span> <span class='ocrx_word' id='word_1_160' title='bbox 954 2128 1055 2194; x_wconf 90' lang='lat' dir='ltr'><strong>etiam</strong></span> <span class='ocrx_word' id='word_1_161' title='bbox 1075 2132 1221 2216; x_wconf 88' lang='lat' dir='ltr'><strong>utraque</strong></span> <span class='ocrx_word' id='word_1_162' title='bbox 1240 2126 1312 2192; x_wconf 85' lang='lat' dir='ltr'><strong>viee</strong></span> <span class='ocrx_word' id='word_1_163' title='bbox 1334 2130 1460 2213; x_wconf 89' lang='lat' dir='ltr'><strong>Moyses</strong></span> <span class='ocrx_word' id='word_1_164' title='bbox 1478 2146 1549 2191; x_wconf 91' lang='lat' dir='ltr'><strong>non</strong></span> 
     </span>
     <span class='ocr_line' id='line_1_19' title="bbox 229 2231 1547 2323; baseline 0.001 -28"><span class='ocrx_word' id='word_1_165' title='bbox 229 2237 278 2296; x_wconf 93' lang='lat' dir='ltr'><strong>est</strong></span> <span class='ocrx_word' id='word_1_166' title='bbox 296 2253 413 2319; x_wconf 89' lang='lat' dir='ltr'><strong>passus</strong></span> <span class='ocrx_word' id='word_1_167' title='bbox 432 2255 528 2298; x_wconf 89' lang='lat' dir='ltr'><strong>suam</strong></span> <span class='ocrx_word' id='word_1_168' title='bbox 548 2234 755 2300; x_wconf 88' lang='lat' dir='ltr'><strong>obtinendae</strong></span> <span class='ocrx_word' id='word_1_169' title='bbox 776 2257 837 2323; x_wconf 94' lang='lat' dir='ltr'><strong>pro</strong></span> <span class='ocrx_word' id='word_1_170' title='bbox 857 2235 985 2323; x_wconf 90' lang='lat' dir='ltr'><strong>populo</strong></span> <span class='ocrx_word' id='word_1_171' title='bbox 1006 2233 1126 2299; x_wconf 88' lang='lat' dir='ltr'><strong>veniae</strong></span> <span class='ocrx_word' id='word_1_172' title='bbox 1148 2232 1310 2299; x_wconf 87' lang='lat' dir='ltr'><strong>fiduciam</strong></span> <span class='ocrx_word' id='word_1_173' title='bbox 1331 2231 1547 2311; x_wconf 80' lang='lat' dir='ltr'><strong>labefactari,</strong></span> 
     </span>
     <span class='ocr_line' id='line_1_20' title="bbox 229 2336 1548 2429; baseline 0.002 -27"><span class='ocrx_word' id='word_1_174' title='bbox 229 2336 288 2402; x_wconf 90' lang='lat' dir='ltr'><strong>sed</strong></span> <span class='ocrx_word' id='word_1_175' title='bbox 309 2337 445 2404; x_wconf 87' lang='lat' dir='ltr'><strong>veniam</strong></span> <span class='ocrx_word' id='word_1_176' title='bbox 465 2338 623 2425; x_wconf 87' lang='lat' dir='ltr'><strong>flagitare</strong></span> <span class='ocrx_word' id='word_1_177' title='bbox 643 2342 792 2429; x_wconf 82' lang='lat' dir='ltr'><strong>perrexit</strong></span> <span class='ocrx_word' id='word_1_178' title='bbox 812 2344 846 2405; x_wconf 91' lang='lat' dir='ltr'><strong>et</strong></span> <span class='ocrx_word' id='word_1_179' title='bbox 865 2339 1024 2406; x_wconf 85' lang='lat' dir='ltr'><strong>obtinuit.</strong></span> <span class='ocrx_word' id='word_1_180' title='bbox 1048 2344 1172 2405; x_wconf 79' lang='lat' dir='ltr'><strong>Verum</strong></span> <span class='ocrx_word' id='word_1_181' title='bbox 1193 2339 1297 2426; x_wconf 90' lang='lat' dir='ltr'><strong>longe</strong></span> <span class='ocrx_word' id='word_1_182' title='bbox 1317 2338 1467 2427; x_wconf 90' lang='lat' dir='ltr'><strong>iniquior</strong></span> <span class='ocrx_word' id='word_1_183' title='bbox 1490 2360 1548 2404; x_wconf 88' lang='lat' dir='ltr'><strong>ea-</strong></span> 
     </span>
     <span class='ocr_line' id='line_1_21' title="bbox 229 2444 1544 2535; baseline 0.002 -27"><span class='ocrx_word' id='word_1_184' title='bbox 229 2465 306 2509; x_wconf 91' lang='lat' dir='ltr'><strong>rum</strong></span> <span class='ocrx_word' id='word_1_185' title='bbox 321 2444 474 2510; x_wconf 90' lang='lat' dir='ltr'><strong>tribuum</strong></span> <span class='ocrx_word' id='word_1_186' title='bbox 488 2445 650 2525; x_wconf 89' lang='lat' dir='ltr'><strong>conditio,</strong></span> <span class='ocrx_word' id='word_1_187' title='bbox 667 2468 755 2535; x_wconf 91' lang='lat' dir='ltr'><strong>quae</strong></span> <span class='ocrx_word' id='word_1_188' title='bbox 769 2445 917 2512; x_wconf 87' lang='lat' dir='ltr'><strong>Cadesae</strong></span> <span class='ocrx_word' id='word_1_189' title='bbox 932 2446 969 2512; x_wconf 91' lang='lat' dir='ltr'><strong>in</strong></span> <span class='ocrx_word' id='word_1_190' title='bbox 980 2445 1212 2512; x_wconf 88' lang='lat' dir='ltr'><strong>idololatriam</strong></span> <span class='ocrx_word' id='word_1_191' title='bbox 1227 2445 1406 2535; x_wconf 89' lang='lat' dir='ltr'><strong>prolapsae</strong></span> <span class='ocrx_word' id='word_1_192' title='bbox 1422 2449 1521 2509; x_wconf 90' lang='lat' dir='ltr'><strong>erant</strong></span> <span class='ocrx_word' id='word_1_193' title='bbox 1537 2466 1544 2510; x_wconf 94' lang='lat'><strong>:</strong></span> 
     </span>
     <span class='ocr_line' id='line_1_22' title="bbox 229 2550 1548 2642; baseline 0 -27"><span class='ocrx_word' id='word_1_194' title='bbox 229 2550 366 2619; x_wconf 84' lang='lat' dir='ltr'><strong>loedere</strong></span> <span class='ocrx_word' id='word_1_195' title='bbox 381 2552 475 2641; x_wconf 85' lang='lat' dir='ltr'><strong>ipsae</strong></span> <span class='ocrx_word' id='word_1_196' title='bbox 491 2557 717 2631; x_wconf 85' lang='lat' dir='ltr'><strong>excesserant,</strong></span> <span class='ocrx_word' id='word_1_197' title='bbox 735 2575 770 2619; x_wconf 91' lang='lat' dir='ltr'><strong>se</strong></span> <span class='ocrx_word' id='word_1_198' title='bbox 787 2553 879 2642; x_wconf 88' lang='lat' dir='ltr'><strong>ipsas</strong></span> <span class='ocrx_word' id='word_1_199' title='bbox 893 2553 1000 2619; x_wconf 87' lang='lat' dir='ltr'><strong>veluti</strong></span> <span class='ocrx_word' id='word_1_200' title='bbox 1020 2553 1411 2619; x_wconf 77' lang='lat' dir='ltr'><strong>excommunicaverant.</strong></span> <span class='ocrx_word' id='word_1_201' title='bbox 1429 2555 1548 2616; x_wconf 91' lang='lat' dir='ltr'><strong>Nonne</strong></span> 
     </span>
     <span class='ocr_line' id='line_1_23' title="bbox 227 2656 1550 2750; baseline 0 -28"><span class='ocrx_word' id='word_1_202' title='bbox 227 2656 264 2722; x_wconf 95' lang='lat' dir='ltr'><strong>id</strong></span> <span class='ocrx_word' id='word_1_203' title='bbox 278 2658 370 2747; x_wconf 92' lang='lat' dir='ltr'><strong>ipsae</strong></span> <span class='ocrx_word' id='word_1_204' title='bbox 386 2665 463 2726; x_wconf 91' lang='lat' dir='ltr'><strong>actu</strong></span> <span class='ocrx_word' id='word_1_205' title='bbox 483 2660 655 2749; x_wconf 80' lang='lat' dir='ltr'><strong>professae</strong></span> <span class='ocrx_word' id='word_1_206' title='bbox 670 2666 761 2743; x_wconf 86' lang='lat' dir='ltr'><strong>sunt,</strong></span> <span class='ocrx_word' id='word_1_207' title='bbox 779 2660 917 2750; x_wconf 87' lang='lat' dir='ltr'><strong>quando</strong></span> <span class='ocrx_word' id='word_1_208' title='bbox 937 2665 986 2727; x_wconf 88' lang='lat' dir='ltr'><strong>tot</strong></span> <span class='ocrx_word' id='word_1_209' title='bbox 1000 2659 1099 2726; x_wconf 92' lang='lat' dir='ltr'><strong>annis</strong></span> <span class='ocrx_word' id='word_1_210' title='bbox 1114 2663 1192 2748; x_wconf 84' lang='lat' dir='ltr'><strong>(los.</strong></span> <span class='ocrx_word' id='word_1_211' title='bbox 1210 2664 1268 2743; x_wconf 75' lang='lat'><strong>5,2</strong></span> <span class='ocrx_word' id='word_1_212' title='bbox 1284 2658 1376 2748; x_wconf 79' lang='lat' dir='ltr'><strong>sqq.)</strong></span> <span class='ocrx_word' id='word_1_213' title='bbox 1404 2656 1550 2724; x_wconf 89' lang='lat' dir='ltr'><strong>circum-</strong></span> 
     </span>
     <span class='ocr_line' id='line_1_24' title="bbox 228 2763 1548 2854; baseline 0 -25"><span class='ocrx_word' id='word_1_214' title='bbox 228 2763 406 2850; x_wconf 89' lang='lat' dir='ltr'><strong>cisionem,</strong></span> <span class='ocrx_word' id='word_1_215' title='bbox 428 2766 565 2852; x_wconf 92' lang='lat' dir='ltr'><strong>signum</strong></span> <span class='ocrx_word' id='word_1_216' title='bbox 583 2766 732 2833; x_wconf 89' lang='lat' dir='ltr'><strong>foederis</strong></span> <span class='ocrx_word' id='word_1_217' title='bbox 751 2766 982 2847; x_wconf 90' lang='lat' dir='ltr'><strong>abrahamici,</strong></span> <span class='ocrx_word' id='word_1_218' title='bbox 995 2765 1282 2832; x_wconf 81' lang='lat' dir='ltr'><strong>intermiserunt?</strong></span> <span class='ocrx_word' id='word_1_219' title='bbox 1300 2768 1417 2854; x_wconf 91' lang='lat' dir='ltr'><strong>Neque</strong></span> <span class='ocrx_word' id='word_1_220' title='bbox 1432 2770 1548 2830; x_wconf 88' lang='lat' dir='ltr'><strong>tamen</strong></span> 
     </span>
     <span class='ocr_line' id='line_1_25' title="bbox 228 2871 1545 2962; baseline 0 -27"><span class='ocrx_word' id='word_1_221' title='bbox 228 2877 305 2958; x_wconf 89' lang='lat' dir='ltr'><strong>post</strong></span> <span class='ocrx_word' id='word_1_222' title='bbox 328 2894 403 2937; x_wconf 91' lang='lat' dir='ltr'><strong>eam</strong></span> <span class='ocrx_word' id='word_1_223' title='bbox 429 2872 633 2960; x_wconf 90' lang='lat' dir='ltr'><strong>apostasiam</strong></span> <span class='ocrx_word' id='word_1_224' title='bbox 656 2876 792 2962; x_wconf 90' lang='lat' dir='ltr'><strong>poterat</strong></span> <span class='ocrx_word' id='word_1_225' title='bbox 814 2871 862 2937; x_wconf 92' lang='lat' dir='ltr'><strong>eis</strong></span> <span class='ocrx_word' id='word_1_226' title='bbox 884 2872 986 2937; x_wconf 88' lang='lat' dir='ltr'><strong>lahve</strong></span> <span class='ocrx_word' id='word_1_227' title='bbox 1012 2876 1176 2960; x_wconf 91' lang='lat' dir='ltr'><strong>perpetuo</strong></span> <span class='ocrx_word' id='word_1_228' title='bbox 1199 2871 1335 2937; x_wconf 90' lang='lat' dir='ltr'><strong>veniam</strong></span> <span class='ocrx_word' id='word_1_229' title='bbox 1360 2871 1545 2956; x_wconf 88' lang='lat' dir='ltr'><strong>denegare,</strong></span> 
     </span>
     <span class='ocr_line' id='line_1_26' title="bbox 228 2975 1549 3067; baseline 0.002 -28"><span class='ocrx_word' id='word_1_230' title='bbox 228 2975 310 3061; x_wconf 91' lang='lat' dir='ltr'><strong>quia</strong></span> <span class='ocrx_word' id='word_1_231' title='bbox 328 2976 440 3042; x_wconf 89' lang='lat' dir='ltr'><strong>tribus</strong></span> <span class='ocrx_word' id='word_1_232' title='bbox 465 2978 619 3063; x_wconf 88' lang='lat' dir='ltr'><strong>singulas</strong></span> <span class='ocrx_word' id='word_1_233' title='bbox 641 2977 823 3066; x_wconf 88' lang='lat' dir='ltr'><strong>oportebat</strong></span> <span class='ocrx_word' id='word_1_234' title='bbox 845 2976 1021 3067; x_wconf 91' lang='lat' dir='ltr'><strong>promissis</strong></span> <span class='ocrx_word' id='word_1_235' title='bbox 1042 2977 1108 3042; x_wconf 90' lang='lat' dir='ltr'><strong>sibi</strong></span> <span class='ocrx_word' id='word_1_236' title='bbox 1133 2977 1283 3043; x_wconf 88' lang='lat' dir='ltr'><strong>interra</strong></span> <span class='ocrx_word' id='word_1_237' title='bbox 1305 2983 1422 3043; x_wconf 89' lang='lat' dir='ltr'><strong>sancta</strong></span> <span class='ocrx_word' id='word_1_238' title='bbox 1444 2975 1549 3043; x_wconf 88' lang='lat' dir='ltr'><strong>bene-</strong></span> 
     </span>
     <span class='ocr_line' id='line_1_27' title="bbox 229 3081 1548 3174; baseline 0.002 -27"><span class='ocrx_word' id='word_1_239' title='bbox 229 3081 437 3148; x_wconf 90' lang='lat' dir='ltr'><strong>dictionibus</strong></span> <span class='ocrx_word' id='word_1_240' title='bbox 459 3083 538 3150; x_wconf 85' lang='lat' dir='ltr'><strong>frui.</strong></span> <span class='ocrx_word' id='word_1_241' title='bbox 557 3088 597 3149; x_wconf 73' lang='lat' dir='ltr'><strong>at</strong></span> <span class='ocrx_word' id='word_1_242' title='bbox 616 3083 769 3173; x_wconf 88' lang='lat' dir='ltr'><strong>plurium</strong></span> <span class='ocrx_word' id='word_1_243' title='bbox 788 3105 958 3150; x_wconf 90' lang='lat' dir='ltr'><strong>annorum</strong></span> <span class='ocrx_word' id='word_1_244' title='bbox 979 3083 1227 3174; x_wconf 87' lang='lat' dir='ltr'><strong>poenitentiam</strong></span> <span class='ocrx_word' id='word_1_245' title='bbox 1247 3083 1375 3169; x_wconf 71' lang='lat' dir='ltr'><strong>exegit,</strong></span> <span class='ocrx_word' id='word_1_246' title='bbox 1393 3106 1463 3149; x_wconf 93' lang='lat' dir='ltr'><strong>non</strong></span> <span class='ocrx_word' id='word_1_247' title='bbox 1481 3083 1548 3149; x_wconf 91' lang='lat' dir='ltr'><strong>reis</strong></span> 
     </span>
     <span class='ocr_line' id='line_1_28' title="bbox 229 3186 1547 3276; baseline 0.004 -25"><span class='ocrx_word' id='word_1_248' title='bbox 229 3186 322 3276; x_wconf 92' lang='lat' dir='ltr'><strong>ipsis,</strong></span> <span class='ocrx_word' id='word_1_249' title='bbox 340 3187 399 3254; x_wconf 92' lang='lat' dir='ltr'><strong>sed</strong></span> <span class='ocrx_word' id='word_1_250' title='bbox 424 3210 544 3254; x_wconf 93' lang='lat' dir='ltr'><strong>eorum</strong></span> <span class='ocrx_word' id='word_1_251' title='bbox 564 3189 743 3256; x_wconf 81' lang='lat' dir='ltr'><strong>dumtaxat</strong></span> <span class='ocrx_word' id='word_1_252' title='bbox 760 3189 844 3255; x_wconf 85' lang='lat' dir='ltr'><strong>filiis</strong></span> <span class='ocrx_word' id='word_1_253' title='bbox 868 3189 1004 3256; x_wconf 91' lang='lat' dir='ltr'><strong>veniam</strong></span> <span class='ocrx_word' id='word_1_254' title='bbox 1026 3189 1180 3256; x_wconf 90' lang='lat' dir='ltr'><strong>indulsit.</strong></span> <span class='ocrx_word' id='word_1_255' title='bbox 1206 3189 1356 3256; x_wconf 88' lang='lat' dir='ltr'><strong>Tandem</strong></span> <span class='ocrx_word' id='word_1_256' title='bbox 1373 3189 1547 3256; x_wconf 91' lang='lat' dir='ltr'><strong>celebrata</strong></span> 
     </span>
     <span class='ocr_line' id='line_1_29' title="bbox 230 3294 1545 3381; baseline 0.002 -22"><span class='ocrx_word' id='word_1_257' title='bbox 230 3299 278 3359; x_wconf 90' lang='lat' dir='ltr'><strong>est</strong></span> <span class='ocrx_word' id='word_1_258' title='bbox 291 3315 312 3358; x_wconf 95' lang='lat' dir='ltr'><strong>a</strong></span> <span class='ocrx_word' id='word_1_259' title='bbox 324 3299 434 3381; x_wconf 91' lang='lat' dir='ltr'><strong>Moyse</strong></span> <span class='ocrx_word' id='word_1_260' title='bbox 446 3294 483 3360; x_wconf 94' lang='lat' dir='ltr'><strong>in</strong></span> <span class='ocrx_word' id='word_1_261' title='bbox 503 3300 591 3362; x_wconf 90' lang='lat' dir='ltr'><strong>terra</strong></span> <span class='ocrx_word' id='word_1_262' title='bbox 605 3297 699 3362; x_wconf 83' lang='lat' dir='ltr'><strong>Moab</strong></span> <span class='ocrx_word' id='word_1_263' title='bbox 715 3294 864 3362; x_wconf 78' lang='lat' dir='ltr'><strong>foederis</strong></span> <span class='ocrx_word' id='word_1_264' title='bbox 883 3319 954 3363; x_wconf 92' lang='lat' dir='ltr'><strong>non</strong></span> <span class='ocrx_word' id='word_1_265' title='bbox 971 3318 1065 3363; x_wconf 89' lang='lat' dir='ltr'><strong>mera</strong></span> <span class='ocrx_word' id='word_1_266' title='bbox 1079 3297 1269 3376; x_wconf 82' lang='lat' dir='ltr'><strong>renovatio,</strong></span> <span class='ocrx_word' id='word_1_267' title='bbox 1287 3296 1345 3361; x_wconf 93' lang='lat' dir='ltr'><strong>sed</strong></span> <span class='ocrx_word' id='word_1_268' title='bbox 1361 3295 1545 3377; x_wconf 79' lang='lat' dir='ltr'><strong>restitutio,</strong></span> 
     </span>
     <span class='ocr_line' id='line_1_30' title="bbox 232 3400 1546 3493; baseline 0.001 -26"><span class='ocrx_word' id='word_1_269' title='bbox 232 3427 247 3462; x_wconf 94' lang='lat'>«</span> <span class='ocrx_word' id='word_1_270' title='bbox 275 3400 421 3468; x_wconf 90' lang='lat' dir='ltr'><strong>alterum</strong></span> <span class='ocrx_word' id='word_1_271' title='bbox 442 3402 561 3469; x_wconf 87' lang='lat' dir='ltr'><strong>foedus</strong></span> <span class='ocrx_word' id='word_1_272' title='bbox 575 3407 711 3492; x_wconf 89' lang='lat' dir='ltr'><strong>praeter</strong></span> <span class='ocrx_word' id='word_1_273' title='bbox 732 3403 835 3485; x_wconf 93' lang='lat' dir='ltr'><strong>illud,</strong></span> <span class='ocrx_word' id='word_1_274' title='bbox 863 3404 957 3492; x_wconf 92' lang='lat' dir='ltr'><strong>quod</strong></span> <span class='ocrx_word' id='word_1_275' title='bbox 974 3403 1110 3493; x_wconf 89' lang='lat' dir='ltr'><strong>pepigit</strong></span> <span class='ocrx_word' id='word_1_276' title='bbox 1131 3403 1167 3469; x_wconf 92' lang='lat' dir='ltr'><strong>in</strong></span> <span class='ocrx_word' id='word_1_277' title='bbox 1191 3402 1302 3469; x_wconf 90' lang='lat' dir='ltr'><strong>Horeb</strong></span> <span class='ocrx_word' id='word_1_278' title='bbox 1327 3432 1356 3469; x_wconf 74' lang='lat' dir='ltr'><strong>n.</strong></span> <span class='ocrx_word' id='word_1_279' title='bbox 1378 3404 1454 3470; x_wconf 79' lang='lat' dir='ltr'><strong>Alia</strong></span> <span class='ocrx_word' id='word_1_280' title='bbox 1472 3407 1546 3470; x_wconf 91' lang='lat' dir='ltr'><strong>tum</strong></span> 
     </span>
     <span class='ocr_line' id='line_1_31' title="bbox 229 3509 1543 3599; baseline 0.002 -26"><span class='ocrx_word' id='word_1_281' title='bbox 229 3513 302 3573; x_wconf 89' lang='lat' dir='ltr'><strong>erat</strong></span> <span class='ocrx_word' id='word_1_282' title='bbox 331 3531 445 3575; x_wconf 92' lang='lat' dir='ltr'><strong>rerum</strong></span> <span class='ocrx_word' id='word_1_283' title='bbox 477 3509 642 3593; x_wconf 90' lang='lat' dir='ltr'><strong>conditio,</strong></span> <span class='ocrx_word' id='word_1_284' title='bbox 671 3530 776 3599; x_wconf 93' lang='lat' dir='ltr'><strong>quam</strong></span> <span class='ocrx_word' id='word_1_285' title='bbox 804 3532 893 3598; x_wconf 91' lang='lat' dir='ltr'><strong>quae</strong></span> <span class='ocrx_word' id='word_1_286' title='bbox 922 3510 967 3576; x_wconf 91' lang='lat' dir='ltr'><strong>ad</strong></span> <span class='ocrx_word' id='word_1_287' title='bbox 997 3509 1129 3576; x_wconf 90' lang='lat' dir='ltr'><strong>radices</strong></span> <span class='ocrx_word' id='word_1_288' title='bbox 1147 3511 1273 3576; x_wconf 91' lang='lat' dir='ltr'><strong>montis</strong></span> <span class='ocrx_word' id='word_1_289' title='bbox 1301 3509 1394 3576; x_wconf 88' lang='lat' dir='ltr'><strong>Sinai</strong></span> <span class='ocrx_word' id='word_1_290' title='bbox 1420 3512 1543 3576; x_wconf 86' lang='lat' dir='ltr'><strong>luerat.</strong></span> 
     </span>
     <span class='ocr_line' id='line_1_32' title="bbox 231 3614 1546 3705; baseline 0.003 -28"><span class='ocrx_word' id='word_1_291' title='bbox 231 3614 281 3679; x_wconf 90' lang='lat' dir='ltr'><strong>lbi</strong></span> <span class='ocrx_word' id='word_1_292' title='bbox 297 3637 414 3681; x_wconf 86' lang='lat' dir='ltr'><strong>omnes</strong></span> <span class='ocrx_word' id='word_1_293' title='bbox 431 3618 571 3682; x_wconf 93' lang='lat' dir='ltr'><strong>omnino</strong></span> <span class='ocrx_word' id='word_1_294' title='bbox 590 3617 710 3683; x_wconf 87' lang='lat' dir='ltr'><strong>foedus</strong></span> <span class='ocrx_word' id='word_1_295' title='bbox 729 3615 877 3682; x_wconf 88' lang='lat' dir='ltr'><strong>inibant.</strong></span> <span class='ocrx_word' id='word_1_296' title='bbox 894 3620 930 3681; x_wconf 90' lang='lat' dir='ltr'><strong>ln</strong></span> <span class='ocrx_word' id='word_1_297' title='bbox 948 3622 1041 3682; x_wconf 89' lang='lat' dir='ltr'><strong>terra</strong></span> <span class='ocrx_word' id='word_1_298' title='bbox 1058 3616 1153 3682; x_wconf 92' lang='lat' dir='ltr'><strong>Moab</strong></span> <span class='ocrx_word' id='word_1_299' title='bbox 1173 3621 1270 3682; x_wconf 88' lang='lat' dir='ltr'><strong>erant</strong></span> <span class='ocrx_word' id='word_1_300' title='bbox 1286 3620 1410 3703; x_wconf 79' lang='lat' dir='ltr'><strong>Moyses</strong></span> <span class='ocrx_word' id='word_1_301' title='bbox 1424 3622 1468 3697; x_wconf 90' lang='lat' dir='ltr'><strong>et,</strong></span> <span class='ocrx_word' id='word_1_302' title='bbox 1487 3618 1546 3705; x_wconf 94' lang='lat' dir='ltr'><strong>qui</strong></span> 
     </span>
     <span class='ocr_line' id='line_1_33' title="bbox 229 3719 1543 3789; baseline 0.003 -5"><span class='ocrx_word' id='word_1_303' title='bbox 229 3719 261 3785; x_wconf 91' lang='lat' dir='ltr'><strong>ei</strong></span> <span class='ocrx_word' id='word_1_304' title='bbox 289 3720 435 3786; x_wconf 86' lang='lat' dir='ltr'><strong>fideliter</strong></span> <span class='ocrx_word' id='word_1_305' title='bbox 462 3721 688 3789; x_wconf 88' lang='lat' dir='ltr'><strong>adhaeserant</strong></span> <span class='ocrx_word' id='word_1_306' title='bbox 714 3747 721 3788; x_wconf 94' lang='lat'>:</span> <span class='ocrx_word' id='word_1_307' title='bbox 751 3724 787 3788; x_wconf 91' lang='lat' dir='ltr'><strong>hi</strong></span> <span class='ocrx_word' id='word_1_308' title='bbox 815 3722 954 3789; x_wconf 88' lang='lat' dir='ltr'><strong>loedere</strong></span> <span class='ocrx_word' id='word_1_309' title='bbox 979 3721 1133 3788; x_wconf 91' lang='lat' dir='ltr'><strong>sinaitico</strong></span> <span class='ocrx_word' id='word_1_310' title='bbox 1161 3722 1303 3789; x_wconf 90' lang='lat' dir='ltr'><strong>minime</strong></span> <span class='ocrx_word' id='word_1_311' title='bbox 1333 3722 1543 3789; x_wconf 88' lang='lat' dir='ltr'><strong>exciderant.</strong></span> 
     </span>
     <span class='ocr_line' id='line_1_34' title="bbox 228 3827 1546 3917; baseline 0.002 -25"><span class='ocrx_word' id='word_1_312' title='bbox 228 3831 411 3916; x_wconf 80' lang='lat' dir='ltr'><strong>Apostatae</strong></span> <span class='ocrx_word' id='word_1_313' title='bbox 431 3827 538 3914; x_wconf 92' lang='lat' dir='ltr'><strong>igitur</strong></span> <span class='ocrx_word' id='word_1_314' title='bbox 562 3830 775 3917; x_wconf 88' lang='lat' dir='ltr'><strong>poenitentes</strong></span> <span class='ocrx_word' id='word_1_315' title='bbox 794 3830 848 3895; x_wconf 94' lang='lat' dir='ltr'><strong>his</strong></span> <span class='ocrx_word' id='word_1_316' title='bbox 870 3850 1005 3895; x_wconf 91' lang='lat' dir='ltr'><strong>rursum</strong></span> <span class='ocrx_word' id='word_1_317' title='bbox 1030 3829 1275 3915; x_wconf 87' lang='lat' dir='ltr'><strong>iungebantur.</strong></span> <span class='ocrx_word' id='word_1_318' title='bbox 1301 3836 1391 3908; x_wconf 79' lang='lat' dir='ltr'><strong>Quae</strong></span> <span class='ocrx_word' id='word_1_319' title='bbox 1407 3830 1546 3895; x_wconf 85' lang='lat' dir='ltr'><strong>sortasse</strong></span> 
     </span>
     <span class='ocr_line' id='line_1_35' title="bbox 228 3933 1546 4024; baseline -0.001 -24"><span class='ocrx_word' id='word_1_320' title='bbox 228 3934 345 4023; x_wconf 88' lang='lat' dir='ltr'><strong>aliqua</strong></span> <span class='ocrx_word' id='word_1_321' title='bbox 362 3934 424 4001; x_wconf 87' lang='lat' dir='ltr'><strong>luit</strong></span> <span class='ocrx_word' id='word_1_322' title='bbox 442 3934 541 4016; x_wconf 87' lang='lat' dir='ltr'><strong>ratio,</strong></span> <span class='ocrx_word' id='word_1_323' title='bbox 558 3957 620 4000; x_wconf 93' lang='lat' dir='ltr'><strong>cur</strong></span> <span class='ocrx_word' id='word_1_324' title='bbox 636 3935 783 4002; x_wconf 87' lang='lat' dir='ltr'><strong>restituti</strong></span> <span class='ocrx_word' id='word_1_325' title='bbox 799 3935 947 4002; x_wconf 83' lang='lat' dir='ltr'><strong>foederis</strong></span> <span class='ocrx_word' id='word_1_326' title='bbox 960 3936 1064 4001; x_wconf 86' lang='lat' dir='ltr'><strong>verba</strong></span> <span class='ocrx_word' id='word_1_327' title='bbox 1075 3958 1145 4002; x_wconf 91' lang='lat' dir='ltr'><strong>non</strong></span> <span class='ocrx_word' id='word_1_328' title='bbox 1160 3937 1380 4024; x_wconf 82' lang='lat' dir='ltr'><strong>proferantur</strong></span> <span class='ocrx_word' id='word_1_329' title='bbox 1389 3940 1426 4000; x_wconf 89' lang='lat' dir='ltr'><strong>ut</strong></span> <span class='ocrx_word' id='word_1_330' title='bbox 1438 3933 1546 3999; x_wconf 88' lang='lat' dir='ltr'><strong>verba</strong></span> 
     </span>
     <span class='ocr_line' id='line_1_36' title="bbox 228 4040 1545 4130; baseline 0.005 -27"><span class='ocrx_word' id='word_1_331' title='bbox 228 4041 346 4121; x_wconf 86' lang='lat' dir='ltr'><strong>lahve,</strong></span> <span class='ocrx_word' id='word_1_332' title='bbox 369 4041 428 4107; x_wconf 89' lang='lat' dir='ltr'><strong>sed</strong></span> <span class='ocrx_word' id='word_1_333' title='bbox 451 4048 488 4107; x_wconf 90' lang='lat' dir='ltr'><strong>ut</strong></span> <span class='ocrx_word' id='word_1_334' title='bbox 508 4040 614 4108; x_wconf 86' lang='lat' dir='ltr'><strong>verba</strong></span> <span class='ocrx_word' id='word_1_335' title='bbox 636 4042 752 4128; x_wconf 82' lang='lat' dir='ltr'><strong>Moysis</strong></span> <span class='ocrx_word' id='word_1_336' title='bbox 779 4065 786 4107; x_wconf 94' lang='lat'><strong>:</strong></span> <span class='ocrx_word' id='word_1_337' title='bbox 816 4041 1069 4130; x_wconf 89' lang='lat' dir='ltr'><strong>recipiebantur</strong></span> <span class='ocrx_word' id='word_1_338' title='bbox 1089 4043 1124 4107; x_wconf 91' lang='lat' dir='ltr'><strong>in</strong></span> <span class='ocrx_word' id='word_1_339' title='bbox 1147 4043 1324 4108; x_wconf 91' lang='lat' dir='ltr'><strong>ecclesiam</strong></span> <span class='ocrx_word' id='word_1_340' title='bbox 1348 4042 1482 4119; x_wconf 87' lang='lat' dir='ltr'><strong>lahvae,</strong></span> <span class='ocrx_word' id='word_1_341' title='bbox 1509 4043 1545 4109; x_wconf 86' lang='lat' dir='ltr'><strong>in</strong></span> 
     </span>
     <span class='ocr_line' id='line_1_37' title="bbox 231 4146 1545 4238; baseline 0.002 -27"><span class='ocrx_word' id='word_1_342' title='bbox 231 4152 346 4212; x_wconf 92' lang='lat' dir='ltr'><strong>monte</strong></span> <span class='ocrx_word' id='word_1_343' title='bbox 364 4146 458 4212; x_wconf 82' lang='lat' dir='ltr'><strong>Sinai</strong></span> <span class='ocrx_word' id='word_1_344' title='bbox 485 4154 564 4213; x_wconf 91' lang='lat' dir='ltr'><strong>ante</strong></span> <span class='ocrx_word' id='word_1_345' title='bbox 585 4146 818 4229; x_wconf 86' lang='lat' dir='ltr'><strong>constitutam,</strong></span> <span class='ocrx_word' id='word_1_346' title='bbox 840 4170 858 4213; x_wconf 89' lang='lat' dir='ltr'><strong>a</strong></span> <span class='ocrx_word' id='word_1_347' title='bbox 879 4153 990 4234; x_wconf 83' lang='lat' dir='ltr'><strong>Moyse</strong></span> <span class='ocrx_word' id='word_1_348' title='bbox 1013 4148 1086 4215; x_wconf 91' lang='lat' dir='ltr'><strong>eius</strong></span> <span class='ocrx_word' id='word_1_349' title='bbox 1101 4147 1265 4215; x_wconf 89' lang='lat' dir='ltr'><strong>ecclesiae</strong></span> <span class='ocrx_word' id='word_1_350' title='bbox 1279 4150 1402 4238; x_wconf 89' lang='lat' dir='ltr'><strong>capite.</strong></span> <span class='ocrx_word' id='word_1_351' title='bbox 1421 4152 1545 4215; x_wconf 76' lang='lat' dir='ltr'><strong>Verum</strong></span> 
     </span>
     <span class='ocr_line' id='line_1_38' title="bbox 228 4251 1546 4344; baseline 0.002 -27"><span class='ocrx_word' id='word_1_352' title='bbox 228 4252 402 4341; x_wconf 92' lang='lat' dir='ltr'><strong>perpendo</strong></span> <span class='ocrx_word' id='word_1_353' title='bbox 414 4253 563 4319; x_wconf 81' lang='lat' dir='ltr'><strong>inflictae</strong></span> <span class='ocrx_word' id='word_1_354' title='bbox 576 4274 707 4342; x_wconf 91' lang='lat' dir='ltr'><strong>poenae</strong></span> <span class='ocrx_word' id='word_1_355' title='bbox 718 4251 935 4340; x_wconf 85' lang='lat' dir='ltr'><strong>gravitatem,</strong></span> <span class='ocrx_word' id='word_1_356' title='bbox 951 4259 998 4336; x_wconf 90' lang='lat' dir='ltr'><strong>ut,</strong></span> <span class='ocrx_word' id='word_1_357' title='bbox 1012 4254 1074 4344; x_wconf 82' lang='lat' dir='ltr'><strong>qui</strong></span> <span class='ocrx_word' id='word_1_358' title='bbox 1085 4254 1221 4343; x_wconf 71' lang='lat' dir='ltr'><strong>eripiar</strong></span> <span class='ocrx_word' id='word_1_359' title='bbox 1234 4267 1343 4321; x_wconf 80' lang='lat' dir='ltr'><strong>essent</strong></span> <span class='ocrx_word' id='word_1_360' title='bbox 1355 4254 1424 4344; x_wconf 75' lang='lat' dir='ltr'><strong>filii</strong></span> <span class='ocrx_word' id='word_1_361' title='bbox 1439 4253 1546 4320; x_wconf 75' lang='lat' dir='ltr'><strong>Atra-</strong></span> 
     </span>
     <span class='ocr_line' id='line_1_39' title="bbox 228 4356 1546 4450; baseline 0.002 -27"><span class='ocrx_word' id='word_1_362' title='bbox 228 4356 304 4440; x_wconf 77' lang='lat' dir='ltr'><strong>Iioe,</strong></span> <span class='ocrx_word' id='word_1_363' title='bbox 323 4358 422 4423; x_wconf 81' lang='lat' dir='ltr'><strong>titulo</strong></span> <span class='ocrx_word' id='word_1_364' title='bbox 435 4382 504 4425; x_wconf 84' lang='lat' dir='ltr'><strong>non</strong></span> <span class='ocrx_word' id='word_1_365' title='bbox 518 4359 586 4425; x_wconf 81' lang='lat' dir='ltr'><strong>iam</strong></span> <span class='ocrx_word' id='word_1_366' title='bbox 604 4359 764 4448; x_wconf 75' lang='lat' dir='ltr'><strong>oripinis,</strong></span> <span class='ocrx_word' id='word_1_367' title='bbox 782 4358 843 4426; x_wconf 84' lang='lat' dir='ltr'><strong>sed</strong></span> <span class='ocrx_word' id='word_1_368' title='bbox 854 4359 1030 4448; x_wconf 65' lang='lat' dir='ltr'><strong>pret-idme</strong></span> <span class='ocrx_word' id='word_1_369' title='bbox 1044 4360 1146 4427; x_wconf 76' lang='lat' dir='ltr'><strong>totve</strong></span> <span class='ocrx_word' id='word_1_370' title='bbox 1163 4360 1418 4450; x_wconf 63' lang='lat' dir='ltr'><strong>indulgentiae,</strong></span> <span class='ocrx_word' id='word_1_371' title='bbox 1434 4383 1495 4427; x_wconf 81' lang='lat' dir='ltr'><strong>suo</strong></span> <span class='ocrx_word' id='word_1_372' title='bbox 1511 4361 1546 4426; x_wconf 81' lang='lat' dir='ltr'><strong>in</strong></span> 
     </span>
     <span class='ocr_line' id='line_1_40' title="bbox 227 4464 1546 4557; baseline 0.001 -26"><span class='ocrx_word' id='word_1_373' title='bbox 227 4477 329 4553; x_wconf 71' lang='lat' dir='ltr'><strong>perite</strong></span> <span class='ocrx_word' id='word_1_374' title='bbox 346 4464 452 4532; x_wconf 83' lang='lat' dir='ltr'><strong>electa</strong></span> <span class='ocrx_word' id='word_1_375' title='bbox 464 4466 572 4532; x_wconf 52' lang='lat' dir='ltr'><strong>,stetui</strong></span> <span class='ocrx_word' id='word_1_376' title='bbox 586 4466 855 4533; x_wconf 81' lang='lat' dir='ltr'><strong>restituerentur.</strong></span> <span class='ocrx_word' id='word_1_377' title='bbox 868 4468 1008 4550; x_wconf 79' lang='lat' dir='ltr'><strong>Recole,</strong></span> <span class='ocrx_word' id='word_1_378' title='bbox 1026 4490 1114 4556; x_wconf 92' lang='lat' dir='ltr'><strong>quae</strong></span> <span class='ocrx_word' id='word_1_379' title='bbox 1134 4470 1157 4532; x_wconf 87' lang='lat' dir='ltr'>C</span> <span class='ocrx_word' id='word_1_380' title='bbox 1172 4472 1197 4533; x_wconf 93' lang='lat' dir='ltr'><strong>N</strong></span> <span class='ocrx_word' id='word_1_381' title='bbox 1212 4492 1248 4557; x_wconf 89' lang='lat' dir='ltr'><strong>p.</strong></span> <span class='ocrx_word' id='word_1_382' title='bbox 1266 4475 1331 4534; x_wconf 74' lang='lat'><strong>215</strong></span> <span class='ocrx_word' id='word_1_383' title='bbox 1347 4468 1546 4535; x_wconf 90' lang='lat' dir='ltr'><strong>dicebamus</strong></span> 
     </span>
     <span class='ocr_line' id='line_1_41' title="bbox 229 4571 1547 4663; baseline 0.002 -26"><span class='ocrx_word' id='word_1_384' title='bbox 229 4571 270 4639; x_wconf 92' lang='lat' dir='ltr'><strong>de</strong></span> <span class='ocrx_word' id='word_1_385' title='bbox 286 4574 515 4663; x_wconf 90' lang='lat' dir='ltr'><strong>posteriorum</strong></span> <span class='ocrx_word' id='word_1_386' title='bbox 532 4573 735 4640; x_wconf 86' lang='lat' dir='ltr'><strong>ludaeorum</strong></span> <span class='ocrx_word' id='word_1_387' title='bbox 750 4573 978 4642; x_wconf 89' lang='lat' dir='ltr'><strong>immoderata</strong></span> <span class='ocrx_word' id='word_1_388' title='bbox 996 4573 1143 4640; x_wconf 89' lang='lat' dir='ltr'><strong>carnalis</strong></span> <span class='ocrx_word' id='word_1_389' title='bbox 1156 4597 1196 4639; x_wconf 86' lang='lat' dir='ltr'><strong>ex</strong></span> <span class='ocrx_word' id='word_1_390' title='bbox 1209 4575 1383 4641; x_wconf 79' lang='lat' dir='ltr'><strong>Abraham</strong></span> <span class='ocrx_word' id='word_1_391' title='bbox 1402 4574 1547 4660; x_wconf 87' lang='lat' dir='ltr'><strong>originis</strong></span> 
     </span>
     <span class='ocr_line' id='line_1_42' title="bbox 229 4679 1544 4770; baseline 0.001 -25"><span class='ocrx_word' id='word_1_392' title='bbox 229 4680 462 4747; x_wconf 89' lang='lat' dir='ltr'><strong>aestimatione</strong></span> <span class='ocrx_word' id='word_1_393' title='bbox 480 4700 616 4747; x_wconf 90' lang='lat' dir='ltr'><strong>:nonne</strong></span> <span class='ocrx_word' id='word_1_394' title='bbox 629 4679 747 4746; x_wconf 88' lang='lat' dir='ltr'><strong>debuit</strong></span> <span class='ocrx_word' id='word_1_395' title='bbox 762 4703 802 4746; x_wconf 92' lang='lat' dir='ltr'><strong>ea</strong></span> <span class='ocrx_word' id='word_1_396' title='bbox 815 4680 1004 4770; x_wconf 93' lang='lat' dir='ltr'><strong>plurimum</strong></span> <span class='ocrx_word' id='word_1_397' title='bbox 1017 4679 1138 4765; x_wconf 89' lang='lat' dir='ltr'><strong>augeri</strong></span> <span class='ocrx_word' id='word_1_398' title='bbox 1150 4702 1234 4747; x_wconf 85' lang='lat' dir='ltr'><strong>aevo</strong></span> <span class='ocrx_word' id='word_1_399' title='bbox 1249 4703 1384 4767; x_wconf 89' lang='lat' dir='ltr'><strong>regum,</strong></span> <span class='ocrx_word' id='word_1_400' title='bbox 1402 4680 1544 4770; x_wconf 86' lang='lat' dir='ltr'><strong>quando</strong></span> 
     </span>
    </p>
   </div>
   <div class='ocr_carea' id='block_1_3' title="bbox 0 0 1688 5346">
    <p class='ocr_par' dir='ltr' id='par_1_4' title="bbox 0 0 1688 5346">
     <span class='ocr_line' id='line_1_43' title="bbox 0 0 1688 5346; baseline 0 0"><span class='ocrx_word' id='word_1_401' title='bbox 0 0 1688 5346; x_wconf 95' lang='lat' dir='ltr'><strong> </strong></span> 
     </span>
    </p>
   </div>
  </div>
 </body>
</html>
