3366 5346
250 266 310 325 118
805 274 1015 319 mraouucrm.

249 412 313 480 dae
340 433 347 478 :
372 410 433 477 alii
453 416 545 477 certe
570 408 760 477 identidem
783 408 979 496 scriptores,
1003 405 1082 472 licet
1106 405 1227 486 rarius,
1253 428 1310 472 eas
1334 407 1568 496 expressiones

246 517 472 585 adhibebant.

290 629 427 705 Verum,
446 624 579 690 etiamsi
601 645 658 690 eas
677 621 911 712 expressiones
933 641 1062 699 omnes
1083 618 1281 708 ubicunque
1303 620 1442 687 tandem
1462 631 1566 712 'repe-

246 731 391 813 riantur,
408 729 468 795 nni
483 729 664 818 eidemque
680 728 838 819 scriptori
853 725 1031 805 attribuas,
1049 747 1119 792 non
1132 725 1169 791 id
1186 724 1267 791 illae
1289 726 1454 807 efficiunt,
1472 730 1567 817 quod

247 838 319 904 vult
340 841 434 917 line,
459 848 567 901 totrcm
589 841 717 901 textum
740 840 836 901 Dent.
864 839 963 899 12-20
986 831 1137 898 eiusdem
1165 852 1238 898 esse
1260 854 1337 898 cum
1362 838 1455 900 [lent.
1482 842 1564 902 5-11

246 943 410 1024 auetoris3
433 942 519 1029 quin
539 942 663 1031 potius,
681 940 732 1007 uti
744 940 780 1007 in
796 939 896 1007 tertia
911 939 1030 1025 legum
1045 937 1150 1021 serie,
1167 939 1215 1005 ita
1232 938 1335 1005 etiam
1352 939 1388 1005 in
1405 940 1517 1029 prima
1532 947 1566 1008 et

246 1048 398 1116 secunda
412 1048 492 1114 illae
507 1047 735 1138 expressiones
749 1045 977 1136 probabiliter
991 1045 1110 1130 legum
1126 1043 1299 1111 collectori
1313 1044 1562 1128 attribuuntur,

246 1155 307 1245 qui
326 1177 451 1245 paucas
470 1153 711 1221 tantummodo
731 1152 826 1239 leges
850 1150 1002 1240 antipae
1023 1150 1159 1240 scripsit
1177 1155 1236 1219 aut
1257 1149 1301 1217 ab
1326 1151 1403 1219 aliis
1420 1152 1565 1242 scriptas

244 1260 458 1341 retractavit,
480 1259 557 1326 aliis
579 1258 738 1349 pluribus
758 1259 876 1346 eliqua
895 1280 957 1325 sua
975 1256 1173 1345 adscripsit,
1195 1262 1284 1323 totas
1303 1263 1346 1323 26
1367 1259 1461 1345 leges
1479 1259 1564 1326 reli·
1602 1307 1605 1311 -

245 1367 320 1456 quit
337 1366 492 1433 intactas.
515 1370 584 1442 Qua
606 1367 642 1431 in
668 1388 704 1432 re
731 1369 851 1431 contra
875 1368 957 1433 line.
977 1364 1249 1431 consentientem
1274 1363 1372 1430 nobis
1394 1364 1564 1433 habemus

250 1471 372 1541 Wcllt.
396 1477 430 1540 C.
453 1495 487 1561 p.
515 1479 577 1540 195
600 1494 607 1538 :
631 1500 648 1533 (ι
674 1477 762 1540 Raro
781 1476 893 1538 textus
915 1469 1141 1558 (collectanei)
1163 1468 1393 1537 demonstrari
1412 1475 1563 1560 potesta

244 1579 423 1646 collectore
441 1600 512 1653 esse
531 1582 744 1659 retractatus,
766 1577 970 1667 plerumque
990 1575 1046 1643 hio
1065 1576 1181 1665 aliqua
1199 1580 1335 1642 tantum
1358 1576 1487 1644 motiva
1504 1578 1564 1645 ad·

245 1684 396 1774 scripsit,
410 1706 499 1773 quae
514 1689 710 1755 contextum
728 1706 799 1750 non
816 1682 993 1769 attingunt
1012 1709 1042 1747 ».
1058 1683 1106 1748 Cf.
1122 1680 1276 1749 eiusdem
1292 1683 1441 1751 auctoris
1459 1685 1564 1752 rerba

246 1814 350 1880 supra
364 1815 399 1881 p.
418 1797 458 1857 ἱιθ
475 1797 508 1857 et
523 1789 629 1859 Klost.
645 1814 681 1880 p.
700 1796 774 1857 135.

292 1901 400 1964 Unum
416 1902 550 1965 tantum
564 1897 766 1987 excipimus,
782 1896 877 1985 quod
889 1917 929 1962 ex
942 1894 997 1961 bis
1008 1895 1113 1961 infert
1125 1894 1264 1976 Wellb.,
1280 1895 1482 1963 collectanei
1495 1898 1565 1964 cul-

247 2003 411 2070 lectorem
432 2004 581 2070 eundem
599 2026 668 2070 esse
690 2003 909 2092 scriptorem,
927 2001 987 2089 qui
1002 2000 1083 2067 item
1104 2013 1226 2068 arcetur
1246 2001 1350 2069 fucrit
1370 2024 1446 2091 cap.
1469 2008 1562 2069 5-11.

248 2114 343 2177 Hunc
366 2115 540 2177 auctorem
563 2110 834 2178 demonstratum
858 2108 1026 2175 hahemus
1047 2107 1150 2175 fuisse
1172 2112 1322 2195 Moysen,
1345 2109 1563 2175 collectorem

248 2217 460 2281 Samuelem:
482 2215 656 2303 quomodo
675 2238 744 2280 uno
760 2214 950 2303 eodemque
969 2212 1046 2279 stilo
1068 2212 1242 2303 scripserit
1262 2219 1297 2280 et
1312 2218 1439 2302 Moyses
1454 2219 1489 2280 et
1504 2218 1563 2281 Sa-

249 2320 364 2387 muel?
388 2320 514 2410 Duplex
536 2321 676 2387 offertur
699 2320 780 2386 lacti
805 2319 1010 2408 explanatio.
1038 2320 1301 2409 Inscriptionem
1321 2320 1460 2410 quidem
1481 2326 1559 2402 12,1

247 2427 383 2493 Samuel
404 2425 447 2491 de
462 2425 601 2493 consilio
623 2426 888 2493 conformaverit
908 2425 1055 2491 textibus
1075 2432 1149 2506 5,1·,
1167 2434 1220 2509 6,1
1239 2426 1295 2492 vel
1316 2427 1402 2494 aliis.
1418 2430 1503 2494 Eum
1524 2428 1561 2493 in

247 2530 361 2599 studio
377 2533 498 2600 thorae
514 2532 615 2600 fuisse
628 2531 908 2621 versatissimum,
925 2531 1001 2620 quis
1013 2531 1190 2618 ambigat?
1201 2538 1239 2599 ln
1249 2555 1288 2599 ea
1302 2555 1439 2601 omnem
1452 2538 1562 2601 lsrae-

248 2639 292 2704 lis
312 2638 460 2706 salutem
487 2643 520 2706 et
547 2639 809 2731 prosperitatem
834 2638 1037 2705 collocatam
1064 2660 1134 2705 esso
1164 2661 1365 2728 persuasum
1383 2639 1560 2721 babebat3

248 2768 326 2813 suas
341 2745 435 2831 leges
452 2746 531 2813 huic
545 2746 666 2812 thorae
678 2740 852 2813 accenseri
870 2744 1042 2834 cupiebat.
1061 2745 1158 2811 llaud
1178 2746 1322 2828 mirum,
1344 2745 1483 2835 quando
1501 2746 1564 2813 ba-

139 2848 143 2855 ’
247 2873 325 2919 rum
339 2851 456 2937 legum
473 2852 744 2919 observationem
758 2851 970 2930 inculcabat,
986 2873 1111 2938 easque
1127 2851 1357 2919 observaturis
1371 2852 1488 2917 thorae
1501 2852 1562 2917 be-

246 2956 458 3022 nedictiones
479 2957 741 3044 apprecabatur,
766 2979 845 3022 cum
865 2957 985 3022 thorae
1008 2957 1280 3044 expressionibus
1299 2959 1449 3026 locutum
1469 2978 1559 3039 esse;

246 3083 356 3148 neque
372 3068 498 3139 tamen,
520 3063 568 3127 uti
587 3061 782 3150 inspicienti
797 3067 925 3127 textum
942 3069 1097 3151 apparet,
1115 3062 1168 3128 his
1185 3065 1274 3131 solis
1292 3070 1409 3131 Nonne
1429 3070 1564 3131 nostro-

246 3188 324 3233 rum
343 3166 446 3232 etiam
467 3167 503 3247 ii,
520 3166 580 3255 qui
598 3167 786 3256 plurimum
802 3166 988 3233 incubuere
1009 3167 1122 3234 studio
1142 3170 1245 3236 unius
1260 3170 1438 3237 cuiusdam
1456 3191 1562 3237 evan·

244 3271 387 3358 gclistae
404 3272 456 3338 vel
469 3273 669 3362 prophetae,
688 3273 725 3339 in
741 3273 809 3339 suis
823 3273 926 3340 sacris
941 3274 1155 3341 orationibus
1172 3277 1243 3343 eius
1263 3276 1493 3363 evangelistae
1509 3277 1563 3343 vel

245 3379 434 3467 prophetae
458 3378 574 3446 stilum
596 3384 718 3469 sponte
741 3379 941 3446 imitantur?

288 3485 403 3552 Altera
424 3485 578 3553 eiusdem
598 3486 679 3553 facti
699 3485 895 3574 explanatio
915 3486 1000 3552 hacc
1020 3492 1081 3553 cst.
1105 3488 1351 3576 Distinguimus
1370 3488 1461 3555 inter
1479 3510 1561 3554 auc·

244 3597 353 3656 torem
373 3599 405 3656 et
424 3593 636 3681 scriptorem,
655 3614 715 3660 seu
730 3592 820 3658 inter
837 3600 1009 3658 auctorem
1031 3591 1111 3659 libri
1131 3601 1164 3660 et
1183 3603 1356 3661 auctorem
1378 3600 1487 3661 textus
1501 3616 1561 3661 seu

244 3695 325 3761 stili.
351 3697 463 3762 Fuerit
482 3697 642 3764 collector
665 3704 786 3765 auctor
807 3697 880 3765 eius
899 3703 1025 3782 textuS,
1049 3722 1152 3788 quem
1172 3723 1263 3767 nunc
1283 3702 1461 3785 habemus,
1484 3723 1559 3790 cap.

247 3808 322 3868 5-11
351 3823 357 3869 :
381 3824 448 3868 non
470 3802 547 3868 ideo
567 3804 733 3870 dicendus
755 3809 805 3871 est
827 3810 946 3871 auctor
967 3805 1137 3873 secundae
1161 3807 1336 3874 orationis.
1356 3814 1400 3874 lic
1421 3807 1561 3893 linguae

247 3908 417 3975 hebraeae
436 3932 498 3998 per
516 3908 610 3975 mille
629 3910 765 3977 circiter
785 3934 903 3994 armos,
926 3912 985 4000 qni
1001 3934 1020 3977 a
1038 3917 1147 4000 Moyse
1165 3913 1209 3979 ad
1226 3914 1370 3980 Esdram
1386 3914 1559 3993 effluxere,

245 4015 494 4083 mutationibus
513 4022 728 4105 compertum
749 4018 918 4084 babemus
940 4019 995 4083 vix
1017 4018 1220 4109 quidquam.
1241 4026 1383 4089 Potuere
1406 4027 1479 4087 tum
1499 4018 1563 4086 ali-

244 4121 384 4208 quando
409 4126 475 4187 tres
499 4122 669 4189 orationes
693 4124 861 4190 mosaicae
886 4125 1066 4191 retraetari
1089 4133 1122 4191 et
1142 4127 1179 4192 in
1200 4127 1317 4193 stilum
1335 4126 1561 4193 recentiorem

243 4233 276 4291 et
295 4226 485 4293 faciliorem
505 4228 708 4295 transfundi.
734 4228 769 4294 ld
786 4229 906 4296 fecerit
922 4230 995 4319 ipse
1012 4232 1171 4298 collector
1189 4233 1337 4300 Samuel.
1355 4239 1444 4311 Quae
1460 4233 1564 4300 fuerit

243 4331 279 4395 in
301 4354 425 4418 magna
448 4333 507 4399 illa
527 4341 737 4423 strageque
758 4357 838 4401 arca
857 4358 877 4401 a
897 4336 1114 4403 Plrilistbaeis
1135 4339 1348 4427 capiebatur,
1371 4362 1444 4406 sors
1464 4346 1560 4406 auto·

244 4437 371 4526 graphi
398 4439 534 4521 thorae,
562 4441 653 4529 quod
679 4447 803 4528 lloyses
829 4464 937 4530 prope
965 4464 1079 4508 arcam
1104 4454 1320 4534 reposuerat,
1345 4447 1559 4532 ignoramus,

247 4545 359 4610 Potuit
373 4545 460 4612 illud
475 4546 578 4612 ctiam
596 4547 707 4636 ipsum
724 4547 759 4612 in
776 4554 980 4635 potestatem
996 4548 1113 4615 venire
1127 4552 1427 4633 Philisthueorum,
1443 4558 1562 4641 postea

245 4651 299 4716 vel
313 4653 443 4719 restitui
458 4654 513 4718 vel
525 4653 648 4719 arnitti.
663 4653 776 4720 Potuit
787 4653 886 4723 illud.
903 4677 981 4720 arca
992 4656 1028 4719 in
1039 4664 1148 4723 castra
1161 4659 1392 4725 llcbraeorum
1406 4658 1559 4742 devecta,
