3366 5346
180 292 219 350 er
730 306 941 352 mraonucrxo.

177 441 278 509 facile
293 442 557 508 demonstratur.
576 439 611 505 ld
625 439 719 528 qued
733 441 765 505 in
782 463 823 506 eo
837 440 925 507 libro
940 440 1100 521 Heleiam,
1113 438 1164 507 uti
1179 438 1265 504 alios
1278 445 1352 528 post
1362 439 1493 529 ipsum,

178 550 325 615 maxime
349 545 504 637 perculit,
524 552 622 612 erant
641 546 756 613 11111111
779 546 816 612 11
838 547 1003 636 populum
1025 568 1213 634 regemque
1233 544 1362 629 editae,
1380 569 1497 638 neque

180 659 313 744 poterat
330 654 441 743 ipsum
457 653 576 733 latere,
599 673 654 719 eas
672 655 746 740 regi
762 654 834 720 lore
854 676 1020 743 perquam
1034 655 1197 739 ingratas.
1216 652 1280 729 Qui
1295 656 1366 719 toto
1385 676 1497 741 regno

179 761 345 827 sinceram
362 759 504 827 dederat
518 782 658 849 operam
678 760 783 826 cultui
802 761 903 827 lahve
919 760 1128 827 restituendo
1145 757 1411 849 confidebatque
1428 765 1497 829 uti·

180 889 259 956 que,
277 868 333 956 pio
356 890 416 934 sue
438 865 551 933 studio
576 889 611 933 se
636 867 762 933 lahven
783 868 885 956 plene
909 867 1039 934 habere
1060 866 1245 956 placatum,
1266 871 1370 956 atque
1395 870 1497 955 regni

178 973 396 1064 splendorem
419 974 680 1041 restituturum:
700 996 791 1039 nunc
807 974 909 1040 minis
931 973 997 1040 illis
1018 973 1239 1053 edocebatur,
1256 972 1425 1062 populum
1444 998 1497 1042 se·

177 1079 368 1147 verissimas
385 1101 509 1169 poenas
528 1079 710 1146 1111111111
733 1101 803 1146 esse
824 1080 1095 1147 cumulatissime
1112 1079 1350 1168 promeritum,
1369 1103 1495 1170 easque

178 1186 318 1252 oraculo
344 1208 440 1252 sacro
463 1185 582 1251 haberi
607 1208 774 1275 perquam
796 1187 952 1254 distincte
977 1185 1244 1276 praenuntiatas.
1267 1185 1376 1254 Dubio
1401 1188 1497 1256 loeus

177 1298 261 1373 erat,
279 1299 408 1359 essetne
425 1314 480 1358 rex
499 1291 648 1378 gratiose
669 1298 871 1381 accepturus
895 1294 1066 1374 nuntium,
1084 1290 1253 1359 eiusmodi
1274 1292 1403 1359 librum
1425 1294 1496 1361 tale

176 1399 308 1466 habens
329 1398 526 1465 vaticinium
554 1420 626 1464 esse
657 1405 843 1487 repertum,
868 1398 1020 1466 Prudens
1046 1398 1099 1464 vir
1129 1397 1258 1465 lieleias
1281 1398 1394 1465 noluit
1421 1392 1502 1467 rem

176 1504 296 1571 durius
318 1507 373 1594 pio
394 1506 469 1591 regi
490 1504 690 1583 obtrudere;
708 1527 775 1570 101
797 1506 907 1572 dixit:
926 1505 1048 1595 Reperi
1068 1511 1187 1572 notum
1202 1504 1300 1571 illum
1320 1528 1495 1574 summae·
1531 1512 1540 1526 '

177 1634 244 1700 que
257 1611 468 1678 auctoritatis
482 1612 603 1677 thorae
622 1610 761 1692 librum,
784 1611 875 1679 haud
891 1611 1034 1701 impune
1056 1611 1308 1701 spernendum
1323 1612 1382 1680 sed
1398 1635 1406 1678 :
1428 1618 1496 1681 Re-

175 1717 252 1806 peri
266 1717 393 1784 librum
410 1717 563 1806 aliquem
583 1717 716 1784 thorae.
736 1718 941 1784 Prudentior
951 1718 1056 1784 'etiam
1072 1718 1209 1807 saphan
1225 1723 1244 1783 1
1267 1723 1349 1805 Reg.
1371 1724 1491 1801 12,10;

177 1829 198 1888 2
215 1828 290 1891 Par.
307 1829 619 1914 st,18‚suppressa
633 1846 715 1891 voce
733 1824 871 1891 tlzeree:
887 1825 1038 1907 Librum,
1055 1824 1179 1914 inquit,
1195 1824 1290 1897 dedit
1312 1824 1397 1891 mihi
1414 1823 1493 1890 ilel-

176 1928 256 1996 eias.
272 1929 337 2016 rigi
352 1929 394 1996 de
410 1930 501 1997 libro
521 1952 616 1997 sacro
630 1930 702 1998 fere
718 1931 860 2020 putebat
875 1931 966 2011 inde,
982 1930 1077 2020 quod
1092 1954 1113 1997 a
1127 1930 1288 2020 pontifice
1303 1931 1392 1998 liber
1411 1930 1494 1998 sub-

176 2037 378 2104 mitteretur.
395 2037 546 2126 Habebat
569 2036 678 2123 igitur
696 2059 837 2123 gravem
858 2037 1025 2104 rationem
1049 2038 1190 2118 Heleias,
1207 2037 1341 2104 etiamsi
1365 2037 1493 2104 librum

176 2147 275 2209 antea
296 2143 457 2225 novisset,
472 2149 510 2210 ut
535 2143 577 2210 de
599 2143 659 2209 illo
681 2143 882 2232 loqueretur
906 2143 1005 2233 quasi
1027 2150 1113 2210 esset
1136 2142 1274 2227 ignotus
1297 2149 1358 2210 1111
1380 2144 1495 2210 minus

176 2253 294 2329 notus;
312 2249 587 2337 expressionum
607 2264 668 2315 720
683 2249 769 2315 illud
784 2272 1002 2339 nequaquam
1018 2249 1135 2333 elficit,
1154 2249 1212 2337 agi
1229 2249 1271 2316 de
1284 2250 1375 2317 libro
1391 2255 1494 2318 antea

177 2355 309 2441 ignoto.

220 2462 284 2548 Agl
299 2461 341 2526 de
356 2461 458 2544 libre,
476 2462 535 2550 qui
556 2466 657 2528 antea
675 2461 778 2528 fuerit
794 2461 930 2528 llelciae
947 2462 1097 2549 ignotus,
1115 2461 1283 2529 1111111111.
1303 2486 1338 2553 p.
1358 2470 1420 2530 107
1440 2484 1492 2551 sq.

179 2566 312 2649 exinde,
329 2567 420 2656 quod
442 2573 624 2634 10111111
642 2574 803 2635 narretur
816 2567 906 2634 liber
925 2590 995 2634 esse
1010 2568 1207 2658 deperditus
1221 2591 1333 2659 neque
1351 2568 1495 2658 requisi-

176 2679 245 2756 tus,
271 2696 383 2763 neque
413 2675 651 2741 adscribantur
673 2674 776 2741 verba
802 2704 817 2736 «
839 2674 940 2756 liber,
968 2674 1029 2764 qui
1057 2674 1256 2763 deperditus
1280 2682 1353 2742 erat
1380 2704 1413 2756 »,
1441 2674 1495 2740 vel

177 2807 194 2841 κ
220 2803 323 2869 quem
350 2804 366 2847 a
392 2804 471 2868 rege
497 2781 606 2849 iussus
629 2782 792 2871 requisivi
819 2810 848 2849 ».
871 2781 1011 2847 Librum
1034 2786 1134 2848 antea
1160 2803 1230 2847 esse
1256 2781 1492 2871 deperditum,

175 2908 290 2953 nonne
313 2888 393 2952 inde
414 2888 642 2975 consequitur,
659 2887 752 2975 quod
775 2887 867 2952 idem
892 2886 1062 2953 scribatur
1091 2909 1161 2954 esse
1185 2894 1301 2977 postea
1318 2889 1495 2975 repertus?

178 2990 308 3057 Heleias
323 2997 412 3057 certe
428 3014 497 3057 non
515 2998 564 3057 est
583 2992 691 3057 iussus
708 3015 729 3058 a
744 3013 824 3078 rege
842 2991 970 3058 librum
985 2993 1173 3082 requirere,
1187 3016 1289 3082 quem
1304 2994 1339 3059 in
1360 2994 1493 3060 aerario

179 3098 284 3164 latere
307 3096 400 3163 haud
423 3098 670 3187 suspicabatur.
693 3102 808 3188 Neque
832 3106 892 3177 est,
911 3122 972 3165 cur
990 3100 1150 3167 debuerit
1172 3100 1303 3168 llelcias
1325 3122 1402 3167 cum
1422 3122 1495 3166 em-

179 3203 276 3292 phasi
302 3204 444 3269 verbum
462 3219 568 3267 1111111
592 3205 704 3293 primo
728 3206 914 3271 sententiae
937 3207 1010 3272 loco
1036 3207 1205 3273 collocare
1231 3229 1238 3275 :
1262 3235 1278 3266 11
1304 3207 1428 3295 Reperi
1451 3205 1495 3271 li·

180 3310 281 3375 brum
298 3310 417 3376 thorae
435 3338 464 3387 »,
481 3333 542 3400 pro
561 3332 569 3378 :
588 3340 603 3371 κ
623 3310 759 3376 librum
776 3312 897 3379 thorae
914 3312 1026 3402 reperi
1044 3341 1073 3379 1.
1089 3313 1287 3402 Emphasim
1303 3314 1407 3380 babet
1422 3334 1494 3379 non

178 3418 319 3485 fortuita
333 3417 483 3483 excreatio
498 3416 558 3483 sed
571 3416 667 3497 liber,
683 3418 743 3506 qui
756 3420 830 3504 regi
846 3419 1011 3504 legendus
1026 3420 1177 3485 oll'ertur.
1521 3506 1526 3515 ι

223 3525 256 3591 si
276 3524 400 3590 librum
417 3525 573 3591 adstruas
595 3523 694 3590 luisse
712 3530 813 3591 antea
831 3525 965 3614 penitus
984 3525 1153 3611 ignotum,
1172 3548 1274 3611 aegre
1294 3525 1492 3615 explicabis,

180 3653 242 3696 cur
257 3653 315 3695 rex
332 3629 466 3695 nullum
485 3630 527 3696 de
542 3631 621 3696 libri
642 3631 821 3697 authentia
834 3631 979 3698 moverit
994 3631 1152 3712 dubium,
1168 3631 1367 3698 nullatenus
1380 3631 1495 3720 inqui-

180 3736 286 3816 sierit,
299 3735 472 3823 quomodo
480 3735 569 3801 liber
581 3736 617 3801 in
625 3738 796 3803 aerarium
811 3742 897 3803 esset
909 3736 1042 3803 delatus
1054 3740 1207 3823 (illoeers,
1225 3740 1300 3817 XII,
1315 3745 1377 3804 110
1390 3740 1494 3827 sqq).

181 3842 353 3911 Immerito
376 3841 468 3909 hunc
491 3862 607 3926 regem
631 3843 785 3909 adstrues
807 3843 911 3909 luisse
931 3843 980 3909 111
1002 3844 1181 3911 credulum
1203 3850 1305 3932 atque
1324 3844 1496 3934 praecipi·

179 3958 260 4027 tem,
280 3959 316 4015 111
328 3949 400 4016 sola
416 3948 500 4015 libri
518 3947 755 4037 inscriptione,
772 3951 914 4017 sortasse
932 3950 1084 4039 Saphani
1100 3952 1217 4039 aliqua
1237 3951 1400 4040 opinione
1417 3973 1496 4040 per-

180 4057 302 4134 culsus,
318 4079 354 4121 re
369 4056 507 4121 minime
520 4055 722 4138 examinata,
741 4056 868 4122 librum
889 4057 1048 4123 habuerit
1067 4059 1271 4143 genuinum,
1288 4057 1428 4125 oracula
1442 4056 1497 4123 di·

181 4162 273 4241 vina,
296 4161 445 4249 indeque
466 4161 638 4250 proruerit
666 4161 710 4227 ad
733 4160 833 4227 illum
860 4163 987 4228 librum
1008 4162 1139 4231 10111111
1159 4163 1274 4230 divino
1299 4163 1497 4230 renovando

179 4269 456 4357 supponendum.
476 4267 646 4334 lmmerito
665 4268 832 4350 adstrues,
851 4269 1046 4336 universnm
1069 4270 1209 4336 omnino
1232 4270 1398 4360 populum
1418 4290 1498 4335 eum

181 4375 273 4462 regis
287 4376 381 4463 pium
392 4375 544 4440 furorem
557 4397 627 4441 esse
640 4374 823 4444 imitatum.
840 4381 913 4441 lt'on
926 4378 973 4443 ita
988 4375 1088 4442 facile
1105 4399 1125 4442 1
1140 4377 1276 4442 11011111
1291 4376 1334 4443 ad
1348 4375 1497 4443 severio-

182 4504 236 4549 res
253 4504 362 4548 mores
382 4481 532 4547 revocari
545 4503 750 4572 consuevere
765 4483 933 4549 homines.
952 4484 1000 4549 Cl.
1026 4481 1186 4571 Cornely,
1201 4485 1246 4562 Il,
1269 4489 1299 4563 l,
1316 4505 1399 4571 pag.
1421 4488 1476 4547 71.

226 4594 380 4657 Ceterum
401 4594 507 4654 totam
527 4610 602 4655 enm
624 4587 789 4672 fabulum,
806 4590 932 4656 librum
949 4596 1123 4679 repertum
1144 4611 1215 4656 esse
1237 4597 1339 4655 11111
1350 4610 1498 4683 ,prorsus

180 4696 349 4783 ignotum,
368 4696 417 4762 uti
439 4694 673 4780 monebamus,
691 4695 768 4761 ideo
790 4696 895 4763 nullis
916 4720 986 4764 non
1010 4696 1191 4764 conatibus
1210 4694 1358 4761 lulciunt
1377 4695 1498 4762 adver·
