3366 5346
180 292 239 350 5l2
553 305 630 349 ACTA
653 304 783 348 utililas
804 303 868 346 bibl
889 302 982 345 viria
1004 301 1119 346 uci'sts.

224 446 347 507 Verum
365 439 517 506 indidem
539 444 643 529 patet,
669 460 726 504 eos
745 459 816 503 non
837 435 927 502 tradi
953 436 1086 525 penitus
1106 436 1322 525 perimendos
1350 458 1357 504 :
1390 457 1507 525 repu-

178 556 264 634 gnat
283 546 412 636 quippe
437 552 581 612 naturae
608 545 723 623 lahve,
748 549 786 610 ut
811 542 975 609 stultitiae
1004 542 1147 631 plenum
1176 542 1343 609 concedat
1375 542 1511 608 trium-

180 656 300 743 phum.
329 652 438 738 igitur
462 675 547 739 gens
575 652 636 718 illa
661 671 796 717 rursum
823 649 867 715 ad
889 648 1055 714 invidiam
1082 649 1283 738 provocabit
1310 649 1449 716 luhrcn
1476 653 1513 714 et

179 790 194 819 «
213 758 364 825 irritabit
383 787 397 818 a
412 781 489 826 eum
509 758 555 847 (v.
577 759 645 846 27),
659 757 837 823 victoriam
853 756 894 821 de
913 754 1075 822 Hebraeis
1094 754 1175 834 sibi,
1200 779 1271 822 non
1290 755 1343 821 illi
1372 754 1508 822 adscri-

178 868 273 933 bens.
290 870 416 932 Eorum
432 864 576 931 stultitia
593 872 626 930 et
645 862 849 954 perversitas
863 885 894 927 v.
912 867 1028 928 28-31.
1048 868 1165 929 32-35r
1179 861 1324 949 integris
1346 862 1509 951 strophis

184 972 390 1039 describitur
408 991 415 1037 ε
430 993 579 1059 quorum
606 991 750 1060 poenam
771 978 802 1035 et
826 968 891 1058 ipsi
912 968 948 1034 iu
976 995 991 1029 a
1019 967 1210 1035 novissimis
1238 996 1254 1028 »
1278 968 1347 1035 suis
1373 971 1417 1055 (r.
1445 969 1506 1058 29)

175 1079 402 1168 experientur,
424 1078 562 1166 quaudo
587 1100 618 1144 v.
645 1084 686 1141 37
708 1081 905 1142 ostensurus
926 1080 976 1141 est
994 1075 1106 1155 lehre,
1131 1097 1249 1142 eorum
1272 1074 1354 1141 deos
1371 1074 1505 1142 nullibi

177 1208 248 1252 esse
272 1208 348 1266 seu,
376 1184 471 1273 quod
496 1183 589 1249 idem
616 1189 681 1263 est,
705 1204 775 1249 esse
803 1181 998 1263 non-de0s;
1027 1189 1099 1247 tum
1124 1183 1259 1270 penitus
1277 1181 1359 1247 illae
1380 1187 1506 1268 gentes

179 1297 409 1358 conterentur.

225 1403 293 1464 Una
312 1397 412 1464 nobis
432 1397 648 1463 discutienda
680 1399 835 1485 superest
856 1418 931 1476 vox,
957 1410 1019 1467 rr,
1036 1407 1148 1484 petra,
1180 1418 1269 1484 quae
1288 1395 1337 1461 ita
1364 1395 1402 1460 in
1438 1396 1504 1462 hoc

182 1503 314 1571 cantico
337 1503 521 1592 prominet,
547 1509 583 1569 ut
607 1502 749 1592 quidam
773 1503 974 1590 interpretes
995 1501 1085 1568 illud
1107 1501 1361 1591 appellaverint
1383 1529 1398 1562 a
1423 1523 1507 1569 can·

182 1612 285 1676 ticum
302 1615 420 1698 petrae
450 1637 479 1676 o.
505 1614 592 1675 llaec
608 1609 716 1695 igitur
736 1631 800 1674 vox
819 1610 970 1696 (praeter
985 1631 1016 1673 v.
1035 1615 1087 1690 13,
1107 1609 1168 1674 uhi
1183 1607 1302 1697 utique
1318 1608 1441 1694 agitur
1462 1608 1507 1676 de

182 1721 281 1804 petra
303 1715 484 1801 materiali)
506 1717 654 1781 retertur
675 1715 719 1781 ad
750 1719 855 1781 [teum
882 1715 936 1780 rel
965 1714 1076 1781 deos:
1103 1715 1146 1780 cl.
1169 1738 1201 1780 v.
1235 1720 1410 1795 15.18.30,
1444 1714 1505 1782 ubi

182 1838 232 1886 aas*
252 1821 416 1911 parallelo
437 1821 600 1888 scribitur
622 1822 666 1887 ad
687 1808 760 1891 aba,
778 1809 830 1892 ba,
849 1837 932 1883 aar.
954 1825 1025 1886 Non
1046 1827 1094 1887 est
1111 1844 1235 1887 uoluere
1259 1821 1400 1910 aliquod
1419 1844 1506 1911 pro-

177 1930 307 2018 prium,
333 1928 383 1995 uti
411 1950 538 1994 nomen
560 1929 673 2010 lubre,
696 1949 776 1994 nam
797 1927 1000 2017 praefigitur
1022 1927 1204 2009 articulus;
1228 1927 1370 1994 nomine
1396 1929 1506 1995 Iahve

180 2043 251 2101 tam
267 2034 461 2124 emphatice
484 2057 515 2101 v.
547 2043 565 2100 3
591 2034 782 2124 appellato,
805 2033 901 2100 haud
916 2033 1009 2100 erodi
1025 2039 1135 2122 potest
1154 2039 1274 2100 auctor
1292 2033 1387 2101 illico
1404 2034 1506 2102 aliud

182 2163 307 2208 nomen
321 2141 501 2231 proprium
513 2141 740 2227 subiungere,
758 2162 872 2228 neque
886 2139 1078 2229 quidquam
1094 2147 1310 2230 compertum
1330 2140 1507 2208 babemus

182 2247 225 2312 de
241 2247 381 2318 nomine
401 2246 516 2334 aliquo
536 2247 677 2336 proprio
692 2248 746 2313 bei
765 2262 825 2317 us,
847 2269 958 2334 neque
981 2246 1072 2335 apud
1094 2247 1264 2313 Hebraeos
1279 2270 1391 2336 neque
1405 2247 1506 2337 apud

183 2352 268 2417 alias
289 2358 422 2437 gentes
450 2357 506 2418 Est
530 2374 613 2437 ergo
636 2374 758 2417 nornen
784 2353 842 2418 Dei
866 2351 1127 2441 appellativum,
1155 2353 1248 2441 quod
1272 2355 1365 2419 LXX
1397 2354 1503 2445 Vulp.

184 2463 315 2523 vertere
333 2460 432 2533 lieres,
452 2461 552 2545 l'urp.
572 2457 684 2544 fortis,
709 2458 871 2547 quodque
892 2457 1062 2547 reperitur
1076 2460 1111 2523 in
1133 2459 1332 2525 nominibus
1346 2459 1505 2526 virorum

185 2564 260 2631 aevi
279 2563 418 2630 mosaici
438 2562 655 2645 Surisaddai,
682 2565 883 2649 Pliadassur,
906 2565 1027 2644 Elisur,
1046 2565 1156 2631 Suriel
1177 2566 1230 2654 (cl.
1257 2568 1311 2631 CN
1338 2589 1374 2655 p.
1405 2568 1504 2655 210).

185 2675 259 2736 Non
269 2678 385 2737 tamen
401 2671 465 2736 boo
478 2693 604 2737 nomen
619 2672 678 2738 bei
693 2672 940 2762 appellativum
954 2671 1151 2738 immediato
1167 2672 1295 2762 petitur
1311 2694 1332 2738 a
1345 2674 1508 2762 proprie·

185 2777 381 2865 tatcaliqua
405 2777 601 2857 divinanti
626 2780 767 2844 nomina
789 2777 902 2858 sortis,
918 2778 1152 2866 omnipotens;
1177 2778 1236 2845 sed
1261 2779 1507 2868 ametaplrora

184 2880 312 2971 aliqua,
326 2906 413 2972 quae
431 2885 503 2973 ipsa
522 2884 641 2973 utique
657 2884 809 2973 aliquam
825 2885 1072 2974 proprietatem
1088 2884 1240 2951 divinam
1254 2885 1369 2952 refert.
1392 2891 1509 2964 Quae·

184 3011 264 3054 nam
280 2996 330 3055 est
349 2991 434 3055 llaec
448 2990 564 3055 divina
581 2991 794 3079 proprietas?
809 2994 892 3057 Cum
914 2997 1025 3056 totum
1039 2991 1209 3057 canticum
1226 3014 1266 3057 eo
1284 2991 1507 3079 potissimum

184 3094 317 3174 tondat,
344 3101 381 3159 ut
394 3095 551 3160 lsraelem
568 3097 621 3161 vel
641 3103 812 3162 errantem
826 3096 868 3162 ad
879 3096 1045 3185 siclueium
1061 3103 1235 3185 provocet,
1254 3103 1397 3164 vocatur
1413 3104 1507 3165 Deus

184 3215 245 3272 aar,
267 3212 381 3289 petre,
414 3208 581 3290 quatenus
608 3202 740 3291 inipso
766 3202 936 3292 reperitur
963 3203 1224 3270 tundamentum
1247 3204 1325 3270 talis
1349 3204 1506 3272 fiduciae

184 3315 326 3395 propter
347 3306 420 3374 eius
451 3335 465 3365 (ι
491 3306 694 3395 fidelitatem
721 3309 948 3398 improbitatis
972 3317 1145 3398 expertem
1173 3339 1186 3369 r
1214 3332 1246 3376 v.
1270 3317 1300 3378 t.
1333 3311 1504 3378 Pulcher-

185 3414 271 3479 rime
296 3415 446 3503 prolecto
477 3414 560 3482 haec
588 3416 787 3504 metaphora
808 3415 905 3482 ideae
929 3416 1052 3483 cantici
1081 3416 1274 3507 adaptatur.
1302 3422 1371 3495 Quo
1397 3440 1507 3486 sensu

187 3543 217 3586 v.
242 3526 280 3586 15
296 3519 422 3586 dicitur
439 3521 540 3586 lsrael
563 3552 577 3582 «
604 3521 705 3588 stulte
722 3522 917 3611 repudiasse
932 3528 1064 3611 petram
1086 3523 1204 3589 salutis
1231 3546 1312 3590 suae
1339 3551 1353 3584 »
1369 3543 1376 3603 ;
1395 3529 1433 3592 et
1452 3525 1507 3593 dii

187 3626 342 3710 gentium
359 3634 602 3715 comparantur
621 3629 755 3708 lahvae,
779 3629 865 3695 sieut
885 3634 1001 3716 petrae
1021 3636 1150 3718 petrae,
1168 3653 1198 3695 v.
1227 3637 1266 3696 31
1294 3652 1301 3698 :
1329 3657 1344 3691 α
1369 3633 1508 3700 etenim

188 3753 257 3797 nou
273 3730 359 3797 sicut
372 3738 469 3821 petra
481 3738 609 3816 nostra,
627 3741 724 3823 petra
738 3756 855 3801 eorum
869 3763 884 3796 »
895 3787 905 3818 ,
925 3739 957 3801 et
971 3757 1001 3800 v,
1018 3742 1079 3802 37:
1099 3764 1114 3795 «
1128 3735 1189 3801 ubi
1204 3742 1284 3802 sunt
1298 3735 1347 3802 dii
1363 3759 1506 3821 eorum,

187 3843 286 3926 petra
302 3837 345 3904 ad
362 3860 466 3928 quam
495 3840 746 3925 confugerunt?
767 3871 781 3897 »
803 3845 886 3907 Sunt
907 3864 986 3907 vero
1005 3848 1113 3907 textus
1135 3842 1254 3931 aliqui,
1276 3843 1403 3932 quibus
1428 3867 1509 3914 me-

188 3946 333 4034 taphora
351 3951 468 4035 petrae
491 3945 625 4013 videtur
641 3970 766 4036 parum
790 3970 861 4014 esse
883 3952 973 4036 apta.
999 3949 1046 4015 Cl.
1068 3970 1156 4036 quae
1180 3948 1331 4017 dicemus
1346 3950 1390 4016 ad
1408 3974 1444 4020 v.
1469 3959 1504 4021 l.

190 4057 241 4117 18.
260 4058 314 4118 30.

224 4265 292 4314 Aliis
305 4268 388 4314 etiam
408 4269 528 4319 textibus
540 4274 589 4323 'tiz'
605 4270 641 4319 ad
659 4271 747 4319 Deum
763 4270 890 4321 retertur.
908 4271 1080 4330 Quibusdam
1098 4286 1131 4323 ea
1145 4287 1200 4322 rox
1217 4274 1351 4337 parallelo
1366 4277 1508 4329 scribitur

187 4353 220 4400 ad
239 4354 319 4401 latire
339 4356 383 4404 vel
401 4361 490 4405 bertr:
512 4358 520 4406 l
542 4357 611 4415 llere.
635 4360 693 4419 262,
716 4360 816 4423 lReg.
839 4361 918 4410 ΝΜ
935 4360 980 4423 (z
996 4361 1041 4410 rs.
1062 4359 1289 4429 17[18],:r1);1‘s.
1311 4360 1508 4430 attritioni

188 4442 302 4508 littam
326 4442 361 4491 ls.
385 4442 456 4501 l=t,8;
474 4445 543 4494 ilat).
569 4448 637 4507 aba
655 4449 694 4497 ita
710 4455 738 4497 ut
756 4450 923 4512 quandoque
944 4452 1034 4500 oratio
1053 4452 1167 4501 miniiuc
1181 4451 1333 4503 adhaereat
1352 4457 1437 4517 tropo
1451 4470 1507 4521 pe·

188 4541 256 4580 uae.
277 4530 318 4582 Cl.
340 4531 385 4581 Ps.
406 4532 438 4582 ri
455 4532 536 4597 tutti
555 4549 561 4582 :
580 4551 590 4581 ι
616 4537 658 4585 Ad
679 4543 705 4586 te
724 4537 810 4587 [abre
831 4539 929 4595 clamo,
947 4548 1026 4602 petra
1040 4553 1111 4590 mea.
1128 4554 1164 4592 nc
1178 4541 1353 4592 obmutescas
1372 4544 1446 4595 mlbi
1473 4560 1504 4603 »;

193 4620 263 4682 liltl
275 4620 341 4686 il),l
360 4639 365 4671 :
383 4638 393 4668 e
413 4622 580 4673 Benedictus
596 4624 681 4674 iabre
701 4628 779 4688 petra
795 4641 866 4688 inea,
886 4630 933 4691 qui
951 4628 1031 4678 (ilicet
1045 4642 1145 4680 suarius
1164 4642 1241 4681 ineas
1261 4630 1399 4692 proellum
1418 4627 1444 4683 ι’.
1463 4635 1503 4687 Is.

190 4710 268 4770 :itala
285 4726 296 4756 r
311 4713 390 4774 petra
406 4711 516 4763 lsrael»
539 4718 587 4764 aut
601 4715 642 4765 est
657 4715 808 4778 appellatio
822 4716 882 4778 Dei,
902 4720 949 4767 aut
964 4716 1036 4767 idem
1052 4722 1132 4769 sonat
1148 4726 1257 4783 atque«
1276 4731 1357 4769 mons
1370 4719 1461 4774 lubre
1477 4740 1504 4775 s.
