3366 5346
475 311 524 356 nar
548 311 647 364 aucae
670 310 912 356 ranrlrsucncu
934 311 1153 356 rnovmsrrrm.
1267 347 1272 357 .
1418 299 1475 358 1:39

149 470 220 514 non
236 453 410 534 crotopus
428 452 500 512 tem
524 445 688 511 distincta
711 443 830 532 legum
855 450 891 512 V.
914 450 951 515 T.
976 445 1115 529 notitia,
1135 467 1223 536 quae
1238 446 1322 534 ipsis
1334 448 1473 514 tandem

154 577 222 620 non
237 559 349 635 erant,
371 559 430 619 aut
453 574 521 619 non
544 551 665 618 eadem
686 551 819 618 ratione
842 560 938 619 erant
958 551 1202 621 observandae.
1226 555 1474 621 Pentateuchus

155 660 282 726 donum
297 666 346 725 est
360 658 626 726 christianorum
642 658 758 725 usibus
774 657 878 747 plane
893 658 1199 726 accommodatum.

197 766 297 832 Liber
312 765 368 832 bic
394 768 443 832 est
466 765 610 832 verbum
634 764 711 846 Dei,
733 764 851 832 divina
874 763 1100 854 inspiratione
1126 773 1239 832 ortum
1264 771 1299 833 et
1322 773 1472 845 auctum,

155 872 333 939 hominum
366 871 542 960 impietate
579 870 821 953 imminutum,
845 893 863 937 e
887 869 1045 960 pluribus
1077 872 1212 961 scriptis
1243 872 1419 962 inspiratis
1439 873 1476 938 in

155 1001 261 1046 unum
286 983 504 1065 congestum,
521 979 635 1043 forma
657 976 695 1043 in
719 976 926 1066 quibusdam
946 977 1095 1044 fortasse
1120 983 1306 1061 mutatum,
1323 979 1383 1045 sed
1407 1000 1477 1047 non

157 1108 202 1152 re.
221 1085 324 1152 Liber
343 1085 417 1166 hie,
441 1090 580 1174 praeter
595 1083 765 1173 quaedam
786 1105 875 1172 quae
900 1084 932 1148 ei
947 1083 1107 1173 deinceps
1131 1085 1317 1152 accrevisse
1336 1086 1479 1153 demon·

156 1197 319 1277 strantur,
337 1190 508 1259 mosaicus
523 1197 572 1256 est
588 1211 596 1258 :
614 1189 762 1279 primum
779 1188 933 1269 materia,
948 1191 1008 1279 qui
1023 1195 1113 1259 totus
1126 1191 1169 1257 sit
1184 1191 1227 1257 de
1242 1191 1324 1259 actis
1337 1194 1475 1280 Moysi53

157 1298 261 1365 etiam
277 1297 431 1384 origine,
450 1296 547 1365 cuius
561 1317 680 1363 omnes
694 1299 808 1384 partes
827 1300 938 1383 Moyse
961 1296 1142 1385 superstite
1160 1297 1307 1387 scriptae
1326 1298 1478 1389 primurn

157 1405 251 1471 luere
266 1403 336 1470 sive
360 1403 404 1470 ab
428 1404 501 1492 ipso
523 1407 649 1489 lloyse,
672 1402 741 1481 sive
762 1425 802 1469 eo
823 1402 964 1469 iubente
984 1408 1018 1468 et
1038 1406 1266 1493 approbante.
1283 1409 1406 1473 Verum
1428 1413 1478 1473 est
1570 1394 1574 1403 ¹

159 1510 314 1577 iudaicae
328 1509 524 1577 traditionis
542 1509 677 1575 axioma
692 1536 708 1568 a
735 1512 860 1596 Moyses
879 1508 1014 1597 scripsit
1037 1508 1163 1576 librum
1186 1533 1286 1577 suum
1305 1538 1340 1593 n,
1356 1533 1476 1578 verum

159 1640 198 1683 eo
213 1639 329 1696 sensu,
347 1638 414 1704 quo
435 1615 524 1681 illud
547 1637 567 1681 a
588 1614 720 1682 ludaeis
737 1614 961 1698 statuebatur,
981 1616 1041 1704 qui
1059 1637 1129 1682 nan
1155 1616 1312 1684 anticum
1328 1617 1370 1685 de
1385 1617 1475 1685 libro

157 1722 313 1787 serebant
334 1720 513 1801 iudicium,
535 1720 594 1788 sed
613 1743 701 1810 quae
726 1742 747 1786 a
771 1720 959 1788 maioribus
978 1721 1105 1789 tradita
1119 1728 1323 1812 acceperant
1337 1724 1476 1813 profite-

157 1827 298 1908 bantur3
323 1826 436 1894 verius
467 1849 573 1917 quam
601 1827 671 1894 alia
695 1827 865 1917 quaedam
891 1827 1042 1895 eiusdem
1066 1828 1262 1897 traditionis
1291 1831 1473 1911 axiomata,

157 1934 346 2000 Samuelem
359 1934 531 2023 scripsisse
547 1933 675 2000 librum
691 1955 807 2016 suum,
826 1934 917 1999 viros
930 1955 1076 2021 magnae
1090 1956 1288 2023 synagogae
1303 1937 1475 2026 scripsisse

158 2038 366 2107 Ezechielem
383 2045 415 2106 et
428 2039 609 2106 duodecim
622 2040 812 2129 propbetas
825 2040 882 2129 (cf.
901 2040 1047 2129 Gornelp
1061 2046 1088 2107 ll
1102 2047 1134 2108 2.
1149 2047 1213 2109 l59
1225 2063 1303 2132 sqq.
1316 2049 1380 2110 518
1390 2043 1472 2133 sq).

200 2146 288 2213 lllud
312 2145 451 2213 tandem
468 2146 533 2213 hae
552 2151 625 2213 tota
647 2151 764 2213 nostra
780 2145 1010 2236 disputatione
1032 2146 1227 2230 edocemur,
1249 2149 1343 2238 quod
1363 2171 1476 2238 neque

157 2258 386 2319 antecessores
410 2259 546 2320 nostros
563 2252 686 2334 latuit,
708 2274 779 2319 non
801 2260 960 2342 oportere
979 2252 1131 2340 ingenua
1143 2254 1211 2321 lide
1228 2255 1351 2345 recipi,
1369 2278 1475 2345 quae-

158 2381 294 2448 cunque
323 2359 498 2426 affirmant
527 2358 729 2426 traditiones
750 2358 969 2443 ludaeorum,
996 2359 1056 2427 sed
1079 2360 1303 2448 integerrime
1324 2362 1473 2430 discuti:

157 2466 288 2533 habent
309 2487 370 2533 eae
391 2487 512 2533 aurum
536 2467 680 2532 mixtum
706 2465 841 2548 scoriis,
869 2468 1047 2533 veritatem
1069 2472 1206 2534 auctam
1228 2468 1364 2536 fabulis.
1386 2472 1476 2546 Quae
1547 2496 1550 2501 ·
1662 2454 1668 2465 ’

111 2642 115 2650 ,
157 2572 248 2638 inter
267 2570 335 2638 alia
358 2571 549 2653 affirmant,
571 2577 621 2638 tot
643 2571 766 2660 elapsis
784 2573 929 2638 saeculis
950 2579 1078 2640 textum
1101 2573 1290 2640 hebraeum
1318 2597 1476 2663 perseve-

158 2701 248 2744 rasse
271 2678 480 2745 adamussim
507 2678 630 2758 talem,
657 2677 770 2767 qualis
799 2700 839 2742 ex
867 2684 1046 2745 auctorum
1069 2678 1210 2746 calamis
1238 2680 1402 2761 fluxisset3
1425 2682 1477 2746 af·

158 2785 311 2868 firmant,
328 2807 391 2874 per
419 2784 569 2874 plurima
592 2788 750 2874 portenta
771 2788 850 2850 LXX
870 2806 967 2850 suam
986 2785 1177 2851 versionem
1196 2807 1365 2867 exarasse3
1384 2787 1476 2852 affir-

159 2898 268 2972 mant,
293 2891 400 2957 libros
426 2890 749 2980 sacros-aliqnando
775 2892 911 2980 penitus
935 2889 1133 2980 deperditos
1161 2891 1292 2979 insigni
1316 2891 1418 2981 plane
1442 2898 1476 2959 et

156 2998 313 3065 inaudito
331 2998 497 3065 miraculo
515 2998 560 3064 ab
583 2997 688 3064 Esdra
707 2997 791 3064 tales
807 2996 964 3080 omnino,
989 2997 1108 3086 quales
1132 3001 1209 3065 ante
1231 2997 1383 3080 luissent,
1404 3021 1475 3066 esse

158 3106 340 3172 restitutos.
358 3104 581 3194 Septuaginta
596 3103 748 3170 virorum
766 3103 906 3171 cellulas
916 3105 1069 3199 explosas
1083 3104 1153 3170 iam
1169 3104 1320 3171 habebat
1332 3109 1364 3174 S.
1382 3105 1473 3176 Hier.

159 3212 274 3279 Thesis
297 3212 339 3279 de
360 3210 623 3301 incomparabili
644 3214 753 3276 textus
777 3209 918 3276 hebraei
942 3210 1154 3294 excellentia,
1174 3233 1263 3300 quae
1283 3211 1475 3301 primorum

160 3319 305 3385 maxime
325 3318 585 3409 protestantium
609 3318 742 3384 animos
767 3316 961 3399 obsidebat,
982 3339 1075 3384 nunc
1092 3317 1137 3383 ad
1155 3319 1335 3406 aequiores
1351 3319 1476 3385 limites

161 3431 317 3493 revocata
341 3425 560 3515 conspicitur.
582 3424 804 3492 admittenda
822 3423 962 3490 omnino
983 3429 1032 3490 est
1056 3428 1188 3508 strages
1218 3424 1279 3490 illa
1300 3446 1475 3490 sacrorum

161 3531 328 3597 librorum
354 3538 503 3599 extremo
527 3554 648 3618 regum
673 3554 758 3597 aevo
786 3531 893 3610 sacta,
916 3552 1017 3618 quam
1047 3529 1106 3595 alii
1140 3529 1245 3596 etiam
1268 3536 1404 3618 praeter
1423 3535 1474 3596 Ps.

162 3637 301 3703 Esdram
317 3644 416 3705 testes
439 3645 647 3718 asseverant,
665 3639 760 3705 cuius
776 3637 812 3703 in
837 3659 933 3703 sacro
945 3641 1036 3703 textu
1051 3635 1197 3702 indubia
1212 3635 1477 3725 deprehendun-

162 3749 218 3809 tur
237 3743 382 3829 vestigia
404 3744 544 3829 (factum
565 3745 824 3826 Heleiae,lleut.
852 3749 965 3824 2929,
989 3742 1092 3831 ete),
1110 3743 1170 3808 sed
1193 3743 1367 3829 neganda,
1389 3766 1477 3833 quae

162 3850 336 3917 communi
351 3872 516 3917 consensu
538 3857 698 3938 negatur,
723 3856 918 3940 portentosa
943 3849 1004 3915 illa
1023 3848 1191 3916 librorum
1218 3849 1399 3916 restitutio.
1419 3851 1476 3915 Af-

161 3956 331 4024 firmanda
348 3958 516 4025 restitutio
540 3957 630 4040 talis,
655 3957 766 4046 qualis
785 3965 861 4045 post
882 3962 1013 4023 tantam
1033 3963 1199 4044 stragem,
1218 3956 1398 4022 hominum
1419 3957 1477 4045 pia

161 4063 274 4130 studia
293 4065 431 4132 iuvante
457 4070 490 4131 et
510 4071 652 4152 regente
673 4063 814 4153 speciali
836 4061 953 4130 divina
972 4062 1205 4154 providentia,
1228 4061 1304 4129 fieri
1317 4068 1351 4128 et
1364 4062 1476 4152 potuit

161 4176 194 4237 et
208 4170 343 4256 debuit,
360 4194 517 4263 quaeque
541 4171 678 4239 abunde
697 4170 888 4237 consuleret
911 4193 1083 4239 sacrorum
1109 4170 1274 4237 librorum
1292 4169 1428 4237 veritati
1443 4175 1476 4235 et

162 4279 391 4367 inspirationi.

818 4436 832 4471 0

706 4539 940 4550 -α
