3366 5346
716 320 802 363 narr.
825 304 907 374 333.
1411 309 1465 366 541

155 451 281 519 babilis
295 451 378 518 item
398 451 593 518 emendatio
614 454 654 518 d.
675 475 707 518 r.
735 452 815 519 Gall
831 453 958 540 (Altisr.
981 453 1196 535 liultstatten,
1214 455 1349 520 Giessen
1370 461 1467 540 1898,

156 581 190 647 p.
210 557 265 645 11)
283 545 371 629 ruah.
384 555 513 646 populo
531 580 604 639 sao,
623 578 771 645 quaeum
791 557 947 624 conteras
961 573 1022 626 *nr
1039 582 1069 624 v.
1089 565 1107 623 3
1127 560 1315 628 secundum
1332 565 1424 629 Lxx.

199 663 423 752 Appellantur
448 664 557 750 igitur
586 663 719 743 itineris
751 686 813 751 per
838 663 1011 730 desertum
1040 664 1201 732 stationes
1227 670 1388 755 quatuor,
1410 669 1471 735 ubi

155 769 301 834 maxime
317 769 465 855 gloriose
485 769 721 836 manifestatus
742 775 791 836 est
811 770 926 852 lahvc,
945 793 1013 836 non
1033 793 1073 836 eo
1093 770 1234 859 quidem
1250 773 1383 856 ordine,
1402 797 1471 864 quo

153 875 297 942 Hebraei
327 876 402 942 illas
433 875 592 960 attigere,
617 875 706 964 quod
734 876 771 942 in
799 876 931 965 poetica
961 877 1221 945 enumeratione
1249 900 1471 969 nequaquam

155 981 417 1070 requirebatur:
436 1003 533 1047 mons
556 980 660 1064 Sinai,
679 1003 777 1048 mons
800 983 873 1047 Seir
892 981 1002 1070 (Num.
1023 983 1067 1047 20
1089 983 1170 1071 sq),
1191 983 1362 1050 desertum
1382 987 1470 1053 Pha-

103 1157 104 1160 ,
153 1110 217 1154 ran
233 1087 329 1154 cuius
356 1110 433 1178 pars
456 1087 670 1177 potissimum
690 1088 966 1177 septentrionalis
993 1087 1139 1155 collibus
1165 1087 1277 1155 obsita
1302 1097 1362 1177 est,
1390 1097 1469 1159 tau·

155 1194 233 1261 dem
265 1194 380 1261 Gades.
409 1195 511 1260 lahve
541 1193 618 1260 solis
648 1195 757 1261 instar
787 1194 910 1274 oritur,
938 1194 1085 1283 resolqet
1112 1200 1215 1284 atque
1242 1194 1289 1262 ita
1318 1196 1468 1285 gloriose

154 1299 316 1367 incedens
340 1300 500 1367 Cadesam
526 1300 693 1389 pervenit.
715 1305 753 1367 Et
771 1306 861 1375 nota,
879 1299 930 1367 uti
953 1305 1048 1366 Deut.
1069 1307 1099 1383 1,
1116 1301 1162 1366 ita
1187 1300 1291 1367 etiam
1312 1303 1346 1369 h.
1366 1303 1388 1370 l.
1408 1303 1468 1370 de-

154 1406 256 1473 scribi
270 1408 335 1473 iter
351 1428 418 1472 non
437 1406 481 1472 ab
495 1412 662 1496 Aegypto,
681 1405 740 1472 sed
757 1429 776 1472 a
790 1405 882 1474 Sinai
897 1405 1060 1473 Cadesam
1075 1429 1193 1496 usque.

201 1539 216 1573 α
242 1515 282 1578 ln
306 1511 445 1579 dextera
470 1514 541 1578 circs
565 1511 668 1601 iprae
696 1512 751 1578 lec·
775 1539 805 1578 ».
831 1529 873 1576 nt
893 1528 956 1584 ur,
984 1512 1199 1601 iqais'leqis,
1222 1516 1390 1604 expressio
1418 1517 1469 1582 in·

153 1624 259 1700 sueta,
280 1640 401 1687 vocum
422 1617 506 1684 ordo
523 1618 641 1701 durus,
662 1634 703 1681 na
724 1641 786 1684 vox
804 1620 936 1707 persica
957 1625 1032 1708 post
1046 1619 1203 1686 exsilium
1225 1621 1260 1685 in
1276 1642 1468 1689 sermonem

154 1723 343 1791 hebraeum
372 1725 566 1814 importata.
589 1724 727 1791 Codices
758 1724 858 1791 multi
891 1725 1014 1811 legunt
1049 1727 1183 1792 unicam
1215 1748 1333 1793 vocem
1361 1742 1468 1798 urnae

154 1843 334 1910 montana,
354 1831 461 1896 cliens
480 1851 487 1896 :
506 1831 564 1897 sed
579 1836 701 1898 statum
719 1836 947 1913 constructum
965 1845 1059 1895 ntur
1078 1832 1201 1920 nequit·
1218 1832 1372 1920 excipere
1393 1856 1470 1922 pro-

154 1958 278 2002 nomen
292 1925 349 2001 ’.τιὸ
366 1938 480 2025 (Hebr.
503 1940 624 2023 Sanc),
642 1937 734 2025 qnod
758 1959 778 2003 a
808 1936 904 2025 anq.
932 1939 1010 2025 Syr.
1033 1936 1214 2020 omittitur,
1241 1940 1332 2003 LXX
1351 1940 1471 2026 legen·

154 2042 246 2110 tibus
265 2058 324 2111 mr
342 2063 348 2105 :
366 2041 451 2132 quid
470 2048 585 2110 autem
606 2048 687 2110 sunt
703 2027 869 2109 rrr‘orctaoo
889 2042 1014 2132 populi
1028 2043 1104 2111 sni?
1117 2047 1238 2109 Tertus
1255 2043 1399 2111 indubie
1421 2052 1471 2111 cst

153 2155 347 2239 corruptus,
360 2156 552 2232 truncatus;
566 2149 739 2216 consentio
751 2149 795 2232 ci,
814 2148 908 2238 quod
924 2149 1008 2215 mihi
1024 2149 1178 2235 suggerit
1193 2151 1218 2216 l.
1231 2153 1271 2216 K.
1288 2153 1419 2217 Zerrncr
1430 2154 1466 2218 S.

154 2260 196 2338 l.,
214 2258 385 2343 integram
406 2256 480 2322 ¹fere
500 2257 676 2345 stropham
702 2256 736 2321 h.
753 2255 778 2321 l.
802 2255 974 2322 excidisse.
994 2260 1045 2322 Sc.
1068 2255 1345 2346 quandocunque
1372 2263 1466 2324 Dent.

154 2369 195 2429 33
212 2362 321 2428 oratio
341 2361 524 2441 incalescit,
540 2361 616 2428 ssuit
635 2361 693 2427 illa
713 2361 861 2450 strophis
883 2361 1097 2449 symmetrice
1114 2360 1296 2449 dispositis.
1317 2368 1469 2430 lamvcro

153 2468 190 2534 in
210 2468 361 2547 exordio,
383 2469 485 2555 quale
506 2489 596 2534 nuuc
614 2467 755 2552 legitur,
780 2468 875 2533 deest
895 2466 1095 2553 symmetria
1113 2487 1119 2532 :
1137 2468 1298 2554 strophae
1316 2470 1469 2558 quinque

153 2573 341 2639 stichorum
362 2576 406 2661 (v.
425 2575 471 2662 2),
494 2595 581 2662 quae
603 2573 702 2638 lahve
722 2573 905 2639 adrentum
924 2573 1142 2638 cadesianum
1167 2573 1342 2655 describit,
1361 2597 1469 2662 oppo-

154 2686 285 2745 nuntur
299 2678 386 2746 duae
406 2683 650 2768 quaternorum
671 2678 859 2744 stichorum
877 2679 1048 2766 strophae,
1068 2700 1155 2767 quae
1171 2680 1244 2745 eius
1258 2679 1294 2744 in
1312 2679 1468 2746 lsraelem

154 2786 320 2852 beneficia
341 2785 530 2851 celebrant.
551 2790 703 2863 Quatuor
722 2784 853 2874 priores
870 2784 970 2850 stichi
992 2808 1025 2851 v.
1049 2791 1070 2850 3
1095 2791 1185 2852 certe
1207 2785 1361 2852 efficiunt
1384 2793 1470 2854 stro·

154 2893 261 2981 pham
290 2913 410 2974 unam,
435 2892 518 2980 quia
544 2892 687 2958 eandem
723 2891 837 2957 ideam
863 2891 1037 2981 parallelis
1063 2891 1181 2957 stichis
1204 2892 1376 2981 explicant
1403 2913 1410 2959 :
1436 2899 1470 2960 at

155 2998 296 3086 quintus
314 2998 455 3080 stichus,
470 2998 500 3064 si
519 2997 632 3064 eidem
647 2998 809 3087 strophae
828 2997 1048 3080 attribuatur,
1070 3020 1209 3087 prorsus
1224 2997 1408 3080 claudicat,
1425 2998 1469 3064 ab

153 3104 215 3171 illa
238 3104 316 3171 idea
343 3109 434 3171 certe
458 3112 508 3171 cst
535 3104 679 3185 alienus,
694 3103 842 3192 ideoque
874 3126 985 3193 neque
1013 3103 1222 3170 considerari
1246 3111 1357 3194 potest
1383 3111 1468 3171 tanr-

155 3234 260 3301 quam
275 3210 396 3278 tertius
415 3211 543 3279 stichus
566 3211 708 3279 alicuius
732 3210 877 3277 tristichi
902 3210 1080 3300 stropham
1095 3211 1244 3300 primam
1261 3211 1470 3278 concluden-

153 3319 208 3384 tis.
231 3323 346 3406 Neque
369 3318 417 3383 ita
437 3317 576 3383 difficile
599 3325 650 3383 cst
671 3317 822 3383 indicare
846 3316 976 3393 ideam,
998 3338 1100 3403 (quam
1129 3316 1287 3381 debuerit
1313 3318 1469 3382 evolvere

155 3424 296 3511 stropha
311 3422 383 3500 illa,
403 3444 491 3509 quae
507 3423 641 3487 excidit.

201 3550 232 3593 v.
252 3528 304 3592 2³⁴¹
323 3527 421 3594 nobis
438 3529 567 3594 lahven
589 3527 631 3593 dc
647 3527 739 3593 Sinai
754 3526 917 3592 Cadesam
936 3525 1178 3614 procedentem
1195 3525 1365 3608 describit,
1384 3549 1416 3592 ν.
1434 3533 1469 3592 3-

156 3634 268 3702 seius
288 3634 334 3698 ib.
360 3655 438 3699 cum
464 3633 624 3699 llebracis
649 3632 920 3718 redintegratum
941 3633 1104 3712 savorem,
1123 3654 1154 3696 v.
1181 3640 1216 3697 2⁰
1238 3654 1299 3698 seu
1320 3631 1470 3698 secundo

156 3741 297 3829 stropha
320 3739 460 3806 vocibus
478 3740 646 3828 incipiens
667 3740 702 3805 in
722 3737 862 3804 deutero
885 3739 958 3804 einr
983 3738 1088 3826 ipris,
1109 3736 1323 3805 describebat
1346 3739 1469 3806 lahvae

158 3847 204 3913 ib.
227 3847 264 3912 in
284 3847 450 3936 populum
478 3846 690 3935 pervicacem
710 3868 866 3912 severum
888 3844 1065 3926 iudicium,
1084 3844 1201 3944 populi
1226 3868 1245 3909 a
1266 3847 1367 3911 lahvc
1388 3867 1470 3933 apo-

157 3953 307 4021 stasiam.
324 3955 425 4020 Cuius
439 3954 599 4042 strophae
621 3952 690 4018 iam
713 3974 781 4017 non
803 3958 985 4040 supersunt
1004 3950 1067 4016 nisi
1093 3951 1229 4017 initium
1254 3951 1356 4039 primi
1371 3950 1470 4017 stichi

159 4061 222 4139 (ur
238 4060 360 4139 urum)
383 4063 416 4124 et
438 4065 626 4125 extremum
653 4059 766 4146 quarti
790 4058 888 4124 stichi
914 4045 982 4133 (emb
998 4057 1101 4134 ΜΝΞ.
1130 4056 1285 4122 Praecisa
1310 4063 1360 4122 est
1387 4057 1470 4123 haec

157 4167 310 4257 stropha,
333 4166 433 4233 sicuti
459 4166 648 4255 praecisam
673 4165 945 4252 suggerebamus
963 4167 1026 4250 (CN
1047 4186 1082 4252 p.
1108 4168 1172 4228 213
1192 4164 1282 4252 sqq.)
1300 4163 1470 4229 narratio-

160 4296 237 4341 nem
251 4277 349 4341 Num.
369 4277 511 4339 l‘otuerc
527 4279 653 4351 autem,
667 4293 755 4361 quae
771 4270 883 4337 excisa
897 4277 987 4352 sunt,
1008 4291 1078 4335 esse
1092 4268 1216 4335 similia
1232 4291 1364 4350 corum,
1381 4291 1469 4359 quae

160 4380 322 4466 leguntur
337 4386 412 4447 dm.
431 4385 509 4461 5,Ξό
525 4401 576 4468 sq.

204 4507 235 4552 v.
253 4494 298 4550 3«
310 4485 593 4574 Dilraitpopalos
606 4512 635 4551 o.
649 4489 722 4552 Non
735 4486 790 4570 agi
805 4483 996 4574 dcpopnlis
1007 4482 1065 4550 sed
1077 4482 1120 4549 dc
1131 4483 1259 4572 populo
1273 4504 1333 4548 suo
1346 4482 1467 4568 (hilm
1559 4463 1562 4467 ⁸
1659 4526 1664 4537 ·

161 4590 254 4681 quod
274 4593 365 4658 idem
385 4593 545 4682 exprimit
565 4591 686 4659 Chald.
711 4596 844 4658 vertens
857 4591 998 4679 tribus),
1017 4596 1106 4657 totus
1121 4594 1297 4654 contextus
1316 4586 1467 4653 clamat:

160 4697 289 4764 etenim
305 4701 416 4766 sancti
434 4704 525 4766 certe
546 4705 625 4766 sunt
643 4699 707 4765 soli
729 4697 890 4781 Hebraei,
912 4697 978 4786 ipsi
996 4696 1058 4761 soli
1078 4693 1359 4784 appropinquant
1369 4692 1468 4782 pedi-
