3366 5346
191 294 231 351 50
746 304 957 350 rxrnoorcrro.

191 442 274 509 libri
289 439 404 519 huius,
417 438 477 528 qui
493 443 647 528 repertus
662 444 712 506 est
729 439 983 505 ».Tin1ebatsc.
1000 436 1066 504 sibi
1079 459 1135 503 rex
1154 463 1170 498 «
1187 437 1275 504 iram
1288 437 1402 520 lalrve,
1420 462 1515 529 quac

192 569 355 615 succensa
377 551 478 628 esset,
495 544 587 634 quod
605 568 674 612 non
699 544 874 613 audissent
898 573 913 605 »
933 544 1004 631 (seu
1023 572 1038 605 a
1063 545 1300 611 observassent
1321 573 1353 628 a,
1373 566 1514 615 merum

191 640 336 723 fortasse
358 653 520 721 mendum
540 652 683 738 scribae)
706 680 722 713 a
739 658 855 742 patres
874 651 982 718 nostri
1001 651 1105 717 verba
1126 653 1229 718 lahve
1245 679 1277 733 n,
1292 674 1352 718 seu
1367 680 1384 714 u
1402 655 1513 723 verba

191 761 275 827 libri
296 760 397 827 huius
421 788 450 840 »,
478 786 494 821 α
516 765 554 826 ut
574 759 727 827 facerent
749 757 935 826 secundum
956 759 1090 840 omnia,
1110 779 1198 846 quac
1221 759 1349 847 scripta
1369 766 1450 827 sunt
1472 761 1512 828 in

192 869 283 934 libro
295 868 361 934 hoe
378 895 408 932 ».
429 871 475 933 En
494 865 558 932 tibi
572 866 857 955 perturbatorum
873 865 1067 932 animorum
1083 864 1261 942 rationem.
1280 864 1417 934 Sincere
1433 869 1509 934 eni-

190 997 248 1042 sus
260 979 332 1042 erat
344 996 423 1040 cum
436 973 505 1040 suis
518 972 622 1040 iosias
635 972 716 1039 inde
733 996 753 1038 a
768 973 927 1062 pluribus
940 975 1039 1039 annis
1052 970 1231 1038 restituere
1247 972 1377 1039 cultum
1390 973 1506 1057 labve,

191 1081 385 1149 confidebat
403 1103 437 1146 se
458 1087 529 1146 tam
546 1079 612 1169 piis
631 1079 752 1145 studiis
771 1080 873 1146 lehre
892 1080 1045 1146 savorem
1066 1077 1293 1168 promeritum
1313 1101 1401 1159 esse;
1423 1081 1509 1147 edo-

191 1195 287 1255 cetur
310 1187 398 1266 iarn,
422 1192 561 1275 patrum
590 1207 728 1252 suorum
760 1186 937 1275 (Manasse,
962 1191 1072 1252 Amon
1098 1184 1320 1274 pluriumque
1342 1186 1506 1277 aliorum)

190 1294 297 1384 impie
315 1293 399 1359 actis
418 1292 533 1381 ample
554 1291 782 1381 promeritum
801 1314 874 1359 esse
893 1291 1060 1380 populum
1080 1290 1253 1359 exitialem
1275 1292 1411 1360 ruinam
1434 1312 1506 1361 :au

107 1410 111 1417 '
189 1422 273 1487 ergo
288 1400 407 1466 effectu
428 1399 569 1465 carituri
587 1402 685 1464 erant
700 1403 751 1464 tot
766 1420 936 1465 annorum
951 1399 998 1487 pii
1013 1401 1174 1464 conatus?
1187 1403 1231 1464 lte
1249 1398 1315 1465 hoc
1331 1421 1402 1466 uno
1424 1422 1506 1467 cou-

189 1506 370 1573 sulendam
391 1507 494 1572 fuisse
514 1504 677 1585 Huldam,
694 1527 733 1570 ex
754 1506 826 1572 eius
843 1506 923 1570 ilem
945 1504 1085 1571 oraculo
1104 1503 1290 1590 colligitur,
1310 1504 1401 1594 quod
1421 1505 1504 1573 libri

190 1613 404 1680 authentiam
418 1611 560 1678 omnino
573 1633 771 1700 supponens
785 1611 871 1677 illud
886 1611 1101 1700 pronuntiat,
1119 1610 1232 1678 minas
1247 1610 1296 1678 ib.
1314 1612 1504 1701 descriptas

190 1718 325 1785 eli'eetui
344 1718 485 1807 quidem
507 1718 580 1783 iore
602 1717 831 1798 mandandas,
854 1740 924 1783 non
945 1723 1061 1783 tamen
1079 1738 1162 1803 rege
1182 1717 1269 1784 losia
1290 1718 1469 1808 superstite
1493 1737 1501 1785 :

190 1851 207 1887 «
225 1826 341 1891 omnia
359 1825 463 1891 verba
478 1812 599 1891 thorae
616 1850 632 1885 »
654 1845 713 1889 seu
734 1852 750 1883 «
774 1846 891 1890 omnes
906 1823 1166 1890 maledictiones
1182 1852 1197 1883 n
1216 1811 1353 1904 (naban),
1377 1851 1393 1884 a
1411 1846 1502 1913 quae

186 1932 335 2021 scriptae
354 1932 488 1998 suntin
509 1930 614 2012 libro,
637 1952 739 2018 quem
763 1930 848 2016 legit
869 1952 927 1997 rex
946 1930 1029 1998 luda
1044 1958 1081 2012 a,
1102 1952 1162 1997 seu
1183 1958 1199 1991 «
1223 1953 1325 2019 quem
1342 1929 1503 2018 legerunt

186 2060 302 2106 coram
317 2061 397 2125 rege
413 2036 497 2105 luda
511 2065 526 2096 »
545 2042 578 2125 (l
596 2042 677 2123 Reg.
697 2043 814 2117 22‚16;
833 2041 942 2103 ·2Par.
960 2037 1090 2123 dial).

213 2190 216 2197 ·
232 2151 334 2211 Porro
355 2167 429 2224 rex,
445 2166 488 2210 ne
504 2143 699 2232 quidquam
715 2142 892 2209 videretur
911 2142 955 2209 ad
974 2142 1184 2232 placandum
1204 2165 1330 2210 numen
1347 2150 1502 2234 praetcr-

187 2248 331 2329 misissc‚
347 2249 536 2314 solemnem
550 2247 700 2336 primum
712 2247 858 2313 instituit
871 2246 1023 2335 foederis
1035 2248 1290 2316 renovationem
1305 2256 1324 2317 l
1341 2255 1425 2337 Reg.
1442 2256 1497 2331 23,

187 2362 259 2437 1-3;
275 2362 295 2420 2
310 2360 384 2421 Par.
402 2359 576 2434 atas-32.
590 2353 652 2420 Ubi
664 2358 772 2434 notes,
790 2375 853 2442 pro
861 2353 1041 2443 prophetis
1054 2378 1085 2421 v.
1102 2355 1238 2421 lscrihi
1252 2378 1284 2423 v.
1302 2363 1343 2422 30
1359 2355 1498 2437 tentam

184 2463 274 2529 lecta
293 2484 365 2528 esse
381 2462 417 2527 in
436 2460 565 2550 templo
587 2490 602 2522 (ι
624 2461 727 2528 verba
748 2460 829 2527 libri
838 2460 1003 2548 foederis,
1026 2462 1086 2550 qui
1102 2471 1259 2551 repertus
1275 2470 1325 2530 est
1343 2465 1379 2530 in
1397 2463 1500 2533 domo

187 2570 289 2635 lahve
314 2589 347 2648 »3
370 2569 475 2633 finem
496 2568 729 2634 renovationis
750 2567 857 2634 fuisse
880 2595 896 2627 «
923 2568 1077 2636 stabilire
1102 2597 1117 2628 s
1141 2591 1199 2635 scu
1225 2597 1241 2629 «
1264 2570 1376 2637 facere
1399 2571 1501 2636 cerda

182 2674 329 2763 foederis
342 2674 462 2753 huius,
481 2696 569 2764 quae
583 2675 708 2764 scripta
724 2674 854 2742 suntin
869 2674 958 2741 libro
970 2675 1032 2740 illo
1050 2703 1079 2740 a.

227 2783 415 2868 Divergunt
434 2803 571 2847 rursum
591 2781 679 2848 duae
699 2787 837 2847 nostrae
858 2783 1084 2847 narrationes
1108 2786 1219 2847 2Par.
1243 2787 1359 2863 asa-7
1375 2782 1500 2849 refere-

183 2889 286 2954 batur
307 2889 509 2953 restauratio
531 2909 708 2956 sacrorum
729 2888 850 2952 effecta
873 2909 944 2953 non
964 2889 1001 2953 in
1024 2886 1105 2953 tarde
1128 2888 1269 2976 quidem
1292 2888 1498 2970 Ierusalem,

182 2992 241 3059 sed
257 3015 319 3080 per
335 2993 506 3079 cepionem
523 2992 622 3079 (luda
634 2998 667 3057 et
682 2991 814 3079 lsrael),
832 2992 874 3058 de
890 3016 958 3082 qua
973 2998 1046 3060 tola
1060 3016 1096 3060 re
1109 2994 1263 3061 silebatl
1280 2999 1363 3081 Reg.
1379 3000 1435 3062 2³2.
1453 3000 1500 3062 lle

183 3098 430 3165 restauratione
445 3096 749 3185 Hierosolymitana
764 3098 833 3164 iam
849 3100 920 3165 susc
935 3104 1091 3167 tractati
1107 3106 1190 3188 Reg.
1208 3108 1362 3184 2:3‚t-20,
1380 3101 1499 3192 aliqua

183 3227 216 3270 v.
249 3210 319 3272 5.8.
350 3210 453 3270 15-20
482 3225 569 3292 quae
598 3203 772 3292 cepionem
796 3212 950 3294 spectent
971 3205 1173 3273 admiscens
1198 3209 1292 3275 Unde
1317 3208 1494 3292 clarescit,

182 3333 287 3401 quam
315 3309 439 3377 misere
465 3315 544 3376 ante
572 3312 655 3377 baec
682 3316 875 3401 prostratae
902 3313 1031 3379 suerint
1055 3315 1241 3380 sanctuarii
1267 3338 1336 3396 res,
1365 3315 1401 3381 in
1427 3337 1498 3403 quo

182 3420 392 3507 reperiretur
411 3440 513 3484 omne
536 3439 646 3505 genus
665 3417 877 3484 idololatriae
903 3425 935 3484 et
954 3421 1221 3507 superstitionis,
1239 3421 1350 3503 lucus,
1369 3420 1498 3488 effemi-

180 3526 252 3592 nati
273 3532 337 3592 etc.
360 3525 460 3591 Sec12
480 3530 555 3592 Par.
570 3530 688 3606 3l‚33‚
708 3524 854 3613 quoddo
876 3526 1121 3593 restauratione
1138 3534 1238 3594 antea
1254 3536 1300 3615 (v.
1323 3528 1393 3616 3-7)
1410 3533 1497 3595 trac·

184 3634 291 3695 tntum
314 3631 374 3709 sit,
398 3632 433 3696 b.
455 3631 478 3696 l.
503 3654 577 3698 rem
599 3629 804 3720 compendio
829 3637 963 3697 lantum
990 3633 1144 3720 attingit,
1165 3634 1352 3701 sanctuarii
1371 3633 1496 3702 diserte

182 3758 224 3803 ue
246 3738 405 3802 meminit
426 3736 577 3823 quidem.

225 3843 367 3909 labetur
390 3846 409 3906 l
433 3847 516 3927 Reg.
542 3849 640 3925 2321
663 3843 831 3910 celebrari
852 3845 975 3925 Phase,
1001 3875 1016 3905 κ
1037 3847 1088 3913 uti
1110 3849 1275 3932 scriptum
1297 3852 1347 3914 est
1367 3846 1402 3912 in
1429 3848 1496 3914 hoc

174 3950 328 4040 foederis
345 3948 431 4015 libro
454 3976 483 4014 a.
508 3954 598 4025 Quae
618 3951 803 4017 celebratio
824 3952 895 4017 fuse
916 3951 1120 4019 describitur
1134 3959 1155 4018 2
1170 3958 1245 4020 Par.
1269 3959 1412 4035 aaa-16
1426 3953 1494 4034 ila,

181 4062 218 4123 ut
231 4057 335 4123 simul
350 4061 477 4144 pateat,
496 4057 648 4142 cognitas
664 4056 822 4123 babuisse
835 4063 908 4124 tum
922 4057 1090 4125 Hebraeos
1102 4061 1196 4145 leges
1211 4060 1254 4126 dc
1270 4060 1375 4127 sacris
1390 4059 1495 4127 ctiam

180 4164 280 4241 alias,
295 4168 432 4251 praeter
448 4162 524 4229 illas
539 4185 627 4252 quae
642 4162 730 4228 forto
750 4162 784 4227 in
800 4168 895 4229 Dent.
912 4164 1120 4251 legerentur.
1139 4166 1353 4246 Sacerdotes,
1370 4166 1495 4233 levitae

179 4275 333 4335 cantores
353 4292 414 4335 sua
438 4269 551 4335 officia
575 4269 714 4350 obeunt,
744 4297 759 4329 α
783 4269 870 4336 sicut
893 4272 1073 4360 scripserat
1103 4300 1119 4333 »
1146 4275 1199 4339 rel
1226 4301 1242 4335 a
1268 4273 1495 4340 mandaverat

180 4374 286 4443 llavid
307 4404 323 4435 υ
342 4378 387 4461 (ν.
410 4382 441 4442 l.
466 4376 534 4464 15).
556 4381 732 4443 llonentur
746 4399 778 4444 v.
802 4383 821 4443 o
842 4375 980 4445 edocere
1000 4379 1165 4468 populum
1186 4380 1229 4446 de
1250 4382 1383 4447 ratione
1404 4379 1496 4447 celc-

177 4482 304 4551 brandi
320 4484 428 4549 Phase
446 4511 461 4543 «
478 4482 667 4550 secundum
682 4483 788 4550 verba
800 4485 900 4551 lehre
914 4507 975 4574 per
989 4489 1123 4572 lloysen
1140 4516 1170 4571 n,
1188 4511 1220 4555 v.
1239 4494 1278 4553 12
1295 4488 1495 4554 holocausta

177 4613 375 4682 procurare,
390 4620 405 4651 a
419 4592 507 4658 sicut
517 4592 682 4680 scriptum
694 4597 744 4659 est
753 4591 788 4657 in
799 4591 888 4657 libro
900 4594 1017 4679 lloysis
1030 4622 1059 4676 a,
1073 4617 1158 4683 quas
1169 4593 1404 4684 expressiones
1413 4616 1492 4683 per-

176 4721 297 4788 peram
312 4698 536 4765 affirmaverit
551 4698 628 4787 quis
641 4721 848 4788 synonymas
863 4721 933 4766 esse
947 4701 1170 4789 expressionis
1187 4730 1203 4765 α
1219 4701 1306 4769 sicut
1326 4700 1493 4792 scriptum
