3366 5346
218 295 277 353 ara
690 309 803 351 onarro
826 307 936 352 norsrs
959 309 1062 352 rarus.

218 443 422 521 ererelaerrnn,
437 444 459 508 i.
478 464 507 508 e.
527 440 788 507 similitudinem
806 441 915 507 onnae's
930 454 1075 524 statuae,
1093 440 1264 530 quidquid
1284 446 1413 506 statuae
1426 441 1541 506 simile

218 556 278 618 est,
291 573 322 616 v,
340 557 379 615 19
394 551 465 613 Et«
480 572 521 614 ne
529 550 621 635 forte
634 578 648 608 o
662 586 705 595 -
715 569 760 613 sc.
776 571 808 614 v.
827 554 866 613 19
883 547 1104 614 coordinatur
1116 547 1304 614 sententiae
1317 546 1413 613 finali
1426 570 1457 614 v.
1479 553 1541 613 16-

221 663 260 723 18
281 677 287 723 :
311 656 370 721 illa
385 655 509 740 agebat
525 654 568 720 de
588 655 792 736 simulacris,
812 655 896 721 haee
919 654 961 720 de
987 656 1085 720 astris
1099 694 1142 703 —
1164 683 1180 714 a
1207 653 1347 720 elevatis
1367 653 1476 720 oculis
1491 653 1544 719 ed

217 762 360 846 corloon,
381 762 494 827 ridens
505 760 609 826 solent
625 773 657 826 et
674 760 791 826 limone
807 774 839 826 et
855 761 972 827 ostresio
987 774 1078 828 ostro
1092 759 1177 827 coel-i
1193 789 1223 844 o,
1244 762 1345 827 Hebe.
1362 780 1374 826 .·
1387 760 1492 827 solean
1506 775 1542 828 et

216 869 332 935 terrione
359 881 392 933 et
410 867 543 948 stellas,
561 889 694 933 oneneen
709 867 896 933 exercitam
912 866 1011 948 coeli,
1030 896 1045 928 «
1068 880 1100 934 et
1115 891 1226 933 errore
1244 867 1403 957 deeeptus
1418 867 1541 934 adores

215 998 254 1041 eo
270 988 303 1039 et
316 973 418 1060 colos,
438 996 526 1063 quoe
546 975 674 1040 erraee't
689 974 855 1040 Donn'nus
874 978 961 1040 neos
980 987 1059 1040 terres
1077 974 1131 1062 [in
1147 973 1389 1061 ministerium]
1405 974 1540 1041 cerrectis

214 1081 383 1170 pentibus,
400 1104 489 1170 qnae
503 1083 564 1146 sub
580 1080 671 1146 coelo
684 1092 763 1148 stent
781 1109 810 1147 ».
827 1086 968 1148 Sensum
983 1081 1040 1170 pie
1055 1085 1278 1147 extenuavere
1296 1081 1395 1170 Vulp.
1410 1081 1540 1147 creavit

216 1188 253 1255 in
277 1187 523 1268 neine‘steet'enn,
547 1187 679 1277 Synnn.
702 1186 898 1273 adornavit,
927 1187 1049 1255 Chald.
1077 1189 1310 1277 praepararit.
1340 1188 1403 1253 Sed
1431 1186 1536 1254 Hebe.

217 1282 278 1384 pin
294 1293 462 1379 attribuit,
482 1297 572 1360 LXX
594 1297 748 1379 ἀπένειμε,
774 1295 854 1383 Syr.
874 1284 941 1366 ᾖε,
959 1316 1060 1383 quem
1085 1315 1222 1360 sensum
1249 1295 1391 1360 omnino
1410 1295 1537 1360 confir-

219 1407 288 1466 mat
308 1402 485 1489 nenena)
506 1421 513 1467 :
533 1431 548 1462 a
575 1401 768 1467 servierunt
790 1400 857 1467 diis
883 1401 1017 1483 alienia,
1039 1401 1100 1489 qui
1127 1422 1198 1467 non
1216 1401 1352 1467 fuerant
1379 1401 1536 1466 attributi

218 1509 264 1574 eis
283 1535 313 1570 ».
336 1511 424 1591 Ergo
445 1513 529 1574 [teus
546 1507 708 1594 gentibus
724 1506 882 1573 attribuit
901 1512 992 1574 astra
1013 1529 1073 1596 pro
1093 1508 1199 1590 cultu,
1218 1530 1287 1574 non
1307 1515 1345 1575 ut
1364 1513 1455 1573 astra
1472 1530 1537 1595 pro

137 1698 140 1703 Ι
218 1613 359 1679 numine
382 1635 545 1702 supremo
567 1614 746 1693 haherent,
770 1614 828 1680 sed
850 1635 857 1681 ε
882 1643 897 1675 «
914 1618 1002 1680 Haec
1017 1613 1109 1680 enim
1126 1614 1180 1680 via
1201 1614 1280 1680 data
1295 1617 1345 1680 est
1359 1614 1533 1699 gentibus,

217 1725 255 1788 ut
269 1742 331 1808 per
345 1726 515 1786 astrorum
537 1721 667 1787 cultum
686 1726 790 1787 Deum
806 1722 1047 1809 suspicerent»
1067 1719 1188 1803 (Clenr.
1207 1721 1304 1786 Ater.
1328 1724 1450 1787 Strom.
1472 1724 1532 1800 Vt;

218 1829 265 1892 M.
287 1833 404 1905 9,333;
423 1828 466 1892 os.
489 1826 610 1894 [restire.
631 1850 659 1892 e.
680 1828 852 1915 Tryphon.
871 1849 906 1892 n.
924 1834 978 1906 553
998 1829 1044 1892 M.
1064 1832 1193 1915 6,596).
1209 1833 1305 1893 Astra
1319 1832 1402 1893 Deus
1420 1825 1532 1890 homi-

218 1932 319 1999 nibus
339 1933 498 2000 attribuit
517 1939 553 1998 ut
573 1932 730 2021 sportolo
747 1933 811 2014 sui,
834 1934 947 2018 magis
963 1935 1056 1999 enirn
1076 1954 1182 2022 quam
1199 1936 1376 1999 creaturae
1396 1931 1538 1997 interio-

217 2061 271 2105 res
286 2040 343 2106 ttei
366 2040 592 2128 perfectiones
609 2039 842 2106 manifestant.
862 2045 914 2106 So.
931 2039 1089 2127 synrhota
1104 2046 1137 2105 et
1156 2039 1324 2124 imagines
1343 2039 1538 2105 materiales

218 2145 369 2210 numinis
380 2169 441 2234 per
456 2170 489 2212 se
502 2168 572 2212 non
586 2153 665 2212 sunt
681 2147 804 2226 malae,
823 2152 973 2213 mentem
986 2146 1029 2212 ad
1046 2151 1151 2212 Deum
1165 2145 1314 2225 elevant,
1330 2145 1536 2232 religionem

217 2252 338 2315 iuvant
357 2273 363 2317 :
382 2252 475 2338 apud
497 2252 580 2317 alias
601 2252 709 2337 igitur
728 2257 857 2337 gentes,
877 2251 1063 2317 dummodo
1085 2253 1217 2319 abesset
1238 2252 1444 2342 superstitio,
1462 2251 1535 2318 lici-

218 2361 272 2421 tae
289 2363 400 2437 erant,
422 2357 582 2423 Hebraeis
598 2365 715 2424 autem
735 2360 871 2424 vetitae.
893 2396 936 2406 —
957 2358 1061 2424 Plane
1078 2358 1189 2441 aliter,
1208 2364 1309 2447 atque
1325 2381 1400 2424 cum
1421 2359 1537 2444 genti-

218 2462 292 2543 hus
309 2463 379 2548 egit
397 2464 497 2528 tahve
513 2485 591 2529 erim
613 2465 733 2530 israele
752 2463 861 2552 (Coi.)
882 2487 913 2529 v.
934 2471 976 2530 20
995 2486 1001 2532 :
1023 2493 1038 2525 «
1063 2467 1124 2530 Vos
1139 2477 1255 2532 aretem
1272 2464 1351 2531 tulit
1370 2464 1536 2531 nominos

218 2580 250 2633 et
269 2567 441 2636 eduritele
453 2572 597 2658 sortiare
608 2572 722 2658 ferrea
736 2572 887 2660 Aeyyptt'
899 2599 913 2629 »
934 2570 990 2660 (cf.
1006 2578 1025 2637 3
1040 2576 1122 2658 Reg.
1141 2577 1238 2655 8‚51;
1258 2576 1322 2638 lor.
1342 2571 1444 2659 tta),
1464 2602 1478 2631 (ι
1499 2585 1536 2637 nt

218 2675 354 2742 liaberet
369 2677 539 2767 possedant
558 2676 839 2760 haereditarium,
857 2677 946 2744 sieut
965 2690 1013 2744 est
1027 2679 1064 2744 e'n
1078 2677 1253 2768 praesenti
1267 2677 1324 2744 die
1340 2707 1371 2744 ».
1389 2682 1537 2767 Compa-

220 2789 314 2849 ratur
337 2788 480 2850 servitus
503 2785 682 2874 aegyptica
691 2784 844 2871 fornaci,
873 2785 954 2874 quia
973 2785 1059 2851 dura
1085 2785 1210 2850 exstitit
1236 2792 1269 2851 et
1294 2784 1533 2865 intolerabilis,

215 2890 359 2976 ferreae,
378 2892 460 2977 quia
473 2890 604 2956 viribus
620 2914 713 2957 mere
729 2891 890 2957 humanis
902 2893 1014 2957 excuti
1029 2892 1120 2957 haud
1137 2890 1258 2980 potuit.
1278 2893 1324 2957 ef.
1342 2893 1427 2957 Tost.
1446 2890 1536 2955 uici-

220 3001 274 3061 tur
287 2996 440 3084 popolus
453 2996 678 3083 possessionis
698 2997 813 3077 lsrael,
831 2996 912 3085 quia
929 2997 985 3063 hie
1004 2996 1150 3086 populus
1165 2997 1334 3086 possessio
1348 3001 1397 3063 est
1417 2995 1531 3076 lahve,

156 3189 160 3196 Ι
218 3102 304 3167 sicut
321 3108 413 3166 terra
432 3103 599 3189 promissa
618 3101 780 3191 possessio
799 3103 864 3167 erit
885 3103 1003 3192 populi
1021 3103 1139 3191 ipsius.
1158 3103 1241 3170 ltine
1255 3110 1334 3187 939
1355 3131 1370 3162 a
1387 3102 1535 3192 populus

219 3212 296 3272 taius
315 3215 348 3271 et
368 3207 559 3273 haereditas
580 3213 687 3274 tua».
709 3208 756 3273 ef.
780 3213 871 3288 3293
889 3213 929 3274 ts,
950 3215 1063 3291 tona
1081 3215 1133 3275 Ps
1154 3209 1531 3298 momentaneus),

220 3314 406 3402 1;93(9t)‚5
425 3321 487 3380 etc.
507 3319 593 3381 Haec
614 3336 717 3404 porro
736 3313 798 3380 leae
816 3313 870 3380 die
889 3316 957 3380 iam
977 3322 1057 3382 sunt
1074 3315 1229 3405 impleta,
1247 3322 1417 3405 quatenus
1431 3316 1534 3382 Israel

218 3419 359 3487 eductus
379 3428 428 3488 cst
441 3422 484 3488 de
500 3427 667 3511 Aegypto,
685 3428 840 3487 versatur
850 3423 885 3487 in
901 3421 1021 3488 limine
1033 3428 1145 3489 terrae
1163 3423 1361 3511 promissae,
1374 3421 1533 3506 designa-

215 3526 266 3593 tos'
286 3529 391 3594 habet
407 3530 478 3594 eius
493 3533 604 3617 terrae
625 3529 800 3595 divisores.
823 3528 996 3595 Eiusmodi
1020 3529 1188 3618 poputum
1209 3529 1307 3595 decet
1329 3551 1410 3595 sanc
1434 3527 1534 3595 aliter

215 3655 318 3717 agere
336 3640 437 3721 atque
455 3636 604 3723 reliquas
619 3643 755 3721 gentes,
774 3641 808 3701 et
820 3641 919 3724 paeto
936 3636 1035 3701 tahve
1052 3638 1098 3722 (v.
1119 3635 1232 3724 1333)
1251 3643 1352 3702 stare.

260 3741 291 3806 Si
317 3745 440 3827 Moyses
462 3748 629 3829 superstes
648 3741 838 3821 mansisset,
857 3742 1057 3807 custodisset
1077 3742 1332 3830 quadamtenus
1356 3741 1430 3829 ipse
1456 3739 1532 3806 ani-

216 3869 289 3912 mas
302 3869 443 3914 suorum
463 3869 469 3914 :
489 3869 566 3912 cum
587 3871 605 3913 c
629 3847 713 3914 vivis
733 3871 809 3914 mox
826 3870 980 3915 cessurus
999 3849 1053 3929 sit,
1073 3850 1195 3936 repetit
1212 3870 1347 3915 rursum
1370 3848 1534 3913 adhorta-

215 3955 343 4019 tionem
363 3977 395 4021 v.
414 3961 446 4032 9,
472 3959 508 4019 ut
530 3955 594 4042 ipsi
610 3954 742 4020 animas
761 3977 838 4021 suas
860 3954 1064 4035 custodiant,
1082 3954 1199 4021 addita
1217 3957 1267 4022 uti
1282 3978 1312 4022 v.
1338 3962 1377 4021 15
1393 3952 1532 4042 speciali

216 4060 442 4148 applicatione
469 4061 513 4126 ad
533 4061 661 4127 cultum
689 4060 908 4149 amorphum.
936 4085 968 4128 v.
987 4068 1025 4126 21
1047 4091 1063 4121 α
1089 4064 1269 4151 lentosque
1293 4074 1341 4126 est
1366 4057 1532 4126 Honorius

216 4177 334 4230 contro
354 4189 405 4231 nee
429 4197 443 4227 o
463 4167 567 4255 (1‚37;
583 4166 626 4233 cf.
648 4167 692 4232 ad
706 4167 797 4251 336)
819 4195 833 4225 1<
852 4179 992 4256 propter
1006 4190 1176 4234 sermones
1195 4181 1318 4235 cestros
1337 4195 1368 4249 »‚
1386 4186 1532 4253 —quae

217 4271 386 4360 expressio
401 4272 577 4339 evidenter
591 4273 739 4339 eundem
754 4294 889 4339 sensum
911 4273 1015 4340 habet
1035 4273 1182 4362 (Dillio.)
1200 4281 1302 4364 atque
1318 4279 1395 4357 1,3”1
1414 4259 1531 4335 natta:

217 4383 250 4444 et
265 4384 344 4460 326
361 4368 495 4451 aznot,
513 4395 745 4470 crgopropter
756 4402 812 4446 uos
828 4381 884 4469 (et.
903 4379 1026 4467 13)-
1043 4410 1058 4440 (ε
1074 4393 1106 4446 et
1121 4382 1259 4461 e'roeer't,
1277 4394 1400 4447 utnon
1420 4391 1532 4444 truen-

217 4486 301 4552 e'eent
323 4484 505 4551 tardonem
531 4509 592 4552 nec
621 4486 818 4575 inqredeeee
839 4499 965 4552 terrain
987 4487 1165 4576 optirnone,
1187 4511 1290 4578 petant
1316 4486 1462 4553 (lotitans
1486 4497 1535 4550 est

216 4589 307 4660 vobis
326 4623 354 4662 o.
373 4617 405 4661 v.
424 4599 465 4658 22
478 4621 493 4655 «
509 4595 595 4660 Ecce
608 4593 736 4658 neonae
750 4594 783 4658 z'n
801 4592 989 4677 leoelmrnn,
1009 4617 1077 4658 non
1093 4597 1240 4661 transibo
1252 4594 1433 4661 Iordanem
1450 4613 1533 4660 :eos

217 4700 406 4768 transibitis
425 4714 458 4767 et
473 4699 687 4790 possidebitis
699 4712 823 4765 terram
838 4699 1012 4789 eqreqicon
1036 4728 1065 4766 ».
1084 4724 1116 4767 v.
1142 4708 1183 4767 23
1207 4730 1222 4763 α
1248 4705 1348 4787 Coae,
1366 4724 1407 4768 ne
1423 4721 1532 4790 petora-
