3366 5346
549 325 586 368 ns
608 324 713 380 roura,
737 321 931 375 autumnus
954 325 981 367 r.
1367 315 1424 372 145

162 487 193 531 a.
212 486 256 530 an
278 463 379 528 liceat
400 482 420 527 a
442 458 594 547 reliqu0,
612 480 713 547 quern
734 457 936 546 bipartitum
953 480 1130 539 vocamuS,
1143 459 1232 525 lihro
1247 481 1424 527 secernere

117 573 245 639 fontem
256 559 296 651 P,
320 568 379 656 qui
396 568 473 633 fons
493 570 573 631 aute
594 564 711 631 omnia
729 565 772 631 sit
786 563 874 631 liber
886 564 1003 651 legum
1017 571 1069 646 et,
1089 567 1318 654 praetermis,
1335 589 1426 634 com-

117 676 284 766 plectatur
298 678 373 740 hev.
389 680 424 738 et
435 673 530 758 leges
540 676 638 738 Num.
651 693 659 753 ;

163 782 197 848 b.
218 803 261 847 an
278 801 357 846 vere
374 778 565 846 affirmetur
587 783 613 845 Ι)
635 799 706 845 non
723 777 854 845 novisse
874 782 910 862 P,
936 778 994 845 sed
1013 778 1147 846 nouisse
1167 784 1221 861 JE,
1239 779 1320 846 velt
1339 788 1371 847 et
1388 784 1424 863 E,

116 891 139 955 i.
163 910 193 955 e.
216 886 390 976 reliquum
405 891 541 976 praeter
552 888 576 950 P
588 883 717 952 librum
733 884 937 974 bipartitum
948 887 1061 953 eiusve
1076 886 1203 968 fontes;

160 1017 190 1062 c.
209 1016 254 1061 an
274 993 376 1060 liceat
404 991 601 1073 admittere,
627 997 765 1081 praeter
787 996 811 1056 P
836 991 996 1080 primitus
1017 992 1184 1060 exstitisse
1209 993 1318 1059 fontes
1344 993 1430 1059 dnos

116 1109 130 1169 l
154 1107 188 1168 et
201 1104 238 1181 E,
256 1100 316 1190 qui
330 1098 548 1190 postmodum
566 1098 757 1166 coaluerint
775 1097 811 1164 in
828 1120 936 1165 unam
954 1098 1187 1165 narrationem
1204 1103 1264 1180 lh,

163 1208 197 1274 d.
216 1229 261 1275 an
274 1207 375 1274 liceat
389 1206 592 1287 admittere,
609 1210 746 1294 praeter
758 1209 782 1271 P
796 1205 959 1271 exstitisse
980 1204 1139 1294 primitus
1162 1205 1298 1274 unicam
1313 1228 1431 1273 narra-

117 1316 264 1395 tionem,
289 1336 393 1403 equa
406 1311 640 1402 postmodum,
661 1310 819 1378 similiter
833 1317 937 1400 atque
961 1334 1001 1378 er
1022 1334 1091 1379 uno
1113 1318 1204 1379 textu
1223 1312 1431 1401 primigenio

121 1421 180 1488 lob
199 1419 359 1487 fluxerint
376 1424 487 1486 textus
509 1417 678 1486 hebraeus
698 1424 732 1485 et
748 1424 859 1485 textus
880 1422 960 1484 LXX
974 1417 1054 1485 satis
1068 1418 1193 1485 diversi
1213 1420 1304 1486 inter
1315 1441 1366 1503 se,
1384 1418 1433 1485 ita

121 1526 282 1594 {luxerint
296 1526 365 1593 duo
382 1530 490 1592 tentus
509 1523 634 1591 diversi
656 1529 671 1591 J
696 1530 729 1592 et
745 1530 780 1608 E,
805 1525 864 1614 qui
883 1523 1023 1591 tandem
1044 1524 1082 1591 in
1104 1546 1209 1592 unam
1223 1547 1339 1593 rursus
1351 1547 1432 1592 uar-

124 1633 291 1700 rationem
313 1637 356 1699 tll
374 1631 575 1699 coaluerint.

167 1743 238 1817 Qua
264 1738 301 1805 in
316 1760 363 1804 .re
390 1760 461 1805 non
485 1739 564 1828 plus
584 1739 620 1805 h.
647 1738 671 1804 l.
699 1744 872 1828 praestare
896 1737 1123 1820 intendimus
1147 1760 1251 1828 quam
1280 1737 1374 1828 quod
1396 1738 1432 1805 in

119 1850 284 1935 operette
304 1845 424 1912 Genesi
443 1845 488 1912 ad
506 1846 642 1912 literam
663 1868 698 1912 se
716 1844 924 1935 praestitisse
944 1844 1140 1912 affirmabat
1157 1851 1245 1931 Aug.
1269 1845 1430 1933 (Retract.

119 1957 160 2019 ll.
179 1957 238 2031 2t3
253 1953 302 2017 M.
317 1951 457 2039 32,6t0)
473 1971 481 2018 :
502 1978 518 2011 α
534 1958 572 2018 ln
585 1974 654 2040 quo
669 1973 772 2040 opere
786 1952 887 2040 plura
901 1951 1054 2039 quaesita
1066 1973 1170 2039 quani
1186 1953 1325 2018 inventa
1337 1959 1431 2029 sunt;

121 2065 307 2140 eteorum,
327 2079 415 2146 quac
437 2057 578 2125 inventa
603 2064 698 2141 sunt,
725 2057 887 2147 pauciora
910 2057 1061 2139 firmata3
1084 2062 1197 2124 cetera
1212 2079 1294 2124 vero
1307 2057 1355 2124 ita
1375 2079 1433 2147 po·

120 2164 204 2247 sita,
219 2165 313 2231 velut
332 2164 447 2230 adhuc
467 2163 677 2254 requirenda
691 2163 759 2230 sint
777 2192 807 2230 ».
828 2170 919 2244 Quae
939 2164 1039 2230 nohis
1055 2163 1216 2230 videntur
1236 2163 1273 2230 in
1297 2186 1434 2253 quaque

121 2272 319 2361 quaestione
329 2270 462 2338 utiliter
473 2292 545 2337 esse
557 2271 819 2361 perpendenda,
835 2293 875 2337 ea
884 2270 1091 2353 indicamus,
1113 2270 1179 2360 ipsi
1193 2270 1433 2360 utplurimum

125 2377 215 2444 nihil
230 2376 442 2445 definientes.
470 2381 554 2444 Sunt
577 2378 701 2444 horum
726 2377 892 2467 pleraque
911 2376 1126 2468 hypotheses,
1156 2382 1259 2466 atque
1285 2383 1322 2444 ut
1352 2377 1436 2444 tales

121 2507 142 2551 a
166 2483 267 2550 nobis
289 2484 523 2572 proferuntur.
551 2488 668 2551 Nonne
692 2484 890 2550 criticorum
913 2484 1056 2573 placita,
1080 2484 1176 2573 quod
1195 2483 1277 2550 artis
1298 2483 1435 2551 criticae

120 2591 254 2656 indoles
279 2612 392 2657 secum
422 2590 503 2667 fert,
530 2589 697 2678 plurimas
720 2590 931 2656 intermixtas
955 2590 1087 2656 hahent
1106 2591 1335 2678 hypotheses?
1355 2590 1435 2667 Qui-

120 2697 186 2764 bus
209 2702 344 2762 nostras
369 2717 607 2785 comparamus
628 2695 844 2785 hypotheses.
867 2695 1070 2784 hypothesis
1087 2695 1205 2785 aliqua
1225 2718 1294 2761 non
1323 2695 1433 2761 solum

122 2802 263 2892 prolatis
288 2801 479 2869 rationibus
505 2801 658 2869 adversis
675 2802 883 2881 infirmatur,
904 2802 964 2869 sed
987 2823 1028 2868 eo
1047 2802 1165 2884 etiam,
1189 2801 1283 2891 quod
1306 2801 1375 2868 alia
1398 2802 1432 2866 in

121 2909 243 2975 eadem
268 2930 305 2975 re
329 2908 451 2975 haberi
474 2908 675 2998 hypothesis
692 2908 955 2975 demonstretur.
980 2914 1019 2975 ln
1039 2907 1164 2975 nostris
1186 2907 1434 2997 hypothesibus

121 3015 356 3105 proponendis
390 3015 557 3082 rationem
583 3036 718 3104 semper
738 3015 945 3083 habebimus
974 3037 1095 3082 eorum
1125 3016 1311 3095 factorum,
1347 3036 1435 3104 quae

122 3122 224 3188 modo
256 3120 459 3211 compendio
488 3121 764 3190 recensehamus.
798 3122 1006 3212 ltypotheses
1039 3120 1226 3190 adversarii
1252 3122 1435 3189 adstruunt
1546 3211 1549 3216 Ι

124 3230 238 3318 plures
264 3234 353 3296 certe
375 3227 478 3318 plane
505 3229 689 3315 gratuitas,
712 3229 809 3296 illam
834 3251 867 3294 v.
894 3250 930 3316 g.
953 3229 1089 3296 theram
1111 3251 1195 3296 aevo
1218 3228 1324 3295 losiae
1345 3229 1435 3314 regis

123 3336 275 3424 primum
291 3358 364 3402 esse
379 3336 599 3417 fabricatam,
620 3335 746 3426 quode
762 3335 960 3403 narratione
977 3343 996 3404 t
1017 3339 1100 3422 Reg.
1117 3342 1162 3401 22
1180 3358 1231 3424 sq.
1260 3336 1293 3401 et
1312 3342 1332 3400 2
1356 3340 1431 3400 Par.

123 3448 165 3508 3t
180 3465 231 3531 sq.
248 3464 466 3531 nequaquam
484 3442 719 3532 consequitur.
1095 3512 1099 3519 ,

167 3549 323 3615 Liceatne
343 3548 424 3615 libri
439 3548 595 3639 bipartiti
609 3571 716 3615 aaran
733 3548 923 3616 discernere
936 3551 1068 3639 sontem
1083 3552 1123 3633 P,
1147 3547 1433 3638 quipotissimum

118 3654 230 3742 suerit
243 3655 328 3721 liber
343 3655 469 3743 lepram.

118 3782 123 3789 ·
166 3763 312 3850 Scriptas
331 3784 451 3828 censeo
468 3784 539 3828 esse
557 3762 634 3828 illas
648 3762 741 3849 leges
755 3769 846 3844 tum,
864 3761 1004 3852 quando
1017 3762 1226 3830 ferebantur.
1241 3760 1433 3831 Recordare

123 3872 271 3955 Moysen,
290 3867 372 3933 dum
393 3872 549 3956 Aegypto
565 3869 800 3956 egrederetur,
817 3869 919 3935 fuisse
939 3869 1112 3936 eruditum
1132 3870 1278 3936 inomni
1299 3868 1432 3956 sapien-

122 3974 170 4041 tia
194 3973 452 4063 Aegyptiorum.
474 3979 577 4042 Erant
605 3980 719 4041 autem
738 3975 898 4064 Aegyptii
921 3996 1006 4062 gens
1026 3975 1206 4065 scriptoria
1228 3994 1235 4039 :
1258 3974 1433 4040 habebant

121 4081 217 4167 leges
242 4083 382 4169 scriptas
410 4088 444 4147 et
469 4088 679 4159 contractus,
706 4082 884 4172 omnisque
909 4082 1047 4169 generis
1072 4103 1186 4148 rerum
1212 4081 1352 4171 scriptas
1378 4104 1433 4148 ra-

123 4190 249 4271 tiones;
266 4198 337 4256 erat
356 4189 448 4278 apud
469 4210 525 4255 eos
544 4190 705 4278 frequens
720 4189 962 4257 commercium
983 4189 1221 4278 epistolarum,
1239 4188 1432 4276 inscriptio-

126 4295 230 4363 nibus
249 4303 345 4364 erant
358 4295 469 4386 operti
483 4297 573 4363 muri
592 4296 800 4385 templorum
814 4302 848 4363 et
863 4295 1109 4384 sepulcrorum.
1126 4295 1268 4362 Hebraei
1284 4293 1353 4373 illi,
1373 4294 1432 4382 qui

121 4402 158 4468 in
186 4408 340 4493 Aegypto
366 4403 517 4490 angariis
537 4402 650 4469 adacti
674 4403 826 4483 fuerant,
853 4402 1008 4491 quotidie
1032 4403 1175 4468 contuiti
1197 4409 1295 4469 erant
1319 4401 1432 4486 regios

127 4514 298 4575 exactores
321 4511 485 4596 angariae
509 4509 732 4600 praestandae
759 4516 792 4575 et
814 4509 1008 4598 praestitae,
1037 4516 1232 4577 accuratam
1264 4509 1430 4574 rationem

123 4616 287 4703 scriptam
307 4617 482 4684 habentes
505 4621 619 4706 Neque
635 4616 777 4682 deerant
798 4615 889 4682 inter
912 4617 1082 4683 llehraeos
1105 4622 1260 4704 Aegypto
1281 4632 1432 4699 egressos

67 4718 70 4723 ’
122 4721 253 4788 scribae
270 4723 379 4811 (Num.
403 4723 742 4811 11,1csec.fleb1·.).
774 4722 925 4789 lthamar
942 4728 996 4789 Ex.
1023 4729 1122 4806 3831
1145 4745 1165 4789 a
1190 4726 1297 4808 lloysc
1322 4718 1432 4784 iussus

505 4852 678 4888 incusamusa.
695 4866 726 4876 —
743 4853 819 4889 coru.
838 4852 864 4889 m
880 4850 951 4886 naor.
969 4863 1000 4873 -
1018 4842 1046 4887 10
