3366 5346
179 317 239 376 3υῦ
634 329 868 374 ceucccrauucu
890 327 1046 373 sauusns.

180 488 267 554 quae
297 464 422 532 alludit
445 470 520 532 tm.
548 471 626 545 5,·25
653 486 704 553 sq.
733 462 894 553 (Colca),
917 466 1010 551 patet
1030 481 1068 525 ex
1090 459 1269 549 adscriptis
1284 462 1426 528 vocibus
1442 462 1497 528 bic

180 571 281 637 bodie
300 592 306 638 :
326 572 384 638 illa
410 594 457 639 sc.
482 576 557 638 aeta
584 573 720 638 lucrant
747 571 781 635 iu
804 569 947 643 ‹les-ruo,
970 566 1028 635 sed
1044 574 1160 633 orator
1178 574 1293 633 noster
1312 574 1403 635 certe
1427 593 1499 637 nun

180 684 337 745 versatur
354 680 390 744 in
403 678 581 759 deserto,c
600 702 670 768 quo
689 678 699 767 l
722 679 745 743 t.
760 681 810 742 CN
825 699 859 765 p.
875 680 954 759 tlt)
965 673 1095 741 dudum
1112 682 1321 741 excesserant
1336 677 1494 743 llcbraei.

180 790 299 852 Orator
325 787 490 866 affirmat,
513 807 573 852 suo
592 791 746 874 tempore
769 782 837 871 (bic
863 782 975 848 todia
1004 780 1118 871 quoad
1142 780 1254 846 locum
1279 782 1494 850 oblat-ionum

182 895 227 980 (v.
250 899 302 971 11,
325 892 367 957 cl.
387 915 418 958 v.
440 900 459 959 5
484 892 551 980 sq.)
580 898 612 957 et
634 890 748 981 quoad
771 891 874 979 epula
899 911 994 955 sacra
1010 896 1056 976 (v.
1082 894 1134 954 la.
1152 889 1194 954 cl.
1217 911 1249 953 v.
1272 888 1306 977 7)
1321 889 1492 980 sitaqulos,

180 998 274 1087 quod
295 997 360 1063 sibi
384 1011 511 1064 acclama
531 997 715 1079 cuderetur,
737 997 857 1085 cpissc,
875 997 898 1062 i.
923 1019 969 1075 c.,
994 1017 1071 1062 eum
1091 1002 1182 1061 totus
1200 1000 1297 1062 Deut.
1325 1003 1365 1062 12
1382 1020 1495 1064 sermo

180 1104 222 1170 sit
237 1104 279 1170 de
296 1104 367 1169 loco
383 1126 558 1171 sacrorum
579 1104 881 1194 peragendorum,
895 1101 1051 1187 singulos
1063 1102 1148 1167 haee
1162 1102 1335 1190 peregisse
1352 1103 1496 1170 ubicun-

180 1234 245 1300 qaae
261 1210 425 1277 libuisset.
441 1211 630 1279 Recordare
640 1234 743 1301 porro
756 1210 792 1276 iu
804 1210 950 1289 deserto,
964 1210 1006 1275 de
1016 1210 1105 1274 lacto
1121 1213 1223 1288 ecrte,
1239 1211 1380 1276 unicum
1391 1213 1494 1278 luisse

180 1318 291 1384 cultus
312 1319 440 1399 locum,
460 1318 555 1384 omni
573 1320 640 1384 hac
663 1318 699 1384 in
725 1340 760 1384 re
778 1339 894 1384 severe
914 1314 1069 1406 praecisa
1086 1314 1224 1381 licentia
1245 1316 1301 1404 (cf.
1324 1321 1401 1385 Lev.
1422 1320 1493 1407 17).

180 1424 388 1501 Quibuscum
408 1424 550 1491 collatus
576 1430 692 1491 noster
707 1447 739 1490 v.
761 1429 781 1491 8
799 1422 987 1509 lugendam
1007 1422 1109 1512 plane
1128 1422 1243 1510 prodit
1257 1423 1494 1509 degeneratio-

178 1553 269 1597 nem.
293 1533 450 1597 Potuitne
477 1553 515 1597 ea
538 1530 651 1599 locum
677 1531 805 1597 habere
827 1538 977 1597 extremo
998 1530 1089 1594 vitae
1114 1529 1233 1615 lloysis
1258 1533 1495 1619 temporaria

180 1660 247 1704 uno
263 1639 377 1727 elapso
393 1660 483 1703 anno
505 1643 580 1727 post
600 1637 720 1727 populi
741 1635 1055 1703 reconciliationem
1077 1635 1314 1701 cudesianam?
1330 1637 1438 1703 Nolim
1456 1637 1495 1703 id

178 1767 198 1810 a
217 1743 334 1809 limine
351 1766 491 1829 negare,
507 1743 585 1811 licet
601 1745 719 1831 lloysis
738 1743 829 1809 senis
847 1726 1053 1808 bellicosum
1069 1764 1188 1831 parem
1201 1741 1302 1809 luisse
1317 1748 1349 1808 et
1364 1744 1493 1809 mentis

178 1856 212 1915 et
226 1852 380 1939 corporis
397 1850 506 1939 (ἔνια)
522 1851 689 1937 vigorem.
707 1855 831 1917 Tamen
846 1851 882 1915 iu
897 1847 1047 1915 historiis
1058 1848 1269 1915 elucidandis
1283 1850 1387 1915 tutius
1402 1848 1494 1915 duco

176 1956 229 2039 iis,
247 1980 334 2046 quae
350 1958 440 2024 lacta
456 1980 560 2025 ossea
575 1958 739 2043 gravibus
760 1956 905 2023 testibus
923 1956 1155 2035 affirmantur,
1167 1955 1356 2022 adhaerere
1372 1978 1492 2044 quam,

178 2062 272 2151 quod
285 2064 417 2129 creditu
432 2063 585 2130 diflicilia
597 2068 797 2153 appareant,
811 2062 930 2129 eadem
945 2060 1141 2150 repudiare.
1154 2067 1289 2141 Verum,
1304 2084 1387 2129 uum
1400 2068 1494 2129 textu

178 2169 437 2253 adstringimur,
466 2171 623 2236 extremis
644 2166 763 2257 ,tloysis
787 2169 909 2236 diebus
932 2174 1001 2235 tam
1024 2169 1210 2255 lugendam
1230 2168 1407 2254 religionis
1431 2168 1491 2235 de-

178 2275 415 2361 pravationem
429 2275 625 2342 adstrueret

221 2379 318 2445 lllam
337 2382 501 2446 elfredam
522 2381 695 2447 licentiam
717 2404 894 2447 sacrorum
915 2381 1124 2470 ubicumque
1141 2380 1296 2448 libuisset
1322 2402 1492 2471 peragen-

176 2486 298 2553 dorum
313 2509 376 2576 pro
390 2494 545 2577 tempore
563 2510 645 2563 suo,
663 2488 733 2553 imo
749 2510 811 2578 pro
827 2489 988 2554 universo
1008 2510 1118 2577 usque
1137 2489 1182 2553 ud
1204 2489 1412 2575 assignatam
1431 2489 1495 2555 ali-

176 2594 316 2683 quando
336 2617 435 2660 arrae
454 2601 655 2684 perpetuam
677 2595 831 2683 requiem
856 2603 1022 2684 tempore,
1040 2595 1187 2683 scriptor
1206 2617 1238 2660 v.
1259 2601 1279 2661 8
1298 2616 1367 2661 non
1382 2596 1494 2662 solum

175 2724 245 2767 non
259 2701 424 2790 reprobat
438 2703 509 2785 sed,
522 2703 549 2768 si
560 2724 629 2768 non
650 2702 835 2791 approbat,
853 2707 888 2767 at
903 2708 994 2767 certe
1010 2701 1169 2791 ccprlicilc
1192 2700 1332 2779 tolerat,
1347 2701 1496 2791 loquens

175 2807 212 2874 in
240 2808 351 2897 prima
379 2826 552 2897 persona:
576 2831 750 2900 qrruc'uos
777 2808 942 2895 sucirnus.
968 2809 1070 2897 atqui
1092 2808 1138 2874 ita
1166 2830 1236 2875 non
1262 2810 1374 2897 potuit
1399 2808 1497 2898 loqui

175 2920 312 3000 Moyses,
339 2914 397 2979 sed
428 2915 598 3003 posterior
625 2915 779 3004 quidam,
807 2915 867 3002 qui
893 2914 988 2980 illam
1010 2914 1183 2981 licentiam
1210 2938 1272 3003 per
1296 2920 1400 2981 totam
1423 2915 1495 2981 late

176 3020 352 3106 regionem
378 3020 507 3086 dudum
534 3023 650 3107 vigere
678 3023 862 3098 contuitus,
885 3022 954 3087 sive
978 3020 1072 3109 quod
1092 3042 1167 3087 cam
1194 3021 1264 3107 legi
1283 3045 1315 3087 v.
1338 3028 1394 3087 221¹
1419 3022 1496 3087 evi-

177 3124 297 3191 denter
317 3125 498 3191 adversari
518 3149 588 3193 non
614 3135 784 3209 censeret,
802 3126 873 3193 sive
893 3127 986 3216 quod
1002 3148 1077 3194 eam
1098 3127 1168 3193 suis
1183 3127 1391 3216 perturbatis
1406 3133 1495 3195 tern-

177 3230 321 3320 poribus
350 3232 536 3298 efficaciter
559 3234 742 3323 reprobari
768 3256 866 3323 posse
896 3233 1108 3322 desperaret.
1132 3256 1203 3300 non
1229 3234 1326 3301 duxit
1352 3256 1493 3302 suarum

176 3360 246 3403 csse
262 3338 412 3427 partium
428 3339 525 3406 illam
543 3341 726 3426 abrogare,
744 3340 801 3407 sed
818 3340 1032 3430 sapientibus
1045 3341 1182 3406 monitis
1196 3341 1492 3417 circumscribere,

179 3445 280 3512 simul
295 3447 472 3515 inculcans
488 3470 564 3514 cum
579 3447 768 3537 aliquando
785 3448 858 3513 lore
876 3448 1012 3536 penitus
1027 3447 1274 3532 abrogandam,
1292 3448 1494 3537 cultumque

178 3552 220 3618 ad
238 3552 429 3641 pristinam,
446 3577 534 3642 quae
559 3556 594 3620 in
615 3554 748 3621 deserto
766 3554 889 3638 fuerat,
907 3554 1075 3621 unitatem
1091 3554 1334 3620 revocandum.
1353 3559 1494 3621 Factum

179 3659 286 3741 igitur
302 3660 335 3725 b.
357 3660 378 3724 l.
395 3662 620 3749 conspicimus
636 3662 741 3741 idem,
758 3660 848 3749 quod
864 3662 901 3725 iu
910 3660 1047 3746 legibus
1059 3665 1136 3727 Lev.
1160 3662 1282 3727 iterum
1298 3662 1495 3751 iterumque

181 3766 307 3831 lactum
323 3765 667 3855 deprebenclehanurs
685 3789 692 3833 :
713 3767 780 3853 legi
800 3768 989 3856 antiquiori
1004 3791 1034 3834 v.
1056 3774 1115 3834 Ἡ
1131 3768 1174 3834 acl
1190 3769 1318 3834 calcem
1341 3768 1492 3857 adscrip-

182 3872 224 3940 sit
254 3875 424 3940 receutior
448 3873 572 3961 aliquis
601 3898 661 3941 sua
690 3874 938 3947 additamenta,
963 3874 1215 3963 explicationes
1238 3874 1492 3965 adoptationes

181 3986 231 4051 ut,
250 4002 325 4045 cum
347 3979 419 4068 ipse
441 4002 508 4046 non
530 3981 625 4046 aliud
645 3981 817 4061 intendat,
836 3981 903 4046 nisi
918 3987 955 4047 ut
969 3981 1088 4068 lloysis
1108 3967 1235 4069 placita
1249 3982 1319 4048 suis
1332 3981 1495 4069 tempori-

182 4086 245 4151 bus
264 4086 419 4173 adaptct,
443 4109 626 4175 persenam
648 4090 765 4173 lloysis
783 4088 855 4175 ipsc
876 4087 998 4165 induit,
1017 4089 1156 4176 eiusque
1181 4111 1212 4153 r.
1226 4094 1285 4152 “M
1303 4087 1495 4155 orationem

182 4190 357 4257 individue
378 4192 537 4280 producit
552 4217 583 4258 v.
600 4200 619 4258 8
642 4216 715 4281 sqq.

227 4302 381 4362 Ceterum
410 4299 484 4366 cius
509 4299 667 4366 licentiae
690 4323 828 4367 causam
852 4301 1004 4391 aliquam
1033 4301 1077 4379 ad
1101 4302 1174 4390 ipsa
1198 4302 1315 4387 lloysis
1336 4307 1495 4390 tempora

182 4404 374 4493 pertigisse,
393 4406 493 4471 facile
511 4407 746 4474 concesserim.
765 4413 904 4498 lteapse,
928 4409 1010 4475 dum
1030 4431 1106 4474 cum
1127 4414 1221 4475 losuc
1243 4410 1360 4498 plures
1380 4429 1495 4475 versa-

182 4516 299 4577 rentur
314 4534 423 4601 prope
438 4514 711 4580 Ammonitaruru
729 4516 813 4581 lines
829 4516 891 4601 (CN
908 4537 943 4603 p.
961 4516 1052 4601 aaut,
1072 4515 1130 4581 alii
1148 4515 1183 4580 in
1203 4515 1407 4593 basanitide,
1425 4518 1493 4580 Ru·
1530 4596 1536 4607 ι

182 4617 315 4685 benitac
332 4626 365 4684 ct
378 4619 516 4686 Gaditac
531 4619 619 4687 inter
636 4627 807 4688 arnonem
830 4628 863 4687 et
886 4622 1042 4689 lebocum
1062 4622 1129 4689 late
1146 4630 1401 4711 spargerentur,
1420 4627 1495 4689 erat

181 4748 262 4793 sanc
286 4727 430 4810 occasio,
458 4728 527 4795 imo
546 4750 647 4817 saepe
669 4727 774 4795 veluti
795 4730 994 4811 necessitaS,
1017 4729 1304 4797 immolandorum
1328 4750 1494 4819 pecorum
