3366 5346
177 262 216 321 88
728 272 940 318 ruraooucrro.

176 409 253 476 illas
279 409 359 475 libri
386 408 542 498 bipartiti
570 413 694 497 partes.
720 412 825 484 Quam
849 405 1050 496 opinionem
1079 406 1260 472 confirmat
1289 413 1392 473 Amos
1416 429 1501 495 pro-

177 518 284 605 pheta
314 515 406 603 (525
437 517 523 604 sq),
555 515 653 582 Oziac
679 514 770 601 regis
794 512 966 603 aequalis3
991 512 1051 602 qui
1076 513 1266 603 apostasiae
1295 513 1501 581 cadesianac

178 623 356 688 historiam
383 621 573 689 accuratius
598 622 711 701 novit,
731 642 815 707 ergo
841 619 1058 709 probabilius
1079 620 1115 685 in
1139 642 1200 685 suo
1222 619 1314 685 libro
1331 619 1500 709 bipartito

179 727 329 815 legebat.
351 728 398 794 Cf.
425 731 476 793 CN
493 751 529 816 p.
550 735 612 793 169
627 749 679 817 sq.
697 725 960 817 Atqui·tempus
978 725 1023 792 ab
1046 725 1124 792 Ozia
1140 726 1182 792 ad
1202 725 1380 792 Sedeciam
1398 749 1500 816 prae-

179 835 245 901 cisc
267 834 353 900 illud
380 840 445 915 est,
469 855 536 922 quo
562 833 767 920 insigniores
788 833 824 899 in
845 854 955 919 regno
974 832 1058 899 luda
1078 832 1266 921 prophetae
1287 854 1357 899 esse
1374 855 1498 922 coepe-

178 946 276 1018 runt,
295 947 328 1007 et
349 963 416 1029 quo
439 962 518 1006 mox
542 941 667 1007 exarsit
685 940 745 1006 illa
763 938 912 1007 duarum
932 939 1121 1005 factionum
1141 940 1326 1021 contentio,
1350 961 1497 1029 quarum

179 1048 286 1113 altera
311 1047 499 1136 prophetas
527 1052 560 1113 et
586 1046 721 1113 thoram
747 1045 995 1112 exsecrabatur.
1019 1044 1054 1111 Si
1079 1067 1163 1112 aevo
1191 1066 1313 1131 regum
1342 1045 1424 1112 libri
1448 1047 1498 1112 bi-

178 1154 294 1243 partiti
317 1152 587 1219 decurtationem
607 1153 732 1219 tactam
752 1172 822 1218 esse
842 1173 968 1237 negas,
983 1151 1038 1218 cui
1061 1156 1161 1217 antea
1179 1172 1263 1217 aevo
1283 1151 1408 1218 factam
1435 1152 1498 1218 ad-

178 1259 330 1326 scribes?
352 1262 439 1326 Num
469 1280 553 1325 aevo
585 1258 767 1340 Samuelis,
794 1257 968 1325 iudicum?
990 1257 1118 1334 Quibus
1143 1258 1334 1325 rationibus
1362 1259 1497 1325 coniec-

179 1370 290 1432 turam
307 1364 446 1431 fulcias?

221 1471 322 1538 Redit
333 1493 435 1560 porro
450 1472 519 1552 hic,
536 1470 629 1558 quod
646 1474 697 1535 CN
709 1494 743 1559 p.
763 1476 827 1536 219
844 1492 894 1558 sq.
916 1470 1160 1536 statuebamus.
1178 1469 1291 1551 Liber,
1310 1478 1497 1560 antequam
1597 1488 1601 1493 '

177 1577 433 1655 decurtabat-ur,
458 1576 657 1657 exsistebat;
673 1577 743 1642 imo
762 1576 821 1642 diu
842 1580 920 1642 ante
940 1575 1102 1642 exstiterit
1122 1598 1258 1643 necesse
1276 1582 1337 1643 est.
1354 1577 1390 1644 ld
1404 1583 1499 1667 patet

178 1705 240 1772 per
263 1705 310 1749 se.
339 1688 453 1772 Neque
473 1687 592 1766 Amos,
617 1683 655 1748 in
682 1682 851 1776 acerrima
874 1680 992 1770 aliqua
1014 1681 1118 1749 totius
1137 1683 1257 1773 populi
1277 1687 1310 1749 et
1328 1683 1499 1773 imprimis

178 1794 392 1856 sacerdotnm
415 1789 661 1879 increpatione,
684 1789 849 1856 citaturus
868 1793 942 1854 erat
968 1789 1097 1855 lactum
1116 1789 1258 1878 aliquod
1282 1796 1352 1856 tam
1376 1811 1494 1876 grave,

177 1918 246 1962 non
271 1918 311 1962 cx
336 1895 485 1962 historiis
511 1895 632 1985 populi
668 1895 774 1962 sacris
798 1901 832 1962 et
853 1895 1069 1978 authenticis,
1095 1894 1201 1962 sede
1227 1895 1355 1985 scripto
1383 1898 1498 1963 nescio

177 2024 245 2090 quo
270 2002 324 2068 vel
350 2002 533 2068 traditione
559 2002 673 2068 minus
694 2007 787 2069 certa
817 2001 1076 2091 depromptum.
1102 2006 1174 2068 Nou
1200 2025 1405 2069 consuevere
1432 2003 1498 2069 viri

177 2108 365 2196 prudentes
384 2109 620 2195 gravissimam
644 2109 797 2196 aliquam
817 2111 1070 2176 accusationem
1089 2108 1178 2175 ferre
1198 2108 1235 2175 iu
1259 2114 1365 2175 totam
1387 2110 1497 2177 natio-

176 2236 254 2280 nem
284 2215 423 2302 ciusque
449 2214 655 2280 nominatim
682 2214 872 2304 principeS,
899 2236 1003 2303 quam
1028 2237 1096 2280 non
1124 2214 1260 2281 valeant
1286 2216 1499 2283 documentis

178 2319 412 2385 demonstrare
434 2319 529 2385 omui
553 2319 751 2408 exceptione
773 2320 970 2387 maioribus.
993 2319 1110 2386 Solent
1136 2321 1325 2410 prophetae
1349 2344 1391 2388 ca
1409 2323 1499 2389 facta

178 2425 400 2513 antiquarum
427 2425 649 2492 historiarum
677 2424 871 2514 appellare,
895 2448 986 2516 quac
1012 2426 1048 2492 iu
1079 2425 1176 2493 libris
1198 2428 1303 2494 sacris
1326 2428 1498 2518 antiquio-

81 2603 89 2609 ·
178 2530 272 2599 ribus
288 2530 459 2621 descripta
473 2531 657 2598 habentur.

222 2637 484 2728 Inquirehamus
508 2638 590 2705 locis
613 2638 725 2705 citatis
754 2639 792 2705 in
823 2662 959 2722 causae,
988 2641 1028 2705 ot
1061 2662 1147 2728 quos
1181 2638 1361 2707 decurtata
1388 2641 1497 2729 suerit

176 2745 332 2821 narratio
358 2744 440 2811 libri
469 2744 638 2835 bipartiti.
666 2744 806 2812 Videtur
832 2752 945 2812 autem
969 2745 1070 2812 nohis
1092 2751 1212 2812 nostra
1238 2746 1280 2813 de
1306 2747 1406 2814 thora
1432 2747 1499 2814 dis-

74 2938 77 2943 ·
177 2854 308 2941 putatio
331 2852 542 2940 potissimam
563 2853 634 2918 eius
659 2853 739 2919 facti
761 2850 915 2940 pandere
936 2851 1122 2933 rationem,
1151 2874 1219 2941 qua
1244 2853 1395 2921 rationes
1420 2862 1499 2921 ante

178 2957 314 3022 anobis
337 2957 533 3043 propositae
561 2957 781 3023 illustrantur
804 2962 837 3022 et
864 2956 1092 3046 complentur.
1125 2962 1196 3024 Non
1220 2960 1313 3025 enim
1341 2961 1412 3033 iam
1435 2960 1499 3026 soli

178 3061 291 3128 studio
311 3061 696 3149 praetermittendorum
710 3085 841 3145 eorum,
860 3085 948 3152 quae
964 3064 1000 3129 in
1015 3063 1098 3130 actis
1112 3072 1251 3154 patrum
1270 3065 1415 3154 posteris
1436 3089 1498 3155 pu·

179 3167 299 3233 dorem
329 3173 522 3250 moverent,
544 3168 739 3234 mutilatum
767 3168 986 3236 attribuimus
1016 3176 1145 3236 textum
1173 3193 1324 3254 sacrum,
1349 3172 1407 3238 sed
1432 3173 1497 3239 im·

178 3275 316 3362 piorum
340 3272 443 3340 etiam
468 3273 558 3356 odio,
584 3275 645 3363 qui
668 3274 808 3341 secundi
831 3273 978 3342 foederis
997 3275 1033 3342 in
1054 3276 1234 3344 Moabitide
1255 3278 1346 3367 pacti
1368 3300 1498 3345 memo·

180 3380 265 3447 mam
290 3379 474 3446 obscurare
499 3380 718 3469 tboramque,
752 3381 825 3448 eius
855 3381 1003 3449 foederis
1032 3382 1291 3467 documentum,
1321 3385 1498 3452 eliminare

178 3487 346 3554 haherent
360 3488 395 3553 in
413 3488 512 3554 votis.
527 3492 579 3555 Sc.
593 3487 730 3554 sancita
744 3488 845 3576 suere
860 3511 881 3554 a
896 3488 1165 3577 Mopsesoedotu
1181 3489 1264 3571 elato,
1282 3513 1352 3558 non
1364 3513 1470 3558 unum
1488 3512 1495 3557 :

181 3621 197 3653 «
219 3593 337 3659 foedus
355 3593 392 3659 in
411 3600 504 3660 terra
527 3595 634 3679 lloab,
657 3600 794 3684 praeter
812 3593 898 3659 illud
924 3593 1059 3677 foedus,
1086 3596 1179 3684 quod
1201 3618 1280 3663 cnm
1305 3597 1352 3664 eis
1367 3598 1499 3688 pepigit

179 3697 214 3762 in
228 3698 338 3763 Horeb
357 3726 390 3776 »,
414 3704 508 3766 Deut.
530 3706 608 3782 nat
633 3700 776 3790 (28,69).
801 3699 875 3766 ruit
905 3722 987 3766 vero
1011 3700 1099 3766 illud
1124 3703 1247 3769 foedus
1277 3703 1497 3770 moabiticum

177 3801 327 3870 foederis
341 3803 489 3871 sinaitici
504 3827 574 3871 non
591 3806 781 3889 renovatio,
799 3805 859 3873 sed
878 3805 1068 3889 restitutio,
1088 3807 1154 3874 fuit
1171 3831 1288 3875 verum
1311 3809 1499 3875 secundum

175 3909 314 3995 foedus.
344 3910 494 3977 llabetur
515 3913 691 3979 renovatio
711 3913 859 3979 foederis
885 3913 1045 3995 alicuine,
1066 3914 1222 4003 quand0,
1246 3915 1500 3983 conditionibus

178 4017 326 4082 foederis
354 4016 528 4107 utrimque
563 4019 783 4086 manentibus
812 4019 954 4099 iisdem,
992 4020 1139 4087 foederis
1176 4028 1297 4089 mutua
1331 4019 1500 4107 obligatio

178 4123 302 4188 iterata
321 4123 558 4191 conditionum
587 4125 822 4214 acceptatione
849 4126 1083 4193 confirmatur.
1107 4127 1257 4194 Habetur
1281 4150 1409 4196 novum
1431 4129 1500 4194 soe-

180 4227 258 4308 dus,
277 4229 415 4316 quando
433 4231 548 4315 graiis
565 4231 681 4320 aliqua
701 4231 936 4299 conditionum
953 4235 1096 4299 mutatio
1113 4234 1306 4303 intercedit.

225 4338 378 4400 lamvero
398 4335 435 4401 in
449 4335 588 4404 foedere
601 4336 786 4405 moabitico
800 4337 950 4406 obtinuit
973 4340 1088 4425 gravis
1107 4340 1252 4408 mutatio
1263 4340 1497 4409 conditionum
1542 4407 1544 4411 ,

179 4438 327 4506 foederis
342 4441 500 4508 sinaitici.
517 4448 640 4511 Fuerat
657 4447 721 4511 hoc
731 4444 858 4529 foedata
878 4456 1027 4529 tontum,
1050 4446 1113 4512 fnit
1131 4446 1217 4513 illud
1234 4447 1361 4534 foedus
1373 4460 1406 4514 ct
1423 4471 1498 4514 tnu-

179 4545 343 4613 lcdt'ctum
360 4546 487 4636 (⁶29,st
514 4557 554 4618 tt
579 4551 647 4637 [11.
673 4549 751 4640 131).
775 4557 812 4618 ln
832 4551 896 4619 hoc
916 4557 1035 4641 pactus
1059 4558 1108 4619 est
1131 4554 1232 4619 lsrael
1257 4553 1411 4641 decalogi
1434 4555 1496 4620 ob·

176 4652 419 4738 servationem,
439 4662 556 4744 pactus
575 4664 625 4724 est
645 4658 744 4723 lahve
762 4656 931 4725 observati
947 4657 1104 4746 decalogi
1127 4660 1322 4749 praemium
1345 4661 1411 4731 (Ex.
1437 4667 1491 4741 23,
