3366 5346
285 314 343 372 48⁶2
657 324 798 370 ursronu
822 325 1048 371 nesnrurmnts
1071 325 1224 370 ronnrnrs.

285 485 395 530 seram
416 459 670 526 Chanaanitidis
689 459 922 525 conditionem
944 459 1049 526 oculis
1076 457 1247 539 riderent,
1271 458 1330 524 sed
1354 479 1554 548 paucorum
1571 457 1615 524 it-

285 569 396 636 torum
410 569 465 655 (et.
481 567 614 655 naua),
631 565 742 655 quiin
759 565 914 632 exsilium
929 588 1000 631 non
1016 565 1155 632 abducti
1169 565 1206 630 in
1226 564 1475 631 chanaanitide
1493 564 1611 631 relicti

283 681 533 764 supponuntur,
556 678 670 762 Neque
688 671 780 739 enim
803 672 847 737 ad
870 694 977 739 unum
996 693 1113 738 omnes
1133 666 1405 739 abducebantur.
1429 671 1613 760 Imprimis

285 781 391 868 igitur
405 781 441 847 hi
457 779 606 866 regionis
623 779 811 846 vastitatem
828 779 1100 859 contuebuntur;
1119 777 1199 844 dein
1218 801 1249 844 ν.
1269 784 1311 844 22
1320 778 1611 867 purpuranum

285 894 479 954 constanter
493 886 688 954 habitantes
702 886 736 951 in
754 877 869 951 medio
886 884 1050 971 regionis,
1067 885 1144 975 quis
1159 884 1298 951 enimin
1316 885 1458 971 regione
1474 887 1524 952 ita
1542 885 1611 952 de-

284 995 391 1060 solata
404 1000 605 1083 perpetuam
626 991 740 1058 sedem
758 991 865 1078 figat?
878 991 938 1056 sed
953 1014 970 1056 e
986 990 1175 1081 lonqinquo
1192 989 1328 1057 arlreeti
1347 997 1379 1057 et
1395 992 1502 1057 veluti
1517 993 1610 1059 forte

283 1101 365 1167 illuc
380 1100 501 1182 delati;
516 1099 657 1166 tandem
683 1121 713 1165 ν.
740 1106 782 1166 rt
811 1120 926 1164 omues
945 1111 1061 1186 pentes
1087 1097 1216 1164 circum
1239 1099 1325 1163 fines
1343 1097 1610 1165 Chanaanitidis

283 1207 483 1274 incolentes.
506 1205 601 1272 Prius
620 1210 752 1286 autem,
778 1226 881 1294 quam
902 1205 984 1293 quid
1009 1205 1045 1271 ni
1065 1226 1183 1271 omnes
1198 1203 1323 1272 dicturi
1338 1205 1407 1270 sint
1423 1204 1607 1282 recitetur,

282 1313 410 1381 occasio
425 1313 609 1380 verborum
624 1312 848 1378 dicendorum
862 1334 893 1377 v.
911 1317 955 1376 22
971 1334 1022 1401 sq.
1041 1310 1213 1378 indicatur
1230 1333 1237 1378 :
1254 1309 1406 1377 videntes
1420 1325 1481 1377 etr.
1496 1333 1504 1391 ς
1521 1312 1611 1378 dein

281 1443 315 1489 v.
330 1428 371 1489 rt
388 1422 576 1487 recitantur
587 1418 705 1486 verba.
717 1442 749 1484 v.
768 1425 810 1486 rt
826 1417 896 1507 (23)
914 1446 930 1480 α
946 1419 990 1488 Et
1006 1416 1121 1484 dicent
1136 1440 1250 1484 ornnes
1264 1430 1380 1507 pentes
1397 1438 1405 1485 τ
1424 1421 1537 1499 Quare
1554 1419 1611 1484 sir

280 1527 365 1616 serit
379 1527 545 1593 Dominus
562 1541 671 1591 terrae
685 1525 790 1591 liuic?
807 1548 896 1614 ptrue
911 1523 1054 1591 ostburc
1071 1525 1267 1611 irascereris
1281 1526 1353 1590 eius
1369 1527 1566 1591 immenso?
1592 1556 1608 1586 »

282 1636 383 1701 Hebr.
407 1633 519 1722 :quid
534 1632 601 1698 sibi
619 1632 693 1698 vult
713 1631 815 1697 ardor
827 1631 957 1718 suroris
971 1630 1091 1719 mapui
1105 1630 1230 1698 liuius?
1249 1655 1281 1699 v.
1298 1637 1340 1697 25
1358 1631 1427 1719 (rt)
1448 1660 1463 1692 ι(
1483 1634 1531 1698 Et
1553 1657 1608 1699 re-

281 1739 494 1829 spondebunt
519 1767 534 1800 u
558 1760 565 1806 :
592 1737 718 1827 —qui
743 1737 941 1826 responsuri
965 1738 1048 1819 sint,
1071 1760 1141 1804 nen
1168 1738 1310 1818 dicitur;
1337 1744 1428 1804 certe
1452 1739 1610 1806 Hebraei

283 1846 467 1925 eiusmodi,
491 1846 550 1934 qui
573 1845 726 1911 divinam
746 1845 836 1911 eirca
864 1845 1023 1911 lsraelem
1043 1845 1275 1911 oeconomiam
1299 1843 1399 1933 plene
1420 1867 1609 1935 perspexe-

283 1953 366 2031 rint,
389 1957 473 2043 pnta
493 1952 697 2041 prophetae.
714 1955 812 2031 Nota,
836 1951 943 2017 verba
963 1950 1121 2018 nontam
1145 1973 1215 2018 esse
1237 1951 1344 2017 futuri
1366 1950 1608 2041 quorumdam

283 2059 447 2126 sermonis
478 2058 739 2148 praenuntium,
767 2079 871 2147 quam
899 2057 1086 2124 oratoriam
1115 2057 1423 2146 amplificationem
1456 2080 1605 2138 eorum,

283 2189 371 2254 quae
391 2171 507 2232 orator
530 2170 645 2231 noster
665 2165 767 2230 sentit
787 2202 830 2214 —
854 2192 869 2225 α
899 2159 987 2245 Quia
1012 2163 1265 2254 dereliquerunt
1280 2176 1424 2253 pactum
1444 2166 1607 2249 Domini,

283 2271 378 2359 quod
387 2271 523 2361 pepigit
543 2293 619 2336 cum
635 2271 795 2359 putribus
820 2293 952 2356 eorum,
976 2270 1115 2360 puerulo
1133 2270 1254 2337 educit
1276 2293 1332 2338 eos
1353 2270 1395 2337 de
1418 2285 1512 2338 terra
1535 2277 1609 2340 Ae·

282 2377 384 2466 prspti
403 2406 439 2458 »‚
463 2400 495 2444 v.
513 2377 628 2464 26t'25)
652 2404 667 2437 α
686 2390 718 2443 et
733 2377 923 2443 servierunt
943 2375 1009 2442 dit‘s
1031 2364 1156 2443 alienis
1178 2391 1212 2443 et
1234 2377 1463 2445 ucloraeeruut
1487 2402 1546 2445 eos
1573 2409 1604 2461 u,

283 2483 363 2550 deos
386 2512 401 2544 u
429 2507 513 2573 quos
539 2483 733 2550 <tremebant
758 2495 791 2549 et
814 2482 936 2573 quibus
955 2506 1024 2550 uon
1039 2484 1182 2572 feceruut
1202 2483 1360 2550 attributi
1384 2512 1413 2550 ».
1436 2487 1487 2552 Cf.
1512 2510 1608 2576 quae

284 2591 484 2658 dicebamus
501 2592 547 2657 ad
564 2597 643 2673 utu
664 2590 712 2679 (p.
727 2590 804 2674 218)
820 2612 828 2657 :
847 2590 891 2656 ab
909 2590 984 2656 aliis
999 2590 1162 2676 gentibus
1177 2613 1293 2681 passus
1308 2597 1358 2658 est
1373 2596 1461 2657 Deus
1477 2615 1513 2659 se
1535 2594 1606 2660 coli

283 2697 386 2775 uariis
394 2697 592 2764 nominibus
600 2696 735 2775 divinis,
747 2697 824 2762 lieet
836 2698 1111 2785 superstitionem
1121 2697 1606 2767 illiseubibusadhaerentem

282 2826 498 2893 nequaquam
523 2810 633 2870 ratam
652 2803 828 2880 habuerit3
850 2804 895 2868 ab
918 2803 1076 2870 Hebraeis
1096 2804 1167 2870 solo
1186 2805 1325 2871 nomine
1341 2804 1444 2871 labve
1457 2805 1525 2872 coli
1544 2831 1607 2873 vo—

283 2911 358 2991 luit,
378 2934 434 2977 eos
449 2911 508 2976 uni
530 2911 632 2976 lahve
655 2911 802 2977 cultores
819 2909 986 2976 attribuit.
1011 2933 1041 2977 v.
1065 2917 1106 2975 ·2·t
1128 2911 1198 2998 (26)
1221 2938 1236 2970 «
1259 2909 1412 2999 [Idcirco]
1428 2911 1540 2978 iratus
1556 2929 1608 2979 est

278 3018 383 3103 furor·
405 3015 543 3081 Deretini
566 3027 684 3081 coutru
712 3030 837 3080 terrum
864 3015 977 3101 trram,
1006 3030 1040 3080 ut
1064 3016 1239 3083 irulureret
1262 3040 1364 3108 sttper
1384 3040 1460 3084 eunt
1483 3022 1606 3086 onznia

283 3120 480 3199 maledictu,
506 3144 593 3210 quae
616 3121 653 3186 iu
667 3121 729 3186 lior
754 3122 926 3190 columine
944 3123 1073 3211 scripto
1088 3136 1168 3188 uuit
1183 3152 1218 3204 »,
1239 3147 1271 3190 v.
1294 3130 1336 3191 28
1353 3126 1424 3214 (27)
1443 3155 1458 3186 «
1477 3137 1510 3190 rt
1530 3126 1606 3193 eie-

284 3227 331 3307 cit
351 3251 406 3295 eor
430 3227 471 3293 rie
498 3240 588 3294 terra
605 3250 668 3293 sua
689 3228 726 3294 in
746 3229 799 3294 irc
823 3241 856 3294 rt
879 3228 915 3294 irt
927 3232 1045 3317 surore
1068 3241 1099 3294 et
1122 3231 1158 3295 in
1171 3229 1414 3320 iudipuutiorte
1430 3233 1604 3313 mumulo,

279 3334 494 3424 proiecitque
518 3335 555 3400 iu
579 3347 704 3401 terrum
729 3335 898 3419 alienum,
923 3336 1013 3402 sicut
1037 3335 1137 3402 hodie
1163 3339 1426 3427 [comprobatur]
1456 3366 1493 3422 u,
1513 3342 1605 3407 sicut

284 3441 386 3509 hodie
403 3441 510 3509 oculis
525 3442 686 3510 cernitur.

661 3553 675 3584 0

712 3684 747 3730 11.
763 3682 899 3730 uacum
918 3682 1015 3730 nnnr.
1034 3684 1169 3744 metue).

329 3883 362 3927 v.
380 3866 421 3926 29
439 3860 508 3947 (28)
532 3890 547 3920 (ι
570 3860 776 3927 Absconditu
796 3861 940 3927 Domino
960 3865 1027 3938 Deo
1048 3874 1182 3947 uostro;
1194 3885 1281 3951 ptrue
1302 3863 1492 3953 ruauifrsta
1505 3879 1601 3949 strue,

285 3968 381 4033 rrobis
401 3981 433 4033 ct
453 3967 538 4056 filiis
558 3968 682 4033 uostris
702 3991 808 4056 usque
830 3970 866 4034 in
890 3969 1154 4057 sempiternum,
1178 3981 1216 4043 ut
1239 3970 1413 4057 suciamus
1440 3973 1606 4041 rtnz'versa

285 4076 384 4138 cerba
401 4074 487 4161 lepis
502 4074 602 4140 liuius
619 4103 649 4141 ».
664 4075 808 4160 t'utgata
823 4075 1029 4143 verbotenus
1043 4076 1143 4143 vertit
1154 4077 1364 4144 Hebraeum:
1384 4106 1400 4138 «
1416 4079 1604 4147 obscuram

285 4180 489 4245 sententiam
518 4209 532 4239 u
558 4181 679 4247 merito
700 4180 901 4270 pronuntiat
920 4183 1039 4270 Boufr.
1063 4189 1155 4249 Patet
1170 4185 1301 4272 utique,
1324 4184 1430 4252 verba
1444 4207 1514 4252 non
1531 4208 1607 4255 csse

215 4360 218 4364 ,
287 4285 567 4371 respondentium
590 4311 622 4355 v.
644 4293 761 4369 25-28,
787 4311 865 4354 eum
888 4289 1024 4355 eosdem
1044 4291 1248 4378 pronomine
1271 4292 1405 4379 primae
1431 4314 1607 4381 personae

286 4390 496 4479 exprimant,
523 4392 581 4481 qui
608 4395 710 4460 mode
736 4396 1016 4485 exprimebantur
1037 4397 1240 4485 pronomine
1264 4397 1386 4463 tertiae
1414 4413 1603 4486 personae,

286 4520 432 4587 cumque
459 4499 564 4581 verba
590 4499 765 4568 evidenter
791 4526 859 4569 non
887 4503 1083 4589 dirigantur
1114 4503 1300 4590 adgentes
1327 4528 1358 4570 v.
1385 4511 1439 4572 rt.
1468 4510 1606 4578 Suntne

287 4605 393 4672 verba
406 4604 494 4687 eius,
513 4605 572 4694 qui
586 4629 617 4672 v.
641 4613 741 4674 22-28
758 4609 986 4696 loquebatur?
1062 4680 1064 4685 ,

312 4738 315 4796 j
333 4711 395 4793 Ubi
409 4718 456 4795 Su
474 4734 480 4780 :
500 4742 515 4774 u
532 4713 660 4795 Adnos
679 4714 851 4804 »‚tinquit,
877 4745 892 4775 α
909 4719 1056 4805 pertinet
1069 4718 1189 4807 punire
1209 4723 1348 4808 peccata
1364 4719 1548 4792 manifesta
1568 4752 1604 4794 n.
