3366 5346
706 316 797 361 naor.
822 301 883 370 Μ.
1353 360 1357 367 ,
1397 306 1451 363 173

188 453 331 519 Verbum
355 474 418 522 mn
432 450 470 515 in
492 454 526 514 V.
550 454 585 516 Τ.
610 449 738 536 legitur
757 456 825 530 ter3
847 449 923 515 aliis
946 455 1084 538 praeter
1105 455 1201 516 Meut.
1229 459 1281 531 l,5
1306 455 1453 520 textibus

141 559 254 625 nativa
271 555 488 646 insculpendi
504 555 765 642 significatione.
782 562 862 623 ³27.ss
883 577 890 623 :
910 583 926 617 «
943 555 1106 623 inscribas
1121 556 1309 648 lapidibus,
1327 559 1452 625 inscul-

139 687 222 754 pens
240 663 426 750 diligenter
444 692 473 743 »‚
491 664 582 728 LXX
592 672 690 749 σαφῶς
704 668 830 763 cybica,
850 661 971 730 Chald.
989 662 1162 744 distincte,
1184 672 1352 746 correcte,
1371 667 1449 753 Syr.

138 771 326 858 distingues
343 792 399 835 cos
419 770 518 835 bene.
541 769 626 834 llab:
648 774 731 851 22:
755 797 770 827 «
789 767 904 834 Scribe
924 769 1108 849 visionem,
1123 775 1157 836 et
1176 771 1331 861 insculpe
1350 795 1453 861 super

138 877 271 967 lapides
291 907 319 945 a,
338 875 514 943 versiones
531 880 627 942 Meut.
646 882 701 956 1,5
719 874 928 941 unanimiter
942 879 1078 941 vertunt
1096 875 1295 965 caplanare,
1312 884 1345 944 et
1359 878 1452 968 apud

138 984 280 1051 ludaeos
301 983 509 1051 recentiores
530 994 620 1045 aaa:
642 985 693 1047 est
711 979 931 1070 explanatio,
956 982 1230 1049 comacealaliua.
1255 985 1450 1051 Secundum

137 1099 276 1181 etymon
295 1097 406 1157 vertas
425 1090 567 1154 fortasse
588 1086 779 1154 accuratius
799 1086 998 1154 inculcatio,
1021 1092 1131 1156 Potest
1152 1111 1232 1155 vero
1258 1091 1375 1178 aliqua
1398 1091 1450 1157 lex

136 1198 306 1265 inculcari
319 1196 454 1264 duobus
469 1192 580 1261 modis
596 1215 605 1260 ε
617 1193 781 1284 primum,
801 1198 837 1260 ut
850 1193 923 1261 eius
936 1216 1054 1261 scasas
1069 1195 1220 1283 penitius
1232 1197 1447 1286 explanetur;

136 1307 303 1385 secundo,
327 1301 460 1370 ateius
484 1299 716 1367 observandae
741 1299 870 1366 motiva
894 1308 1144 1389 proponantur.
1168 1301 1339 1391 Quidquid
1363 1305 1399 1369 h.
1423 1304 1446 1370 l.

136 1434 219 1478 voce
240 1410 339 1477 tlzora
360 1407 589 1492 intelligatur,
605 1412 700 1495 patet
721 1405 797 1473 eius
815 1405 937 1472 thorae
961 1413 1115 1488 1,6-a,to
1136 1430 1205 1474 non
1228 1408 1318 1475 tradi
1335 1432 1451 1477 sensus

137 1518 410 1607 explanationem
424 1512 484 1581 sed
498 1513 704 1579 motivarum
719 1512 984 1580 inculcationem
1001 1536 1061 1581 seu
1077 1514 1296 1603 paraenesin.

179 1625 319 1690 Nomine
336 1620 481 1686 thorah.
495 1618 519 1685 l.
536 1640 606 1685 non
621 1618 825 1706 designatur
839 1620 913 1708 ipsa
929 1621 1038 1691 oratio
1055 1627 1204 1703 alt-tto,
1223 1643 1302 1687 cum
1317 1621 1450 1689 diversa

136 1729 228 1794 inter
242 1750 276 1794 se
291 1728 359 1794 sint
371 1731 506 1816 oportet
521 1724 707 1792 inculcatio
723 1733 756 1792 et
769 1726 990 1793 inculcatum.
1007 1727 1235 1813 Designantur
1249 1728 1358 1814 igitur
1377 1735 1448 1810 aut,

134 1857 222 1925 quac
241 1835 329 1900 hanc
350 1834 539 1900 orationem
558 1832 785 1921 praecedunt,
806 1837 865 1898 aut
884 1833 1103 1922 sequentium
1123 1832 1251 1922 aliqua.
1268 1836 1329 1912 Qui
1350 1857 1450 1923 prae-

134 1940 224 2007 cedit
239 1940 327 2007 liber
338 1939 525 2028 bipartitus
534 1959 705 2027 nusquam
718 1937 856 2004 nomine
868 1937 966 2003 tlrora
981 1939 1189 2027 appellatur.
1205 1945 1319 2029 Neque
1334 1948 1447 2007 nostra

135 2046 244 2113 oratic
269 2047 337 2113 dici
358 2050 469 2135 potest
487 2044 571 2110 libri
592 2043 748 2133 bipartiti
767 2066 838 2111 esse
865 2043 1064 2111 inculcatio.
1089 2046 1238 2112 lnculcat
1259 2069 1298 2112 ea
1317 2048 1450 2136 potissi-

133 2175 229 2219 mum
241 2151 484 2219 mandatorum
495 2150 779 2229 observationem,
797 2150 1039 2218 cultumlahve
1053 2151 1245 2219 simulacris
1262 2159 1445 2233 carentem,

132 2259 294 2327 fiduciam
304 2259 340 2325 in
351 2258 476 2325 lahvcn
491 2279 501 2323 t
518 2257 602 2323 haec
617 2257 720 2323 etiam
735 2255 840 2323 habet
850 2255 940 2323 liber
954 2257 1152 2347 bipartitus,
1169 2280 1290 2325 verum
1306 2267 1356 2328 tot
1375 2260 1449 2328 aliis

132 2367 315 2457 permixta,
345 2368 382 2432 ut
407 2363 577 2431 infelicius
600 2363 673 2429 eius
701 2362 785 2430 libri
809 2363 995 2430 inculcatio
1026 2364 1260 2453 appellaretur
1283 2366 1447 2456 scriptum

133 2472 233 2554 illud,
255 2471 349 2562 quod
372 2493 413 2538 ea
435 2471 526 2549 sola,
548 2476 581 2536 et
601 2468 684 2535 selis
703 2469 843 2557 quidem
865 2476 906 2537 ao
928 2470 1082 2538 versibus
1104 2471 1226 2561 capitis
1245 2479 1262 2538 l
1282 2474 1445 2551 inculcet3

134 2580 258 2645 etenim
279 2578 437 2667 pericope
456 2577 616 2642 historica
636 2581 791 2656 1,6-3,aa
808 2581 992 2664 praeparat
1013 2577 1229 2643 solummodo
1247 2580 1447 2667 paraenesin
1558 2604 1569 2625 ⁰
1622 2638 1625 2645 .

134 2707 209 2775 cap.
233 2689 264 2750 l.
290 2688 421 2751 Nomen
442 2682 541 2749 tlara
562 2683 598 2748 in
617 2685 711 2748 Deut.
735 2703 841 2747 unum
861 2703 998 2770 semper
1014 2683 1258 2749 documentum
1275 2685 1445 2771 designat,

132 2790 220 2858 illud
238 2790 293 2857 cui
308 2795 386 2873 labb
401 2790 672 2880 praemittuntur
690 2787 796 2855 verba
814 2817 829 2848 α
847 2792 934 2855 Maec
949 2793 999 2854 est
1013 2788 1114 2854 thora
1138 2817 1168 2871 »,
1187 2789 1349 2881 quodque
1369 2797 1448 2872 31,9

132 2920 208 2987 sqq.
231 2899 377 2965 refertur
402 2902 528 2985 Moyses
549 2894 720 2985 scripsisse
746 2894 1049 2983 sacerdotibusque
1069 2894 1249 2962 tradidisse
1274 2918 1449 2964 asservan-

133 3005 230 3084 dum,
259 3003 473 3092 singulisque
506 3000 715 3069 remissionis
746 2999 846 3067 annis
875 3001 1004 3092 populo
1031 3001 1315 3090 praelegendum.
1346 3005 1449 3071 Huius

133 3110 251 3179 thorae
266 3110 408 3177 nucleus
419 3114 468 3176 est
483 3109 688 3200 pentalogus
701 3109 758 3196 (cl.
773 3131 810 3196 p.
826 3112 867 3175 ῐι3
877 3107 970 3198 sqq.)
989 3109 1233 3198 :pentalogum
1249 3112 1447 3190 universim,

132 3224 165 3284 et
184 3218 255 3283 elus
274 3215 454 3307 speciatim
474 3215 639 3282 mandata
651 3214 819 3305 primum,
839 3214 990 3296 tertium,
1010 3222 1172 3304 quartum
1189 3217 1247 3305 (el.
1264 3241 1300 3306 p.
1325 3225 1364 3284 17
1381 3218 1447 3307 sq.)

132 3345 249 3412 reapse
266 3323 419 3390 inculcat
436 3326 553 3389 nostra
568 3321 772 3411 paraenesis.

176 3429 212 3495 Ei
223 3429 331 3516 igitur
343 3430 464 3496 thorae
479 3426 703 3496 inculcandae
723 3426 889 3516 applicuit
907 3433 1031 3515 Moyses
1045 3429 1200 3495 animum
1221 3435 1296 3518 post
1314 3429 1447 3495 cladem

134 3536 258 3602 Sehon.
275 3542 346 3602 Non
361 3541 508 3622 negatur
522 3557 564 3602 ea
581 3540 684 3602 autea
702 3535 803 3601 fuisse
823 3534 1042 3622 promulgata
1062 3541 1095 3600 et
1116 3541 1198 3600 nota
1216 3556 1223 3600 ε
1242 3534 1360 3601 debuit
1376 3536 1447 3602 lere

133 3641 359 3728 promulgari,
372 3648 559 3732 antequam
569 3640 721 3731 primum
731 3640 978 3721 inculcaretur;
990 3639 1048 3705 sed
1060 3639 1244 3707 solemnior
1254 3642 1448 3730 paraenesis

131 3753 266 3813 nonest
283 3748 402 3814 habita
419 3749 483 3814 nisi
500 3747 687 3837 postillam
702 3747 852 3826 cladem,
872 3746 1010 3836 quando
1026 3747 1173 3837 populus
1191 3749 1448 3838 praeparandus

131 3854 196 3920 luit
210 3854 255 3920 ad
272 3854 463 3921 solemnem
478 3855 624 3921 foederis
642 3854 904 3921 restitutionem.
924 3853 1149 3943 Explicaverit
1167 3860 1292 3941 Moyses
1310 3857 1447 3921 theram

131 3960 199 4027 suis
220 3960 342 4028 Levitis
364 3961 527 4043 Cadesae,
554 3960 704 4028 sednon
730 3960 790 4026 toti
818 3960 948 4050 populo
975 3981 982 4028 :
1012 3983 1097 4050 pace
1126 3961 1280 4027 tribuum
1303 3961 1448 4028 Cadesae

132 4069 333 4158 composita,
348 4068 484 4135 videtur
496 4073 622 4156 Moyses
634 4067 731 4134 nulla
744 4066 921 4134 interiecta
939 4088 1038 4134 mora
1055 4068 1098 4134 ad
1112 4068 1292 4134 Iordanem
1306 4075 1449 4136 conten·

130 4173 230 4241 disse.

177 4281 346 4348 Scribitur
359 4281 498 4349 tandem
515 4282 648 4348 tharam
663 4281 765 4348 dunc.
789 4281 850 4359 Qui
869 4282 1002 4371 scripsit
1017 4304 1048 4348 v.
1072 4290 1090 4349 b
1107 4302 1172 4371 sq.,
1196 4305 1267 4350 non
1282 4283 1447 4373 fuitMoy-

131 4409 197 4468 ses,
222 4388 282 4476 qui
305 4389 494 4478 scripturus
518 4389 659 4456 iamiam
681 4396 770 4455 esset
788 4388 1008 4477 paraenesin,
1033 4394 1067 4454 et
1086 4389 1240 4456 cicadam
1259 4391 1447 4480 scripsisset

133 4493 279 4575 thorum,
293 4496 421 4585 quique
433 4495 527 4562 haud
540 4495 719 4563 commode
735 4496 869 4562 thorum
880 4495 1033 4562 nondum
1044 4495 1206 4586 scriptam
1218 4497 1446 4564 demonstras-

132 4605 181 4664 set
196 4603 398 4688 pronomine
413 4601 514 4670 barac.
533 4608 723 4669 Pronomen
737 4603 808 4669 lere
825 4602 987 4693 supponit
999 4604 1136 4669 tharam
1149 4603 1218 4669 iam
1234 4605 1445 4669 exsistentem

132 4705 306 4795 scriptam.
332 4715 523 4776 Pronomen
551 4716 602 4776 est
624 4710 816 4800 scriptoris,
839 4710 898 4799 qui
924 4709 1110 4777 secundam
1135 4709 1323 4775 orationem
1346 4707 1445 4773 titulo
