3366 5346
584 280 697 327 roccus
718 280 872 326 saccuocn
895 281 1094 326 nonarrrcun.
1458 269 1496 325 89

184 414 298 503 20-33)
313 437 320 495 ;
335 413 370 480 in
394 413 454 480 illo
474 420 592 503 pactus
616 419 666 480 cst
687 413 790 481 lsrael
818 413 995 503 pentalogi
1017 414 1306 495 observationem,
1337 416 1396 504 qui
1421 438 1495 481 om·

183 528 265 589 nino
280 520 425 588 includit
443 520 666 607 decalogum,
688 521 758 587 imo
772 520 872 587 illum
886 521 922 586 in
943 520 1168 609 praeambulo
1188 522 1323 601 recitat,
1344 529 1377 587 ct
1397 524 1497 590 labve

182 635 299 718 pactus
315 633 449 694 estnon
464 627 617 717 praemia
633 631 765 694 tantum
781 626 1030 708 observatoris,
1052 626 1112 692 sed
1125 627 1356 694 atrocissimas
1372 650 1500 717 poenas

183 734 389 821 neglecturis
414 735 651 824 pentalogum.
678 733 803 810 Quodsi
824 733 988 823 deinceps
1017 734 1123 801 Israel
1149 755 1170 799 a
1195 732 1289 800 cultu
1312 736 1412 801 lahvc
1439 735 1497 802 de-

182 843 309 922 iiceret,
327 840 544 908 debebantur
562 841 594 907 ei
612 840 682 907 iam
706 840 788 908 illae
813 862 946 930 poenae
975 840 1011 905 ci
1025 838 1189 927 foederis.
1212 840 1306 907 Dices
1324 842 1495 923 lsraelem,

183 949 286 1014 ctiam
312 946 451 1036 quando
475 947 537 1014 sub
567 948 679 1036 primo
704 948 841 1014 foedere
871 947 982 1013 fuerat
1008 946 1220 1027 constitutus
1249 953 1342 1014 certo
1366 949 1498 1014 novisse

183 1054 306 1120 lahven
325 1054 516 1143 apostasiae
535 1075 669 1120 severas
687 1075 816 1143 poenas
836 1074 907 1120 esse
921 1057 1156 1141 sumpturum,
1174 1054 1270 1142 quod
1289 1053 1327 1119 id
1347 1055 1498 1140 exigeret

182 1160 316 1226 infinita
335 1159 408 1228 eius
425 1160 566 1227 iustitia.
592 1159 738 1227 Omnino
756 1181 763 1228 :
790 1164 843 1238 at,
860 1158 921 1226 ubi
943 1158 1024 1225 illac
1047 1163 1117 1225 tam
1134 1164 1265 1227 atroces
1280 1182 1410 1249 poenae
1426 1160 1496 1227 tac·

183 1274 236 1333 tae
260 1274 338 1333 sunt
360 1265 514 1355 foederis
536 1265 704 1352 conditio,
725 1274 826 1333 norat
850 1267 918 1333 iam
947 1265 1051 1332 lsrael
1073 1264 1140 1331 sibi
1158 1265 1340 1333 imminere
1370 1290 1499 1356 poenas

182 1373 324 1439 omnino
344 1373 606 1456 determinataS,
632 1373 748 1462 plures
774 1394 936 1455 numero,
956 1372 1119 1439 certiores
1143 1376 1176 1438 et
1196 1373 1383 1458 graviores,
1402 1373 1499 1440 nulla

184 1479 304 1546 relicta
325 1502 385 1568 spe
407 1501 524 1546 earum
548 1480 817 1546 evadendorum.
838 1483 1016 1546 Praeterea
1037 1501 1107 1545 non
1124 1478 1274 1546 solemus
1292 1502 1421 1568 poenas
1439 1504 1498 1570 pa-

184 1584 279 1666 cisci,
306 1586 444 1674 quando
468 1586 585 1653 foedus
608 1585 737 1653 inimus
766 1607 844 1653 cum
868 1608 909 1653 eo
933 1584 1030 1653 cuius
1057 1584 1160 1652 fidem
1180 1591 1215 1652 et
1233 1585 1497 1673 generositatem

183 1697 394 1781 perspectam
424 1691 602 1759 habemus.
634 1697 669 1759 ln
701 1693 851 1760 secundo
882 1691 989 1778 igitur
1017 1691 1155 1759 loedere
1190 1691 1295 1777 longe
1329 1693 1500 1782 iniquiore

181 1798 255 1864 loco
280 1797 551 1866 constituebatur
573 1799 736 1888 populus,
754 1821 860 1888 quarn
875 1799 912 1865 in
932 1797 1073 1865 foedere
1095 1797 1221 1887 priore.
1241 1803 1308 1865 Hoc
1327 1799 1501 1886 ingressus

182 1904 294 1970 fuerat
314 1908 369 1969 Ex.
399 1911 478 1983 iffi
500 1909 537 1970 ut
565 1904 658 1972 tilius
682 1905 784 1971 lahve
809 1903 1060 1994 primogenitus
1080 1910 1115 1970 et
1145 1903 1307 1986 dilectus3
1334 1904 1422 1972 illud
1448 1905 1500 1971 in-

182 2008 408 2094 grediebatur
426 2011 529 2076 ctiam
558 2016 595 2077 ut
614 2011 704 2077 tilius
724 2011 985 2100 primogenitus
1003 2016 1038 2076 at
1052 2010 1156 2077 simul
1176 2016 1215 2077 ut
1242 2010 1334 2077 filius
1352 2011 1501 2078 discolas

182 2114 379 2204 dubiaeque
396 2116 490 2182 tidei.
515 2123 595 2184 Erat
612 2117 732 2185 foedus
750 2116 936 2184 secundum
961 2115 1125 2183 humilius
1146 2117 1270 2206 priore.
1293 2121 1401 2194 Quare
1419 2139 1498 2184 con·

181 2220 261 2287 iicio
292 2224 463 2288 Hebraeos
491 2223 695 2312 posteriores
722 2223 939 2313 iniquissime
971 2223 1088 2290 tulisse
1116 2222 1180 2290 ltoc
1203 2223 1352 2290 alterum
1373 2223 1500 2310 foedus

182 2340 232 2409 et,
257 2327 352 2417 quod
372 2327 463 2395 illuct
482 2342 655 2396 censerent
675 2329 743 2396 sibi
761 2352 829 2396 esse
847 2352 1017 2419 perquam
1034 2332 1252 2420 probrosum,
1277 2331 1350 2397 eius
1372 2353 1500 2397 eterno·

182 2433 270 2501 riam
286 2457 349 2523 pro
367 2434 493 2501 viridas
509 2435 713 2503 obliterasse.

227 2541 367 2607 Videtur
381 2542 468 2608 mihi
481 2542 570 2610 illud
584 2543 691 2610 fuisse
704 2564 841 2610 exosum
856 2544 900 2609 ob
914 2544 1017 2610 aliam
1033 2545 1138 2610 etiarn
1153 2544 1336 2625 rationem,
1354 2566 1499 2634 eamque

183 2647 387 2733 graviorem.
405 2649 466 2724 Qui
479 2649 624 2716 Cadesae
637 2648 807 2738 apostasia
819 2654 852 2715 et
866 2648 1063 2716 idololatria
1079 2649 1297 2740 deliquerant
1313 2651 1402 2735 (Αω.
1420 2657 1499 2730 525

184 2753 265 2842 sq),
279 2753 455 2822 iudicandi
471 2761 569 2822 erant
583 2755 771 2823 secundum
785 2755 901 2841 legem
918 2759 974 2820 Ex.
993 2760 1094 2827 2220
1113 2774 1120 2820 :
1140 2783 1155 2817 «
1173 2755 1235 2832 Qui
1247 2754 1406 2821 immolat
1420 2754 1498 2835 diis,

183 2859 400 2928 occidetur».
418 2867 498 2928 Erat
512 2868 586 2929 tum
603 2863 689 2929 haec
703 2862 806 2929 unica
817 2861 873 2928 lex
888 2861 925 2928 in
939 2860 1029 2927 illud
1043 2859 1154 2929 scelus
1169 2862 1251 2928 lata.
1271 2868 1361 2938 Quae
1380 2861 1501 2928 eadem

182 2988 293 3055 poena
317 2967 509 3055 infligenda
528 2973 602 3036 erat
626 2970 730 3036 etiam
755 2967 909 3035 iudicum
937 2989 1021 3034 aevo
1045 2968 1154 3056 (Dent.
1179 2974 1279 3051 13,12
1304 2968 1376 3056 [13]
1394 2968 1498 3057 sqq),

182 3071 243 3139 ubi
257 3077 327 3140 tcta
350 3074 467 3164 aliqua
496 3078 574 3141 urbs
602 3076 638 3141 in
660 3075 893 3142 idololatriam
920 3074 1105 3142 incidisset.
1128 3078 1267 3141 Mortem
1288 3075 1499 3164 corporalem

183 3181 466 3270 consequebatur,
496 3182 546 3248 uti
569 3187 675 3272 patet,
702 3203 794 3248 mors
821 3181 943 3248 civilis.
970 3181 1097 3259 Quodsi
1121 3181 1306 3248 idololatra
1330 3181 1501 3248 hebraeus

183 3284 265 3374 tuga
285 3309 322 3354 se
342 3310 381 3353 ex
400 3287 635 3356 Hebraeorum
659 3288 786 3355 finibus
805 3289 1016 3377 proriperet,
1037 3294 1182 3354 mortem
1197 3288 1317 3375 ntique
1334 3287 1502 3354 evadebat

183 3393 409 3482 corporalem,
431 3395 591 3462 manebat
613 3417 695 3463 vero
713 3394 859 3462 civiliter
879 3406 1051 3474 irroratus,
1077 3400 1216 3479 agente
1238 3393 1346 3459 electa
1365 3395 1501 3481 penitus

183 3498 367 3586 praecisus,
392 3502 551 3568 omnibus
572 3498 802 3568 Israelitarum
825 3500 959 3567 iuribus
973 3500 1175 3588 [destitutus
1203 3520 1319 3565 semen
1342 3498 1501 3565 Abrahae

184 3625 286 3671 carne
299 3610 445 3689 tantum,
463 3630 534 3674 non
548 3607 682 3698 spiritu.
706 3607 768 3675 Ubi
783 3606 901 3697 plures
920 3605 1118 3672 idololatria
1133 3604 1368 3695 deliquissent,
1383 3605 1502 3695 plures

184 3715 284 3776 erant
306 3709 414 3779 morte
436 3719 506 3780 tarn
527 3715 694 3804 corporali
716 3736 821 3804 quam
843 3712 936 3779 civili
958 3710 1144 3801 plectendi.
1161 3711 1226 3793 Sic,
1249 3713 1308 3802 qui
1332 3713 1367 3778 in
1388 3734 1501 3800 super-

183 3815 355 3884 stitionem
376 3820 475 3886 vituli
497 3821 594 3888 aurei
613 3821 911 3911 conspiraverant,
939 3824 996 3885 Ex.
1024 3824 1065 3883 32
1085 3819 1248 3885 trucidati
1268 3825 1346 3885 sunt
1365 3836 1500 3893 omncs;

75 4002 83 4025 θ
182 3923 242 4011 qui
257 3927 355 3992 Num.
374 3926 555 3994 asininae
576 3927 711 3994 lucrant
725 3926 952 4015 Beelphegor,
969 3925 1025 3992 lue
1042 3923 1206 3993 divinitus
1219 3923 1403 3989 immissae
1418 3922 1504 3988 vivis

181 4027 307 4096 sublati
322 4038 410 4099 sunt.
432 4037 478 4098 Ea
495 4033 635 4120 vigebat
648 4034 702 4100 lex
725 4038 878 4122 tempore
897 4031 1089 4121 apostasiae
1105 4030 1319 4110 cadesianae‚
1344 4028 1441 4096 cuius
1455 4029 1504 4095 rei

182 4135 339 4203 exstitere
364 4161 434 4206 non
458 4140 585 4226 singuli
605 4139 748 4230 quidam
775 4145 926 4219 tantum,
956 4162 1027 4206 non
1046 4138 1204 4224 integrae
1228 4137 1365 4225 aliquae
1385 4135 1500 4214 urbes,

181 4241 241 4308 sed
255 4247 346 4311 totae
361 4245 531 4334 quaedam
547 4246 676 4326 tribus,
694 4247 815 4328 maior,
833 4245 884 4312 uti
899 4245 1048 4327 videtur,
1065 4244 1183 4335 populi
1197 4266 1286 4333 pars.
1305 4247 1377 4308 b'on
1390 4241 1502 4331 potuit

181 4351 277 4415 tanta
302 4349 482 4418 hominurn
511 4353 695 4421 multitudo
720 4352 824 4418 morti
845 4351 977 4433 addici,
1004 4351 1098 4440 quod
1125 4349 1369 4440 promissiones
1397 4369 1503 4437 quae·

183 4454 262 4521 dam
283 4456 442 4525 tribubus
462 4469 575 4527 essent
600 4461 720 4543 tactae,
749 4465 781 4525 ct
805 4458 916 4525 tribus
938 4463 1113 4547 oporteret
1136 4478 1338 4545 permanere
1363 4475 1370 4520 :
1396 4474 1501 4542 quaro

184 4581 294 4650 neque
310 4563 412 4631 lahve
426 4566 502 4632 illos
523 4567 675 4634 itnrnissa
695 4567 800 4657 plaga
818 4564 992 4632 interemit
1012 4585 1145 4642 omneS,
1163 4585 1276 4652 neque
1293 4566 1419 4645 Moyses
1434 4556 1501 4622 talc

183 4665 374 4758 quidquam
390 4672 525 4739 ettiocrc
543 4672 730 4740 attentavit.
755 4677 881 4739 Tamen
900 4669 1090 4738 secundum
1108 4689 1195 4747 eam,
1214 4670 1387 4755 quactum
1403 4660 1500 4747 vige·
