3366 5346
565 1744 683 1840 LEO
720 1746 814 1841 ΡΡ.
847 1746 966 1840 XIII

243 2333 367 2397 Dileeti
383 2332 475 2405 biiii,
493 2332 674 2397 salutemet
692 2332 897 2417 apostolicam
916 2330 1165 2398 benedictionem.

248 2555 350 2634 Quom
364 2551 466 2618 Nobis
484 2553 572 2617 cordi
585 2556 643 2627 sit,
658 2561 691 2616 ut
708 2553 896 2617 Dicinorum
915 2551 1083 2618 Librorum
1096 2553 1207 2618 studia
1223 2557 1361 2639 riqcant,

201 2658 323 2726 abunde
337 2667 492 2725 testantur
506 2658 667 2732 Litterae,
679 2680 759 2742 quas
773 2658 811 2722 de
826 2657 1005 2742 Scripturis
1020 2658 1132 2723 Sacris
1143 2659 1190 2723 ad
1200 2663 1360 2727 unr'oersos

201 2764 283 2831 orbis
302 2764 448 2831 catholici
464 2767 626 2849 episcopos
644 2762 760 2829 abbinc
775 2762 874 2829 tribus
891 2767 987 2829 aurcis
1002 2762 1157 2829 dedimus.
1174 2766 1216 2828 In
1233 2766 1361 2850 quibus,

201 2870 382 2936 Bibliorum
405 2871 578 2935 Sacrorum
600 2869 755 2955 ‹liquitote
773 2893 811 2935 ac
834 2870 1004 2954 metltiplici
1023 2870 1161 2935 utilitate
1182 2872 1360 2948 illustrata,

197 2978 271 3060 fuse
295 2977 333 3041 de
350 2976 540 3041 ordinandis
558 2998 662 3040 eorum
680 2977 796 3041 studiis
815 2978 1079 3060 perscripsimus·
1093 2986 1123 3040 et
1142 2985 1175 3041 ut
1194 2979 1356 3064 qliscenti-

201 3082 257 3149 bus
275 3104 414 3147 errorum
434 3080 640 3166 opinionibus
652 3083 784 3165 plenior
803 3091 832 3145 et
850 3085 1030 3148 ‹uerteratior
1049 3084 1081 3147 in
1101 3103 1192 3147 sacro
1210 3085 1294 3149 clero
1313 3087 1359 3149 in-

202 3193 324 3256 stitutio
344 3198 536 3272 opponatur,
550 3197 660 3272 aptam
678 3190 836 3251 inrmimus
856 3192 1009 3252 rationem
1026 3199 1055 3252 et
1073 3191 1153 3253 cium
1166 3191 1360 3272 praeclarae

201 3294 291 3360 buius
306 3293 501 3378 disciplinae
516 3291 700 3357 trademloe.
721 3292 790 3370 Quia
806 3296 839 3356 in
854 3314 887 3356 ro
899 3293 936 3356 id
942 3294 1152 3376 pectcliariteu
1166 3296 1359 3360 commenda-

202 3411 270 3466 tum
287 3402 455 3473 noluimus)
472 3408 506 3462 nt
524 3421 602 3483 quae
616 3421 637 3462 a
652 3397 870 3462 doctrinarum
884 3409 1085 3463 externarum
1097 3403 1216 3482 peritis
1231 3402 1359 3467 eisdem-

201 3528 258 3592 que
274 3506 382 3588 infide
397 3504 554 3570 catholica
561 3504 667 3587 firmis
682 3526 721 3567 en
737 3507 915 3589 liuqcunmm
931 3502 1114 3569 biblicaeum
1128 3510 1255 3582 notitia,
1270 3529 1310 3572 eu
1325 3529 1360 3572 re

201 3612 349 3678 bistorica
364 3614 413 3676 oel
426 3634 466 3676 en
475 3611 677 3695 pluqsicornnc
692 3609 875 3693 disciplinis
888 3608 1100 3694 senilibusque
1114 3613 1228 3677 studiis
1242 3636 1359 3697 oppor-

201 3731 273 3784 tune
291 3726 512 3804 suqqeruutur,
526 3740 563 3781 ea
577 3716 744 3781 Librorum
764 3716 955 3780 Ilicinorum
974 3738 1028 3780 sen
1042 3721 1214 3782 sententiae
1229 3722 1359 3802 plenius

200 3821 409 3908 arripiendae
426 3844 480 3886 sen
499 3825 627 3887 ueritati
646 3821 854 3886 uindicnndue
871 3825 997 3885 crciuime
1011 3832 1268 3904 praetereantur.

244 3931 337 3993 Ilaec
360 3930 483 3992 Nostro
508 3948 575 3991 curn
600 3931 664 3992 sint
689 3936 815 4011 optutu,
834 3949 885 3993 eos
904 3929 1072 4013 mecedem
1092 3950 1210 3993 nature
1232 3950 1359 4013 operam

200 4039 431 4107 existimomus,
451 4036 632 4118 quicumque
653 4034 833 4117 Scripturis
852 4033 963 4099 Sacris
982 4038 1041 4098 rite
1060 4033 1252 4099 susurrandis
1270 4046 1358 4100 tuen-

200 4142 308 4225 disque
321 4164 361 4203 au
367 4144 442 4204 imos
456 4160 493 4202 uc
508 4139 707 4224 diliqentiam
723 4139 896 4205 intendunt.
921 4140 980 4204 Vos
997 4150 1114 4213 renotem,
1128 4138 1251 4204 Dileeti
1263 4142 1356 4216 Filii,

199 4246 253 4311 bos
274 4249 353 4310 iuter
367 4268 434 4309 rum
456 4243 550 4308 (accde
568 4267 837 4321 connumeramus,
854 4246 913 4330 qui
928 4246 1049 4309 inutub'n
1069 4243 1172 4310 labore
1188 4246 1277 4310 baud
1292 4251 1359 4311 esci-

195 4374 258 4438 quo
280 4355 408 4436 acrique
429 4354 550 4435 inqenio
571 4350 687 4415 Libros
708 4371 810 4415 opines
830 4351 947 4417 Securos
962 4354 1126 4435 perpetuis
1151 4351 1359 4417 uotrctionibus

200 4457 410 4523 illustrandos
429 4460 624 4541 suscepistis.

246 4568 381 4651 ltqreqii
395 4567 502 4648 operis
517 4564 693 4638 uolumina,
704 4582 784 4646 quoe
798 4562 901 4629 ostburc
913 4561 1060 4629 edidistis
1075 4585 1214 4649 quousque
1230 4564 1361 4627 Nomini

200 4670 318 4736 Nostro
337 4670 479 4735 dicando
504 4667 633 4733 libenter
652 4671 875 4743 concessimus,
883 4680 1033 4757 porqrato
1052 4672 1157 4733 antimo
1174 4670 1358 4751 suscepimus.
