<?xml version="1.0" encoding="UTF-8"?>
<!DOCTYPE html PUBLIC "-//W3C//DTD XHTML 1.0 Transitional//EN"
    "http://www.w3.org/TR/xhtml1/DTD/xhtml1-transitional.dtd">
<html xmlns="http://www.w3.org/1999/xhtml" xml:lang="en" lang="en">
 <head>
  <title>
</title>
<meta http-equiv="Content-Type" content="text/html;charset=utf-8" />
  <meta name='ocr-system' content='tesseract 3.04.00' />
  <meta name='ocr-capabilities' content='ocr_page ocr_carea ocr_par ocr_line ocrx_word'/>
</head>
<body>
  <div class='ocr_page' id='page_1' title='image "./commentariusind00hummgoog/commentariusind00hummgoog_0553.png"; bbox 0 0 3366 5346; ppageno 0'>
   <div class='ocr_carea' id='block_1_1' title="bbox 186 288 1129 348">
    <p class='ocr_par' dir='ltr' id='par_1_1' title="bbox 186 288 1129 348">
     <span class='ocr_line' id='line_1_1' title="bbox 186 288 1129 348; baseline -0.002 -5"><span class='ocrx_word' id='word_1_1' title='bbox 186 288 246 345; x_wconf 58' lang='lat' dir='ltr'><strong>:ill</strong></span> <span class='ocrx_word' id='word_1_2' title='bbox 557 305 636 348; x_wconf 79' lang='lat' dir='ltr'>ACTA</span> <span class='ocrx_word' id='word_1_3' title='bbox 661 303 792 348; x_wconf 76' lang='lat' dir='ltr'><strong>utrmnn</strong></span> <span class='ocrx_word' id='word_1_4' title='bbox 813 300 877 345; x_wconf 84' lang='lat' dir='ltr'><strong>DlEl</strong></span> <span class='ocrx_word' id='word_1_5' title='bbox 901 301 993 344; x_wconf 72' lang='lat' dir='ltr'>VITAE</span> <span class='ocrx_word' id='word_1_6' title='bbox 1013 301 1129 344; x_wconf 68' lang='lat' dir='ltr'><strong>nut&#39;sm.</strong></span> 
     </span>
    </p>
   </div>
   <div class='ocr_carea' id='block_1_2' title="bbox 100 422 1526 4789">
    <p class='ocr_par' dir='ltr' id='par_1_2' title="bbox 183 422 1526 1275">
     <span class='ocr_line' id='line_1_2' title="bbox 185 422 1515 527; baseline 0.001 -26"><span class='ocrx_word' id='word_1_7' title='bbox 185 436 303 504; x_wconf 72' lang='lat' dir='ltr'><strong>abacos</strong></span> <span class='ocrx_word' id='word_1_8' title='bbox 323 439 428 505; x_wconf 90' lang='lat' dir='ltr'><strong>verba</strong></span> <span class='ocrx_word' id='word_1_9' title='bbox 451 437 576 505; x_wconf 90' lang='lat' dir='ltr'><strong>cantici</strong></span> <span class='ocrx_word' id='word_1_10' title='bbox 592 436 867 527; x_wconf 76' lang='lat' dir='ltr'><strong>pronuntiantes</strong></span> <span class='ocrx_word' id='word_1_11' title='bbox 888 422 1021 501; x_wconf 80' lang='lat' dir='ltr'><strong>Chorus</strong></span> <span class='ocrx_word' id='word_1_12' title='bbox 1039 435 1158 524; x_wconf 90' lang='lat' dir='ltr'><strong>utique</strong></span> <span class='ocrx_word' id='word_1_13' title='bbox 1179 435 1312 524; x_wconf 88' lang='lat' dir='ltr'><strong>poetice</strong></span> <span class='ocrx_word' id='word_1_14' title='bbox 1342 435 1454 521; x_wconf 77' lang='lat' dir='ltr'><strong>fingit</strong></span> <span class='ocrx_word' id='word_1_15' title='bbox 1480 436 1515 502; x_wconf 89' lang='lat' dir='ltr'><strong>in</strong></span> 
     </span>
     <span class='ocr_line' id='line_1_3' title="bbox 185 541 1514 632; baseline -0.001 -22"><span class='ocrx_word' id='word_1_16' title='bbox 185 544 410 611; x_wconf 86' lang='lat' dir='ltr'><strong>cisiordanica</strong></span> <span class='ocrx_word' id='word_1_17' title='bbox 441 544 656 624; x_wconf 90' lang='lat' dir='ltr'><strong>constitutos,</strong></span> <span class='ocrx_word' id='word_1_18' title='bbox 689 543 846 631; x_wconf 80' lang='lat' dir='ltr'><strong>longiore</strong></span> <span class='ocrx_word' id='word_1_19' title='bbox 875 549 950 632; x_wconf 91' lang='lat' dir='ltr'><strong>post</strong></span> <span class='ocrx_word' id='word_1_20' title='bbox 981 541 1127 608; x_wconf 87' lang='lat' dir='ltr'><strong>exodum</strong></span> <span class='ocrx_word' id='word_1_21' title='bbox 1157 549 1324 632; x_wconf 89' lang='lat' dir='ltr'><strong>tempore,</strong></span> <span class='ocrx_word' id='word_1_22' title='bbox 1362 541 1514 632; x_wconf 89' lang='lat' dir='ltr'><strong>quando</strong></span> 
     </span>
     <span class='ocr_line' id='line_1_4' title="bbox 186 647 1510 741; baseline 0.001 -25"><span class='ocrx_word' id='word_1_23' title='bbox 186 651 333 740; x_wconf 90' lang='lat' dir='ltr'><strong>populus</strong></span> <span class='ocrx_word' id='word_1_24' title='bbox 352 653 388 716; x_wconf 94' lang='lat' dir='ltr'><strong>in</strong></span> <span class='ocrx_word' id='word_1_25' title='bbox 410 673 556 741; x_wconf 86' lang='lat' dir='ltr'><strong>poenam</strong></span> <span class='ocrx_word' id='word_1_26' title='bbox 582 651 797 717; x_wconf 88' lang='lat' dir='ltr'><strong>idololatriae</strong></span> <span class='ocrx_word' id='word_1_27' title='bbox 826 648 1060 717; x_wconf 88' lang='lat' dir='ltr'><strong>vexationibus</strong></span> <span class='ocrx_word' id='word_1_28' title='bbox 1083 647 1232 715; x_wconf 86' lang='lat' dir='ltr'><strong>hostiurn</strong></span> <span class='ocrx_word' id='word_1_29' title='bbox 1255 649 1510 718; x_wconf 89' lang='lat' dir='ltr'><strong>subiiceretur.</strong></span> 
     </span>
     <span class='ocr_line' id='line_1_5' title="bbox 186 755 1513 848; baseline 0.003 -27"><span class='ocrx_word' id='word_1_30' title='bbox 186 758 261 823; x_wconf 83' lang='lat' dir='ltr'><strong>t&#39;ult</strong></span> <span class='ocrx_word' id='word_1_31' title='bbox 275 764 405 837; x_wconf 79' lang='lat' dir='ltr'><strong>auctor,</strong></span> <span class='ocrx_word' id='word_1_32' title='bbox 427 763 464 825; x_wconf 91' lang='lat' dir='ltr'><strong>nt</strong></span> <span class='ocrx_word' id='word_1_33' title='bbox 479 758 546 824; x_wconf 91' lang='lat' dir='ltr'><strong>illis</strong></span> <span class='ocrx_word' id='word_1_34' title='bbox 567 757 722 848; x_wconf 88' lang='lat' dir='ltr'><strong>praecise</strong></span> <span class='ocrx_word' id='word_1_35' title='bbox 742 757 864 824; x_wconf 89' lang='lat' dir='ltr'><strong>futuris</strong></span> <span class='ocrx_word' id='word_1_36' title='bbox 888 755 1101 844; x_wconf 85' lang='lat' dir='ltr'><strong>tempon&#39;bus</strong></span> <span class='ocrx_word' id='word_1_37' title='bbox 1121 756 1270 846; x_wconf 92' lang='lat' dir='ltr'><strong>populus</strong></span> <span class='ocrx_word' id='word_1_38' title='bbox 1285 755 1411 823; x_wconf 90' lang='lat' dir='ltr'><strong>audito</strong></span> <span class='ocrx_word' id='word_1_39' title='bbox 1427 779 1513 825; x_wconf 91' lang='lat' dir='ltr'><strong>can-</strong></span> 
     </span>
     <span class='ocr_line' id='line_1_6' title="bbox 186 861 1512 954; baseline 0.002 -25"><span class='ocrx_word' id='word_1_40' title='bbox 186 865 250 930; x_wconf 89' lang='lat' dir='ltr'><strong>tico</strong></span> <span class='ocrx_word' id='word_1_41' title='bbox 266 864 419 951; x_wconf 84' lang='lat' dir='ltr'><strong>erigatur</strong></span> <span class='ocrx_word' id='word_1_42' title='bbox 436 887 444 933; x_wconf 91' lang='lat'>:</span> <span class='ocrx_word' id='word_1_43' title='bbox 463 887 570 954; x_wconf 87' lang='lat' dir='ltr'><strong>quare</strong></span> <span class='ocrx_word' id='word_1_44' title='bbox 585 866 707 931; x_wconf 88' lang='lat' dir='ltr'><strong>choros</strong></span> <span class='ocrx_word' id='word_1_45' title='bbox 727 862 858 930; x_wconf 91' lang='lat' dir='ltr'><strong>inducit</strong></span> <span class='ocrx_word' id='word_1_46' title='bbox 868 861 938 929; x_wconf 91' lang='lat' dir='ltr'><strong>illis</strong></span> <span class='ocrx_word' id='word_1_47' title='bbox 949 861 1073 929; x_wconf 87' lang='lat' dir='ltr'><strong>futuris</strong></span> <span class='ocrx_word' id='word_1_48' title='bbox 1092 862 1305 953; x_wconf 76' lang='lat' dir='ltr'><strong>temporibus</strong></span> <span class='ocrx_word' id='word_1_49' title='bbox 1322 863 1369 930; x_wconf 92' lang='lat' dir='ltr'><strong>ad</strong></span> <span class='ocrx_word' id='word_1_50' title='bbox 1380 886 1512 932; x_wconf 88' lang='lat' dir='ltr'><strong>eorum</strong></span> 
     </span>
     <span class='ocr_line' id='line_1_7' title="bbox 184 968 1526 1062; baseline 0.002 -26"><span class='ocrx_word' id='word_1_51' title='bbox 184 976 377 1059; x_wconf 86' lang='lat' dir='ltr'><strong>temporum</strong></span> <span class='ocrx_word' id='word_1_52' title='bbox 398 971 554 1037; x_wconf 90' lang='lat' dir='ltr'><strong>homines</strong></span> <span class='ocrx_word' id='word_1_53' title='bbox 575 972 770 1061; x_wconf 88' lang='lat' dir='ltr'><strong>loquentes;</strong></span> <span class='ocrx_word' id='word_1_54' title='bbox 790 970 954 1059; x_wconf 82' lang='lat' dir='ltr'><strong>supponit</strong></span> <span class='ocrx_word' id='word_1_55' title='bbox 972 969 1041 1035; x_wconf 88' lang='lat' dir='ltr'><strong>iam</strong></span> <span class='ocrx_word' id='word_1_56' title='bbox 1067 968 1260 1036; x_wconf 84' lang='lat' dir='ltr'><strong>incubuisse</strong></span> <span class='ocrx_word' id='word_1_57' title='bbox 1285 969 1393 1053; x_wconf 89' lang='lat' dir='ltr'><strong>mala,</strong></span> <span class='ocrx_word' id='word_1_58' title='bbox 1416 994 1526 1062; x_wconf 90' lang='lat' dir='ltr'><strong>quae·</strong></span> 
     </span>
     <span class='ocr_line' id='line_1_8' title="bbox 183 1076 1506 1168; baseline 0.002 -25"><span class='ocrx_word' id='word_1_59' title='bbox 183 1084 256 1143; x_wconf 90' lang='lat' dir='ltr'><strong>tum</strong></span> <span class='ocrx_word' id='word_1_60' title='bbox 272 1078 488 1160; x_wconf 88' lang='lat' dir='ltr'><strong>incumbent,</strong></span> <span class='ocrx_word' id='word_1_61' title='bbox 509 1100 612 1144; x_wconf 89' lang='lat' dir='ltr'><strong>unam</strong></span> <span class='ocrx_word' id='word_1_62' title='bbox 628 1100 691 1168; x_wconf 92' lang='lat' dir='ltr'><strong>pro</strong></span> <span class='ocrx_word' id='word_1_63' title='bbox 709 1079 825 1145; x_wconf 80' lang='lat' dir='ltr'><strong>futuro</strong></span> <span class='ocrx_word' id='word_1_64' title='bbox 847 1084 1000 1166; x_wconf 87' lang='lat' dir='ltr'><strong>tempore</strong></span> <span class='ocrx_word' id='word_1_65' title='bbox 1021 1076 1056 1141; x_wconf 92' lang='lat' dir='ltr'><strong>in</strong></span> <span class='ocrx_word' id='word_1_66' title='bbox 1079 1076 1168 1142; x_wconf 90' lang='lat' dir='ltr'><strong>votis</strong></span> <span class='ocrx_word' id='word_1_67' title='bbox 1182 1099 1253 1143; x_wconf 90' lang='lat' dir='ltr'><strong>esse</strong></span> <span class='ocrx_word' id='word_1_68' title='bbox 1269 1077 1436 1145; x_wconf 87' lang='lat' dir='ltr'><strong>salutem.</strong></span> <span class='ocrx_word' id='word_1_69' title='bbox 1456 1081 1506 1146; x_wconf 83' lang='lat' dir='ltr'><strong>Cf.</strong></span> 
     </span>
     <span class='ocr_line' id='line_1_9' title="bbox 184 1183 951 1275; baseline 0.003 -26"><span class='ocrx_word' id='word_1_70' title='bbox 184 1185 289 1251; x_wconf 78' lang='lat' dir='ltr'><strong>Klost.</strong></span> <span class='ocrx_word' id='word_1_71' title='bbox 311 1209 347 1275; x_wconf 90' lang='lat' dir='ltr'><strong>p.</strong></span> <span class='ocrx_word' id='word_1_72' title='bbox 370 1191 434 1252; x_wconf 82' lang='lat'><strong>355</strong></span> <span class='ocrx_word' id='word_1_73' title='bbox 449 1208 524 1275; x_wconf 85' lang='lat' dir='ltr'><strong>sqq.</strong></span> <span class='ocrx_word' id='word_1_74' title='bbox 542 1190 604 1252; x_wconf 85' lang='lat' dir='ltr'><strong>Res</strong></span> <span class='ocrx_word' id='word_1_75' title='bbox 624 1193 672 1250; x_wconf 90' lang='lat' dir='ltr'><strong>est</strong></span> <span class='ocrx_word' id='word_1_76' title='bbox 691 1183 951 1272; x_wconf 88' lang='lat' dir='ltr'><strong>simplicissima.</strong></span> 
     </span>
    </p>

    <p class='ocr_par' dir='ltr' id='par_1_3' title="bbox 181 1289 1508 1595">
     <span class='ocr_line' id='line_1_10' title="bbox 226 1289 1508 1381; baseline 0 -23"><span class='ocrx_word' id='word_1_77' title='bbox 226 1294 477 1381; x_wconf 79' lang='lat' dir='ltr'><strong>Arqumentum</strong></span> <span class='ocrx_word' id='word_1_78' title='bbox 499 1291 645 1358; x_wconf 83' lang='lat' dir='ltr'><strong>tertium.</strong></span> <span class='ocrx_word' id='word_1_79' title='bbox 662 1297 685 1358; x_wconf 82' lang='lat' dir='ltr'>E</span> <span class='ocrx_word' id='word_1_80' title='bbox 699 1291 830 1358; x_wconf 88' lang='lat' dir='ltr'><strong>cantico</strong></span> <span class='ocrx_word' id='word_1_81' title='bbox 845 1291 936 1357; x_wconf 89' lang='lat' dir='ltr'><strong>clare</strong></span> <span class='ocrx_word' id='word_1_82' title='bbox 952 1289 1169 1379; x_wconf 85' lang='lat' dir='ltr'><strong>perspicitur,</strong></span> <span class='ocrx_word' id='word_1_83' title='bbox 1188 1292 1246 1379; x_wconf 94' lang='lat' dir='ltr'><strong>qui</strong></span> <span class='ocrx_word' id='word_1_84' title='bbox 1263 1290 1333 1356; x_wconf 91' lang='lat' dir='ltr'><strong>sint</strong></span> <span class='ocrx_word' id='word_1_85' title='bbox 1347 1290 1405 1357; x_wconf 91' lang='lat' dir='ltr'><strong>illi</strong></span> <span class='ocrx_word' id='word_1_86' title='bbox 1428 1292 1508 1358; x_wconf 88' lang='lat' dir='ltr'><strong>hos·</strong></span> 
     </span>
     <span class='ocr_line' id='line_1_11' title="bbox 181 1386 1507 1489; baseline 0.001 -24"><span class='ocrx_word' id='word_1_87' title='bbox 181 1386 242 1482; x_wconf 77' lang='lat' dir='ltr'><strong>tes,</strong></span> <span class='ocrx_word' id='word_1_88' title='bbox 270 1401 329 1488; x_wconf 93' lang='lat' dir='ltr'><strong>qui</strong></span> <span class='ocrx_word' id='word_1_89' title='bbox 354 1392 530 1464; x_wconf 71' lang='lat' dir='ltr'><strong>&#39;Hebraeos</strong></span> <span class='ocrx_word' id='word_1_90' title='bbox 555 1397 751 1489; x_wconf 82' lang='lat' dir='ltr'><strong>opprimere</strong></span> <span class='ocrx_word' id='word_1_91' title='bbox 772 1397 1021 1478; x_wconf 88' lang='lat' dir='ltr'><strong>describantur,</strong></span> <span class='ocrx_word' id='word_1_92' title='bbox 1048 1419 1094 1464; x_wconf 92' lang='lat' dir='ltr'><strong>sc.</strong></span> <span class='ocrx_word' id='word_1_93' title='bbox 1126 1397 1279 1464; x_wconf 90' lang='lat' dir='ltr'><strong>nationes</strong></span> <span class='ocrx_word' id='word_1_94' title='bbox 1303 1396 1507 1486; x_wconf 89' lang='lat' dir='ltr'><strong>quaedam,</strong></span> 
     </span>
     <span class='ocr_line' id='line_1_12' title="bbox 182 1503 1011 1595; baseline -0.002 -21"><span class='ocrx_word' id='word_1_95' title='bbox 182 1528 269 1595; x_wconf 89' lang='lat' dir='ltr'><strong>quae</strong></span> <span class='ocrx_word' id='word_1_96' title='bbox 280 1505 442 1595; x_wconf 88' lang='lat' dir='ltr'><strong>pluribus</strong></span> <span class='ocrx_word' id='word_1_97' title='bbox 457 1511 532 1594; x_wconf 90' lang='lat' dir='ltr'><strong>post</strong></span> <span class='ocrx_word' id='word_1_98' title='bbox 548 1510 680 1593; x_wconf 73' lang='lat' dir='ltr'><strong>Moysen</strong></span> <span class='ocrx_word' id='word_1_99' title='bbox 695 1503 838 1571; x_wconf 89' lang='lat' dir='ltr'><strong>saeculis</strong></span> <span class='ocrx_word' id='word_1_100' title='bbox 852 1505 1011 1572; x_wconf 89' lang='lat' dir='ltr'><strong>lloruere.</strong></span> 
     </span>
    </p>

    <p class='ocr_par' dir='ltr' id='par_1_4' title="bbox 180 1610 1509 2448">
     <span class='ocr_line' id='line_1_13' title="bbox 227 1610 1509 1704; baseline 0.002 -25"><span class='ocrx_word' id='word_1_101' title='bbox 227 1610 435 1703; x_wconf 63' lang='lat' dir='ltr'><strong>Respondet).</strong></span> <span class='ocrx_word' id='word_1_102' title='bbox 451 1616 556 1688; x_wconf 82' lang='lat' dir='ltr'><strong>Quam</strong></span> <span class='ocrx_word' id='word_1_103' title='bbox 570 1611 660 1677; x_wconf 89' lang='lat' dir='ltr'><strong>clare</strong></span> <span class='ocrx_word' id='word_1_104' title='bbox 675 1610 760 1676; x_wconf 89' lang='lat' dir='ltr'><strong>illud</strong></span> <span class='ocrx_word' id='word_1_105' title='bbox 776 1634 794 1678; x_wconf 90' lang='lat' dir='ltr'><strong>e</strong></span> <span class='ocrx_word' id='word_1_106' title='bbox 808 1612 939 1677; x_wconf 88' lang='lat' dir='ltr'><strong>cantico</strong></span> <span class='ocrx_word' id='word_1_107' title='bbox 951 1611 1188 1700; x_wconf 89' lang='lat' dir='ltr'><strong>perspiciatur,</strong></span> <span class='ocrx_word' id='word_1_108' title='bbox 1202 1611 1337 1679; x_wconf 91' lang='lat' dir='ltr'><strong>doceris</strong></span> <span class='ocrx_word' id='word_1_109' title='bbox 1349 1636 1509 1704; x_wconf 87' lang='lat' dir='ltr'><strong>sequen·</strong></span> 
     </span>
     <span class='ocr_line' id='line_1_14' title="bbox 183 1716 1505 1804; baseline 0.004 -21"><span class='ocrx_word' id='word_1_110' title='bbox 183 1718 286 1785; x_wconf 91' lang='lat' dir='ltr'><strong>tibus.</strong></span> <span class='ocrx_word' id='word_1_111' title='bbox 307 1717 465 1784; x_wconf 86' lang='lat' dir='ltr'><strong>inimicos</strong></span> <span class='ocrx_word' id='word_1_112' title='bbox 477 1717 654 1803; x_wconf 83' lang='lat' dir='ltr'><strong>designari</strong></span> <span class='ocrx_word' id='word_1_113' title='bbox 674 1723 789 1784; x_wconf 87' lang='lat' dir='ltr'><strong>censet</strong></span> <span class='ocrx_word' id='word_1_114' title='bbox 804 1716 922 1784; x_wconf 82' lang='lat' dir='ltr'><strong>Dillnr.</strong></span> <span class='ocrx_word' id='word_1_115' title='bbox 943 1721 1044 1804; x_wconf 84' lang='lat' dir='ltr'><strong>Syros</strong></span> <span class='ocrx_word' id='word_1_116' title='bbox 1058 1719 1259 1785; x_wconf 86' lang='lat' dir='ltr'><strong>Benhadadi</strong></span> <span class='ocrx_word' id='word_1_117' title='bbox 1275 1725 1307 1785; x_wconf 89' lang='lat' dir='ltr'><strong>et</strong></span> <span class='ocrx_word' id='word_1_118' title='bbox 1324 1721 1505 1801; x_wconf 78' lang='lat' dir='ltr'><strong>HazaeliS,</strong></span> 
     </span>
     <span class='ocr_line' id='line_1_15' title="bbox 180 1811 1507 1917; baseline 0.004 -27"><span class='ocrx_word' id='word_1_119' title='bbox 180 1811 286 1892; x_wconf 73' lang='lat' dir='ltr'><strong>Reuss</strong></span> <span class='ocrx_word' id='word_1_120' title='bbox 304 1830 318 1910; x_wconf 70' lang='lat' dir='ltr'><strong>t</strong></span> <span class='ocrx_word' id='word_1_121' title='bbox 338 1831 402 1892; x_wconf 69' lang='lat'><strong>226</strong></span> <span class='ocrx_word' id='word_1_122' title='bbox 421 1831 562 1913; x_wconf 74' lang='lat' dir='ltr'><strong>,tssyros</strong></span> <span class='ocrx_word' id='word_1_123' title='bbox 579 1831 659 1891; x_wconf 90' lang='lat' dir='ltr'><strong>ante</strong></span> <span class='ocrx_word' id='word_1_124' title='bbox 673 1824 880 1892; x_wconf 89' lang='lat' dir='ltr'><strong>destructam</strong></span> <span class='ocrx_word' id='word_1_125' title='bbox 894 1823 1104 1907; x_wconf 75' lang='lat' dir='ltr'><strong>Samariam3</strong></span> <span class='ocrx_word' id='word_1_126' title='bbox 1121 1824 1366 1915; x_wconf 79' lang='lat' dir='ltr'><strong>Kampltcucen</strong></span> <span class='ocrx_word' id='word_1_127' title='bbox 1378 1851 1419 1917; x_wconf 91' lang='lat' dir='ltr'><strong>p.</strong></span> <span class='ocrx_word' id='word_1_128' title='bbox 1439 1834 1507 1895; x_wconf 71' lang='lat'><strong>299</strong></span> 
     </span>
     <span class='ocr_line' id='line_1_16' title="bbox 181 1931 1507 2021; baseline 0.003 -22"><span class='ocrx_word' id='word_1_129' title='bbox 181 1932 352 1999; x_wconf 88' lang='lat' dir='ltr'><strong>canticum</strong></span> <span class='ocrx_word' id='word_1_130' title='bbox 373 1931 616 1998; x_wconf 91' lang='lat' dir='ltr'><strong>concinnatum</strong></span> <span class='ocrx_word' id='word_1_131' title='bbox 631 1936 744 1998; x_wconf 88' lang='lat' dir='ltr'><strong>censet</strong></span> <span class='ocrx_word' id='word_1_132' title='bbox 764 1953 829 1997; x_wconf 92' lang='lat' dir='ltr'><strong>non</strong></span> <span class='ocrx_word' id='word_1_133' title='bbox 852 1936 930 1997; x_wconf 90' lang='lat' dir='ltr'><strong>ante</strong></span> <span class='ocrx_word' id='word_1_134' title='bbox 945 1939 1009 1997; x_wconf 82' lang='lat'><strong>700</strong></span> <span class='ocrx_word' id='word_1_135' title='bbox 1030 1953 1061 1996; x_wconf 93' lang='lat' dir='ltr'><strong>a.</strong></span> <span class='ocrx_word' id='word_1_136' title='bbox 1084 1936 1132 2013; x_wconf 86' lang='lat' dir='ltr'><strong>C.,</strong></span> <span class='ocrx_word' id='word_1_137' title='bbox 1148 1934 1231 1998; x_wconf 81' lang='lat' dir='ltr'><strong>Kar.</strong></span> <span class='ocrx_word' id='word_1_138' title='bbox 1250 1956 1284 2021; x_wconf 93' lang='lat' dir='ltr'><strong>p.</strong></span> <span class='ocrx_word' id='word_1_139' title='bbox 1306 1938 1374 1999; x_wconf 69' lang='lat' dir='ltr'><strong>etc</strong></span> <span class='ocrx_word' id='word_1_140' title='bbox 1401 1961 1418 1995; x_wconf 72' lang='grc' dir='ltr'>ι</span> <span class='ocrx_word' id='word_1_141' title='bbox 1440 1941 1507 2003; x_wconf 81' lang='lat'><strong>630</strong></span> 
     </span>
     <span class='ocr_line' id='line_1_17' title="bbox 181 2038 1508 2127; baseline 0.003 -22"><span class='ocrx_word' id='word_1_142' title='bbox 181 2063 213 2106; x_wconf 89' lang='lat' dir='ltr'><strong>a.</strong></span> <span class='ocrx_word' id='word_1_143' title='bbox 232 2045 280 2122; x_wconf 87' lang='lat' dir='ltr'><strong>C.,</strong></span> <span class='ocrx_word' id='word_1_144' title='bbox 303 2041 444 2105; x_wconf 86' lang='lat' dir='ltr'><strong>tortasse</strong></span> <span class='ocrx_word' id='word_1_145' title='bbox 461 2038 564 2105; x_wconf 87' lang='lat' dir='ltr'><strong>etiam</strong></span> <span class='ocrx_word' id='word_1_146' title='bbox 580 2045 726 2105; x_wconf 80' lang='lat' dir='ltr'><strong>utu-600</strong></span> <span class='ocrx_word' id='word_1_147' title='bbox 746 2067 780 2118; x_wconf 82' lang='lat'><strong>»,</strong></span> <span class='ocrx_word' id='word_1_148' title='bbox 806 2040 865 2103; x_wconf 87' lang='lat' dir='ltr'><strong>Dr.</strong></span> <span class='ocrx_word' id='word_1_149' title='bbox 884 2060 919 2127; x_wconf 90' lang='lat' dir='ltr'><strong>p.</strong></span> <span class='ocrx_word' id='word_1_150' title='bbox 944 2045 1007 2105; x_wconf 70' lang='lat' dir='ltr'><strong>{tlt</strong></span> <span class='ocrx_word' id='word_1_151' title='bbox 1032 2059 1061 2104; x_wconf 94' lang='lat' dir='ltr'><strong>c.</strong></span> <span class='ocrx_word' id='word_1_152' title='bbox 1080 2044 1156 2119; x_wconf 81' lang='lat'><strong>630,</strong></span> <span class='ocrx_word' id='word_1_153' title='bbox 1178 2061 1262 2105; x_wconf 85' lang='lat' dir='ltr'><strong>aero</strong></span> <span class='ocrx_word' id='word_1_154' title='bbox 1279 2043 1452 2108; x_wconf 88' lang='lat' dir='ltr'><strong>leremiae</strong></span> <span class='ocrx_word' id='word_1_155' title='bbox 1473 2049 1508 2109; x_wconf 89' lang='lat' dir='ltr'><strong>et</strong></span> 
     </span>
     <span class='ocr_line' id='line_1_18' title="bbox 184 2143 1509 2234; baseline 0.003 -23"><span class='ocrx_word' id='word_1_156' title='bbox 184 2146 382 2227; x_wconf 72' lang='lat' dir='ltr'><strong>EzechieliS,</strong></span> <span class='ocrx_word' id='word_1_157' title='bbox 401 2145 535 2213; x_wconf 64' lang='lat' dir='ltr'><strong>cornill</strong></span> <span class='ocrx_word' id='word_1_158' title='bbox 546 2168 580 2234; x_wconf 93' lang='lat' dir='ltr'><strong>p.</strong></span> <span class='ocrx_word' id='word_1_159' title='bbox 598 2150 639 2210; x_wconf 75' lang='lat' dir='ltr'><strong>ct</strong></span> <span class='ocrx_word' id='word_1_160' title='bbox 655 2150 689 2210; x_wconf 92' lang='lat' dir='ltr'><strong>et</strong></span> <span class='ocrx_word' id='word_1_161' title='bbox 703 2143 875 2210; x_wconf 79' lang='lat' dir='ltr'><strong>Bertbolet</strong></span> <span class='ocrx_word' id='word_1_162' title='bbox 887 2166 922 2233; x_wconf 89' lang='lat' dir='ltr'><strong>p.</strong></span> <span class='ocrx_word' id='word_1_163' title='bbox 936 2151 978 2209; x_wconf 80' lang='lat'><strong>95</strong></span> <span class='ocrx_word' id='word_1_164' title='bbox 992 2143 1083 2210; x_wconf 91' lang='lat' dir='ltr'><strong>circa</strong></span> <span class='ocrx_word' id='word_1_165' title='bbox 1095 2145 1201 2211; x_wconf 82' lang='lat' dir='ltr'><strong>finem</strong></span> <span class='ocrx_word' id='word_1_166' title='bbox 1214 2145 1338 2228; x_wconf 90' lang='lat' dir='ltr'><strong>exsilii,</strong></span> <span class='ocrx_word' id='word_1_167' title='bbox 1354 2146 1509 2216; x_wconf 87' lang='lat' dir='ltr'><strong>tortasse</strong></span> 
     </span>
     <span class='ocr_line' id='line_1_19' title="bbox 182 2249 1507 2338; baseline 0.004 -21"><span class='ocrx_word' id='word_1_168' title='bbox 182 2251 360 2318; x_wconf 72' lang='lat' dir='ltr'><strong>recentius</strong></span> <span class='ocrx_word' id='word_1_169' title='bbox 378 2257 420 2317; x_wconf 86' lang='lat' dir='ltr'><strong>De</strong></span> <span class='ocrx_word' id='word_1_170' title='bbox 435 2253 524 2317; x_wconf 90' lang='lat' dir='ltr'><strong>lacto</strong></span> <span class='ocrx_word' id='word_1_171' title='bbox 535 2251 705 2317; x_wconf 90' lang='lat' dir='ltr'><strong>canticum</strong></span> <span class='ocrx_word' id='word_1_172' title='bbox 718 2250 852 2316; x_wconf 92' lang='lat' dir='ltr'><strong>nullum</strong></span> <span class='ocrx_word' id='word_1_173' title='bbox 864 2249 1076 2338; x_wconf 80' lang='lat' dir='ltr'><strong>particulare</strong></span> <span class='ocrx_word' id='word_1_174' title='bbox 1089 2252 1251 2318; x_wconf 80' lang='lat' dir='ltr'><strong>describit</strong></span> <span class='ocrx_word' id='word_1_175' title='bbox 1260 2275 1403 2333; x_wconf 88' lang='lat' dir='ltr'><strong>aevum,</strong></span> <span class='ocrx_word' id='word_1_176' title='bbox 1416 2255 1507 2336; x_wconf 49' lang='lat' dir='ltr'><strong>,nul-</strong></span> 
     </span>
     <span class='ocr_line' id='line_1_20' title="bbox 182 2355 1505 2448; baseline 0.005 -25"><span class='ocrx_word' id='word_1_177' title='bbox 182 2359 229 2424; x_wconf 92' lang='lat' dir='ltr'><strong>los</strong></span> <span class='ocrx_word' id='word_1_178' title='bbox 246 2358 471 2447; x_wconf 82' lang='lat' dir='ltr'><strong>particulares</strong></span> <span class='ocrx_word' id='word_1_179' title='bbox 485 2356 653 2437; x_wconf 90' lang='lat' dir='ltr'><strong>inimicos,</strong></span> <span class='ocrx_word' id='word_1_180' title='bbox 673 2357 733 2422; x_wconf 88' lang='lat' dir='ltr'><strong>sed</strong></span> <span class='ocrx_word' id='word_1_181' title='bbox 748 2355 977 2445; x_wconf 86' lang='lat' dir='ltr'><strong>descriptione</strong></span> <span class='ocrx_word' id='word_1_182' title='bbox 993 2356 1189 2424; x_wconf 86' lang='lat' dir='ltr'><strong>continetur</strong></span> <span class='ocrx_word' id='word_1_183' title='bbox 1205 2359 1305 2448; x_wconf 90' lang='lat' dir='ltr'><strong>plane</strong></span> <span class='ocrx_word' id='word_1_184' title='bbox 1320 2360 1505 2448; x_wconf 79' lang='lat' dir='ltr'><strong>qenerali.</strong></span> 
     </span>
    </p>

    <p class='ocr_par' dir='ltr' id='par_1_5' title="bbox 223 2463 1138 2554">
     <span class='ocr_line' id='line_1_21' title="bbox 223 2463 1138 2554; baseline 0.001 -24"><span class='ocrx_word' id='word_1_185' title='bbox 223 2467 474 2554; x_wconf 71' lang='lat' dir='ltr'><strong>Arqmnenamz</strong></span> <span class='ocrx_word' id='word_1_186' title='bbox 492 2475 652 2553; x_wconf 83' lang='lat' dir='ltr'><strong>quartum</strong></span> <span class='ocrx_word' id='word_1_187' title='bbox 667 2463 857 2530; x_wconf 83' lang='lat' dir='ltr'><strong>desumitur</strong></span> <span class='ocrx_word' id='word_1_188' title='bbox 873 2485 890 2528; x_wconf 94' lang='lat' dir='ltr'><strong>e</strong></span> <span class='ocrx_word' id='word_1_189' title='bbox 908 2463 1033 2529; x_wconf 91' lang='lat' dir='ltr'><strong>cantici</strong></span> <span class='ocrx_word' id='word_1_190' title='bbox 1049 2464 1138 2531; x_wconf 92' lang='lat' dir='ltr'><strong>stilo.</strong></span> 
     </span>
    </p>

    <p class='ocr_par' dir='ltr' id='par_1_6' title="bbox 133 2569 1507 3065">
     <span class='ocr_line' id='line_1_22' title="bbox 200 2569 1506 2662; baseline 0.009 -30"><span class='ocrx_word' id='word_1_191' title='bbox 200 2570 419 2662; x_wconf 78' lang='lat' dir='ltr'><strong>,ltexponclco</strong></span> <span class='ocrx_word' id='word_1_192' title='bbox 440 2593 447 2639; x_wconf 92' lang='lat'>:</span> <span class='ocrx_word' id='word_1_193' title='bbox 473 2570 504 2659; x_wconf 84' lang='lat'><strong>1)</strong></span> <span class='ocrx_word' id='word_1_194' title='bbox 528 2592 546 2636; x_wconf 90' lang='lat' dir='ltr'><strong>e</strong></span> <span class='ocrx_word' id='word_1_195' title='bbox 564 2569 698 2637; x_wconf 87' lang='lat' dir='ltr'><strong>tabellis</strong></span> <span class='ocrx_word' id='word_1_196' title='bbox 722 2569 813 2658; x_wconf 91' lang='lat' dir='ltr'><strong>apud</strong></span> <span class='ocrx_word' id='word_1_197' title='bbox 835 2570 926 2637; x_wconf 84' lang='lat' dir='ltr'><strong>llolz.</strong></span> <span class='ocrx_word' id='word_1_198' title='bbox 949 2570 1036 2636; x_wconf 89' lang='lat' dir='ltr'><strong>mira</strong></span> <span class='ocrx_word' id='word_1_199' title='bbox 1052 2569 1254 2638; x_wconf 77' lang='lat' dir='ltr'><strong>efficiturde</strong></span> <span class='ocrx_word' id='word_1_200' title='bbox 1272 2572 1352 2638; x_wconf 90' lang='lat' dir='ltr'><strong>stilo</strong></span> <span class='ocrx_word' id='word_1_201' title='bbox 1368 2577 1506 2644; x_wconf 88' lang='lat' dir='ltr'><strong>cantici</strong></span> 
     </span>
     <span class='ocr_line' id='line_1_23' title="bbox 179 2675 1507 2767; baseline 0.005 -22"><span class='ocrx_word' id='word_1_202' title='bbox 179 2680 372 2758; x_wconf 89' lang='lat' dir='ltr'><strong>consensio,</strong></span> <span class='ocrx_word' id='word_1_203' title='bbox 391 2677 484 2767; x_wconf 87' lang='lat' dir='ltr'><strong>quod</strong></span> <span class='ocrx_word' id='word_1_204' title='bbox 503 2676 620 2742; x_wconf 84' lang='lat' dir='ltr'><strong>Dillm.</strong></span> <span class='ocrx_word' id='word_1_205' title='bbox 646 2677 767 2743; x_wconf 86' lang='lat' dir='ltr'><strong>tribuit</strong></span> <span class='ocrx_word' id='word_1_206' title='bbox 787 2682 810 2758; x_wconf 89' lang='lat' dir='ltr'><strong>l,</strong></span> <span class='ocrx_word' id='word_1_207' title='bbox 839 2675 958 2742; x_wconf 76' lang='lat' dir='ltr'><strong>Welllc.</strong></span> <span class='ocrx_word' id='word_1_208' title='bbox 983 2682 1037 2758; x_wconf 88' lang='lat' dir='ltr'><strong>lE,</strong></span> <span class='ocrx_word' id='word_1_209' title='bbox 1056 2678 1097 2742; x_wconf 84' lang='grc' dir='ltr'><strong>Ε.</strong></span> <span class='ocrx_word' id='word_1_210' title='bbox 1119 2681 1235 2764; x_wconf 73' lang='lat' dir='ltr'><strong>Meyer</strong></span> <span class='ocrx_word' id='word_1_211' title='bbox 1250 2684 1290 2756; x_wconf 86' lang='lat' dir='ltr'><strong>E;</strong></span> <span class='ocrx_word' id='word_1_212' title='bbox 1310 2682 1396 2748; x_wconf 78' lang='lat' dir='ltr'><strong>Kar.</strong></span> <span class='ocrx_word' id='word_1_213' title='bbox 1417 2684 1507 2751; x_wconf 85' lang='lat' dir='ltr'><strong>facit</strong></span> 
     </span>
     <span class='ocr_line' id='line_1_24' title="bbox 133 2783 1505 2873; baseline 0.004 -20"><span class='ocrx_word' id='word_1_214' title='bbox 133 2818 135 2822; x_wconf 36' lang='lat'>³</span> <span class='ocrx_word' id='word_1_215' title='bbox 179 2785 339 2853; x_wconf 91' lang='lat' dir='ltr'><strong>nonnihil</strong></span> <span class='ocrx_word' id='word_1_216' title='bbox 362 2783 536 2873; x_wconf 88' lang='lat' dir='ltr'><strong>antiquius</strong></span> <span class='ocrx_word' id='word_1_217' title='bbox 554 2806 657 2872; x_wconf 90' lang='lat' dir='ltr'><strong>quam</strong></span> <span class='ocrx_word' id='word_1_218' title='bbox 684 2787 741 2861; x_wconf 85' lang='lat' dir='ltr'><strong>lE,</strong></span> <span class='ocrx_word' id='word_1_219' title='bbox 771 2785 870 2850; x_wconf 78' lang='lat' dir='ltr'><strong>Corn.</strong></span> <span class='ocrx_word' id='word_1_220' title='bbox 899 2783 1072 2849; x_wconf 85' lang='lat' dir='ltr'><strong>recentius</strong></span> <span class='ocrx_word' id='word_1_221' title='bbox 1097 2789 1257 2873; x_wconf 80' lang='lat' dir='ltr'><strong>quaml),</strong></span> <span class='ocrx_word' id='word_1_222' title='bbox 1282 2785 1368 2852; x_wconf 92' lang='lat' dir='ltr'><strong>dum</strong></span> <span class='ocrx_word' id='word_1_223' title='bbox 1390 2789 1505 2857; x_wconf 84' lang='lat' dir='ltr'><strong>Stude</strong></span> 
     </span>
     <span class='ocr_line' id='line_1_25' title="bbox 176 2889 1504 2986; baseline 0.004 -28"><span class='ocrx_word' id='word_1_224' title='bbox 176 2893 307 2959; x_wconf 90' lang='lat' dir='ltr'><strong>iudicat</strong></span> <span class='ocrx_word' id='word_1_225' title='bbox 323 2914 330 2959; x_wconf 93' lang='lat'>:</span> <span class='ocrx_word' id='word_1_226' title='bbox 360 2922 375 2952; x_wconf 91' lang='lat'>«</span> <span class='ocrx_word' id='word_1_227' title='bbox 397 2891 479 2968; x_wconf 85' lang='lat' dir='ltr'><strong>Quia</strong></span> <span class='ocrx_word' id='word_1_228' title='bbox 494 2897 657 2971; x_wconf 58' lang='lat' dir='ltr'><strong>aule-⁶22</strong></span> <span class='ocrx_word' id='word_1_229' title='bbox 668 2912 736 2955; x_wconf 91' lang='lat' dir='ltr'><strong>non</strong></span> <span class='ocrx_word' id='word_1_230' title='bbox 750 2890 899 2979; x_wconf 90' lang='lat' dir='ltr'><strong>pertinet</strong></span> <span class='ocrx_word' id='word_1_231' title='bbox 915 2889 956 2955; x_wconf 91' lang='lat' dir='ltr'><strong>ad</strong></span> <span class='ocrx_word' id='word_1_232' title='bbox 973 2895 1008 2972; x_wconf 86' lang='lat' dir='ltr'><strong>E,</strong></span> <span class='ocrx_word' id='word_1_233' title='bbox 1024 2889 1101 2956; x_wconf 89' lang='lat' dir='ltr'><strong>ideo</strong></span> <span class='ocrx_word' id='word_1_234' title='bbox 1116 2913 1228 2980; x_wconf 87' lang='lat' dir='ltr'><strong>neque</strong></span> <span class='ocrx_word' id='word_1_235' title='bbox 1253 2897 1400 2970; x_wconf 64' lang='lat' dir='ltr'><strong>ant-ta</strong></span> <span class='ocrx_word' id='word_1_236' title='bbox 1423 2919 1504 2986; x_wconf 90' lang='lat' dir='ltr'><strong>per·</strong></span> 
     </span>
     <span class='ocr_line' id='line_1_26' title="bbox 180 3000 410 3065; baseline -0.013 0"><span class='ocrx_word' id='word_1_237' title='bbox 180 3001 264 3065; x_wconf 90' lang='lat' dir='ltr'><strong>tinet</strong></span> <span class='ocrx_word' id='word_1_238' title='bbox 280 3000 324 3064; x_wconf 90' lang='lat' dir='ltr'><strong>ad</strong></span> <span class='ocrx_word' id='word_1_239' title='bbox 339 3003 362 3065; x_wconf 89' lang='lat' dir='ltr'>E</span> <span class='ocrx_word' id='word_1_240' title='bbox 381 3028 410 3062; x_wconf 87' lang='lat'><strong>».</strong></span> 
     </span>
    </p>

    <p class='ocr_par' dir='ltr' id='par_1_7' title="bbox 176 3103 1502 4366">
     <span class='ocr_line' id='line_1_27' title="bbox 225 3103 1502 3193; baseline 0.003 -22"><span class='ocrx_word' id='word_1_241' title='bbox 225 3107 257 3191; x_wconf 78' lang='lat'><strong>2)</strong></span> <span class='ocrx_word' id='word_1_242' title='bbox 280 3108 380 3171; x_wconf 80' lang='lat' dir='ltr'><strong>Corn.</strong></span> <span class='ocrx_word' id='word_1_243' title='bbox 403 3127 437 3193; x_wconf 92' lang='lat' dir='ltr'><strong>p.</strong></span> <span class='ocrx_word' id='word_1_244' title='bbox 460 3111 501 3170; x_wconf 80' lang='lat' dir='ltr'><strong>ut</strong></span> <span class='ocrx_word' id='word_1_245' title='bbox 524 3112 654 3181; x_wconf 88' lang='lat' dir='ltr'><strong>censet,</strong></span> <span class='ocrx_word' id='word_1_246' title='bbox 677 3131 692 3163; x_wconf 93' lang='lat'>«</span> <span class='ocrx_word' id='word_1_247' title='bbox 711 3103 838 3169; x_wconf 87' lang='lat' dir='ltr'><strong>babere</strong></span> <span class='ocrx_word' id='word_1_248' title='bbox 861 3103 999 3192; x_wconf 89' lang='lat' dir='ltr'><strong>quidem</strong></span> <span class='ocrx_word' id='word_1_249' title='bbox 1018 3103 1190 3170; x_wconf 85' lang='lat' dir='ltr'><strong>canticum</strong></span> <span class='ocrx_word' id='word_1_250' title='bbox 1206 3104 1308 3193; x_wconf 91' lang='lat' dir='ltr'><strong>plura</strong></span> <span class='ocrx_word' id='word_1_251' title='bbox 1323 3107 1502 3175; x_wconf 85' lang='lat' dir='ltr'><strong>idiomata</strong></span> 
     </span>
     <span class='ocr_line' id='line_1_28' title="bbox 179 3209 1502 3300; baseline 0.005 -23"><span class='ocrx_word' id='word_1_252' title='bbox 179 3211 245 3278; x_wconf 88' lang='lat' dir='ltr'><strong>sibi</strong></span> <span class='ocrx_word' id='word_1_253' title='bbox 266 3210 326 3277; x_wconf 90' lang='lat' dir='ltr'><strong>uni</strong></span> <span class='ocrx_word' id='word_1_254' title='bbox 341 3209 496 3299; x_wconf 85' lang='lat' dir='ltr'><strong>propria,</strong></span> <span class='ocrx_word' id='word_1_255' title='bbox 518 3209 605 3274; x_wconf 88' lang='lat' dir='ltr'><strong>nihil</strong></span> <span class='ocrx_word' id='word_1_256' title='bbox 624 3216 740 3276; x_wconf 89' lang='lat' dir='ltr'><strong>tamen</strong></span> <span class='ocrx_word' id='word_1_257' title='bbox 758 3209 886 3275; x_wconf 87' lang='lat' dir='ltr'><strong>habere</strong></span> <span class='ocrx_word' id='word_1_258' title='bbox 901 3232 1068 3276; x_wconf 90' lang='lat' dir='ltr'><strong>novarum</strong></span> <span class='ocrx_word' id='word_1_259' title='bbox 1088 3210 1246 3278; x_wconf 89' lang='lat' dir='ltr'><strong>idearum</strong></span> <span class='ocrx_word' id='word_1_260' title='bbox 1273 3240 1289 3272; x_wconf 75' lang='lat' dir='ltr'><strong>a</strong></span> <span class='ocrx_word' id='word_1_261' title='bbox 1316 3213 1502 3300; x_wconf 79' lang='lat' dir='ltr'><strong>(entbehrt</strong></span> 
     </span>
     <span class='ocr_line' id='line_1_29' title="bbox 178 3315 1499 3408; baseline 0.004 -24"><span class='ocrx_word' id='word_1_262' title='bbox 178 3318 214 3384; x_wconf 91' lang='lat' dir='ltr'><strong>in</strong></span> <span class='ocrx_word' id='word_1_263' title='bbox 234 3317 302 3384; x_wconf 90' lang='lat' dir='ltr'><strong>den</strong></span> <span class='ocrx_word' id='word_1_264' title='bbox 322 3316 507 3383; x_wconf 86' lang='lat' dir='ltr'><strong>Gedanken</strong></span> <span class='ocrx_word' id='word_1_265' title='bbox 525 3315 622 3383; x_wconf 88' lang='lat' dir='ltr'><strong>iedcr</strong></span> <span class='ocrx_word' id='word_1_266' title='bbox 643 3315 889 3403; x_wconf 74' lang='lat' dir='ltr'><strong>Originalita&#39;tt),</strong></span> <span class='ocrx_word' id='word_1_267' title='bbox 910 3344 927 3378; x_wconf 91' lang='lat'>«</span> <span class='ocrx_word' id='word_1_268' title='bbox 948 3316 1008 3382; x_wconf 91' lang='lat' dir='ltr'><strong>sed</strong></span> <span class='ocrx_word' id='word_1_269' title='bbox 1023 3339 1093 3383; x_wconf 90' lang='lat' dir='ltr'><strong>esse</strong></span> <span class='ocrx_word' id='word_1_270' title='bbox 1116 3318 1223 3383; x_wconf 82' lang='lat' dir='ltr'><strong>veluti</strong></span> <span class='ocrx_word' id='word_1_271' title='bbox 1242 3321 1499 3408; x_wconf 89' lang='lat' dir='ltr'><strong>compendium</strong></span> 
     </span>
     <span class='ocr_line' id='line_1_30' title="bbox 178 3422 1499 3514; baseline 0.003 -23"><span class='ocrx_word' id='word_1_272' title='bbox 178 3424 371 3511; x_wconf 80' lang='lat' dir='ltr'><strong>theologiae</strong></span> <span class='ocrx_word' id='word_1_273' title='bbox 389 3423 654 3512; x_wconf 81' lang='lat' dir='ltr'><strong>prophetarum,</strong></span> <span class='ocrx_word' id='word_1_274' title='bbox 673 3429 707 3489; x_wconf 90' lang='lat' dir='ltr'><strong>et</strong></span> <span class='ocrx_word' id='word_1_275' title='bbox 721 3428 916 3489; x_wconf 87' lang='lat' dir='ltr'><strong>constanter</strong></span> <span class='ocrx_word' id='word_1_276' title='bbox 930 3423 975 3488; x_wconf 93' lang='lat' dir='ltr'><strong>ad</strong></span> <span class='ocrx_word' id='word_1_277' title='bbox 989 3422 1225 3511; x_wconf 88' lang='lat' dir='ltr'><strong>antiquiorum</strong></span> <span class='ocrx_word' id='word_1_278' title='bbox 1240 3426 1499 3514; x_wconf 81' lang='lat' dir='ltr'><strong>prophetarum</strong></span> 
     </span>
     <span class='ocr_line' id='line_1_31' title="bbox 179 3529 1499 3620; baseline 0.004 -23"><span class='ocrx_word' id='word_1_279' title='bbox 179 3532 278 3599; x_wconf 84' lang='lat' dir='ltr'><strong>etl&#39;ata</strong></span> <span class='ocrx_word' id='word_1_280' title='bbox 295 3552 453 3597; x_wconf 87' lang='lat' dir='ltr'><strong>revocare</strong></span> <span class='ocrx_word' id='word_1_281' title='bbox 465 3530 619 3597; x_wconf 90' lang='lat' dir='ltr'><strong>animum</strong></span> <span class='ocrx_word' id='word_1_282' title='bbox 638 3557 667 3596; x_wconf 83' lang='lat'><strong>».</strong></span> <span class='ocrx_word' id='word_1_283' title='bbox 686 3529 857 3596; x_wconf 76' lang='lat' dir='ltr'><strong>Ilerelrolct</strong></span> <span class='ocrx_word' id='word_1_284' title='bbox 877 3553 911 3618; x_wconf 91' lang='lat' dir='ltr'><strong>p.</strong></span> <span class='ocrx_word' id='word_1_285' title='bbox 935 3537 976 3597; x_wconf 80' lang='lat'><strong>95</strong></span> <span class='ocrx_word' id='word_1_286' title='bbox 999 3558 1014 3588; x_wconf 90' lang='lat'>«</span> <span class='ocrx_word' id='word_1_287' title='bbox 1039 3531 1177 3613; x_wconf 87' lang='lat' dir='ltr'><strong>latetur,</strong></span> <span class='ocrx_word' id='word_1_288' title='bbox 1195 3536 1331 3620; x_wconf 88' lang='lat' dir='ltr'><strong>poetam</strong></span> <span class='ocrx_word' id='word_1_289' title='bbox 1351 3554 1428 3600; x_wconf 93' lang='lat' dir='ltr'><strong>non</strong></span> <span class='ocrx_word' id='word_1_290' title='bbox 1450 3532 1499 3602; x_wconf 89' lang='lat' dir='ltr'><strong>de</strong></span> 
     </span>
     <span class='ocr_line' id='line_1_32' title="bbox 177 3635 1499 3725; baseline 0.005 -23"><span class='ocrx_word' id='word_1_291' title='bbox 177 3661 237 3702; x_wconf 90' lang='lat' dir='ltr'><strong>suo</strong></span> <span class='ocrx_word' id='word_1_292' title='bbox 262 3660 376 3703; x_wconf 80' lang='lat' dir='ltr'><strong>sensus</strong></span> <span class='ocrx_word' id='word_1_293' title='bbox 404 3636 624 3724; x_wconf 83' lang='lat' dir='ltr'><strong>profundere,</strong></span> <span class='ocrx_word' id='word_1_294' title='bbox 651 3636 710 3702; x_wconf 89' lang='lat' dir='ltr'><strong>sed</strong></span> <span class='ocrx_word' id='word_1_295' title='bbox 735 3659 805 3702; x_wconf 86' lang='lat' dir='ltr'><strong>esse</strong></span> <span class='ocrx_word' id='word_1_296' title='bbox 839 3635 1046 3725; x_wconf 91' lang='lat' dir='ltr'><strong>discipulum</strong></span> <span class='ocrx_word' id='word_1_297' title='bbox 1071 3638 1376 3725; x_wconf 86' lang='lat' dir='ltr'><strong>prophetarurn,...</strong></span> <span class='ocrx_word' id='word_1_298' title='bbox 1411 3662 1499 3709; x_wconf 91' lang='lat' dir='ltr'><strong>eum</strong></span> 
     </span>
     <span class='ocr_line' id='line_1_33' title="bbox 176 3741 1497 3834; baseline 0.004 -25"><span class='ocrx_word' id='word_1_299' title='bbox 176 3749 367 3834; x_wconf 89' lang='lat' dir='ltr'><strong>praeterea,</strong></span> <span class='ocrx_word' id='word_1_300' title='bbox 390 3742 450 3831; x_wconf 92' lang='lat' dir='ltr'><strong>qui</strong></span> <span class='ocrx_word' id='word_1_301' title='bbox 467 3741 639 3808; x_wconf 90' lang='lat' dir='ltr'><strong>canticum</strong></span> <span class='ocrx_word' id='word_1_302' title='bbox 657 3742 844 3809; x_wconf 87' lang='lat' dir='ltr'><strong>narrationi</strong></span> <span class='ocrx_word' id='word_1_303' title='bbox 864 3742 1061 3824; x_wconf 85' lang='lat' dir='ltr'><strong>inseruerit,</strong></span> <span class='ocrx_word' id='word_1_304' title='bbox 1085 3742 1155 3809; x_wconf 92' lang='lat' dir='ltr'><strong>eius</strong></span> <span class='ocrx_word' id='word_1_305' title='bbox 1179 3744 1332 3810; x_wconf 90' lang='lat' dir='ltr'><strong>nativum</strong></span> <span class='ocrx_word' id='word_1_306' title='bbox 1351 3767 1497 3814; x_wconf 91' lang='lat' dir='ltr'><strong>sensum</strong></span> 
     </span>
     <span class='ocr_line' id='line_1_34' title="bbox 177 3848 1495 3941; baseline 0.005 -25"><span class='ocrx_word' id='word_1_307' title='bbox 177 3872 359 3941; x_wconf 85' lang='lat' dir='ltr'><strong>perperam</strong></span> <span class='ocrx_word' id='word_1_308' title='bbox 378 3848 584 3916; x_wconf 86' lang='lat' dir='ltr'><strong>intellexisse</strong></span> <span class='ocrx_word' id='word_1_309' title='bbox 602 3877 631 3917; x_wconf 75' lang='lat' dir='ltr'><strong>a.</strong></span> <span class='ocrx_word' id='word_1_310' title='bbox 650 3849 855 3928; x_wconf 80' lang='lat' dir='ltr'><strong>Quibuscum</strong></span> <span class='ocrx_word' id='word_1_311' title='bbox 876 3871 945 3915; x_wconf 90' lang='lat' dir='ltr'><strong>non</strong></span> <span class='ocrx_word' id='word_1_312' title='bbox 964 3849 1066 3938; x_wconf 88' lang='lat' dir='ltr'><strong>plane</strong></span> <span class='ocrx_word' id='word_1_313' title='bbox 1082 3852 1247 3916; x_wconf 90' lang='lat' dir='ltr'><strong>consentit</strong></span> <span class='ocrx_word' id='word_1_314' title='bbox 1262 3853 1320 3916; x_wconf 86' lang='lat' dir='ltr'><strong>Dr.</strong></span> <span class='ocrx_word' id='word_1_315' title='bbox 1339 3874 1374 3940; x_wconf 90' lang='lat' dir='ltr'><strong>p.</strong></span> <span class='ocrx_word' id='word_1_316' title='bbox 1394 3858 1464 3921; x_wconf 79' lang='lat' dir='ltr'><strong>3t5</strong></span> <span class='ocrx_word' id='word_1_317' title='bbox 1487 3879 1495 3923; x_wconf 92' lang='lat'>:</span> 
     </span>
     <span class='ocr_line' id='line_1_35' title="bbox 179 3955 1498 4045; baseline 0.002 -20"><span class='ocrx_word' id='word_1_318' title='bbox 179 3988 193 4019; x_wconf 78' lang='grc' dir='ltr'><strong>κ</strong></span> <span class='ocrx_word' id='word_1_319' title='bbox 213 3956 341 4026; x_wconf 82' lang='lat' dir='ltr'><strong>Cantici</strong></span> <span class='ocrx_word' id='word_1_320' title='bbox 358 3959 505 4023; x_wconf 86' lang='lat' dir='ltr'><strong>formam</strong></span> <span class='ocrx_word' id='word_1_321' title='bbox 520 3962 622 4045; x_wconf 89' lang='lat' dir='ltr'><strong>poeta</strong></span> <span class='ocrx_word' id='word_1_322' title='bbox 634 3955 814 4045; x_wconf 78' lang='lat' dir='ltr'><strong>profundit</strong></span> <span class='ocrx_word' id='word_1_323' title='bbox 827 3955 869 4022; x_wconf 91' lang='lat' dir='ltr'><strong>de</strong></span> <span class='ocrx_word' id='word_1_324' title='bbox 884 3978 945 4021; x_wconf 88' lang='lat' dir='ltr'><strong>sun</strong></span> <span class='ocrx_word' id='word_1_325' title='bbox 964 3984 979 4016; x_wconf 91' lang='lat'>»</span> <span class='ocrx_word' id='word_1_326' title='bbox 998 3955 1068 4045; x_wconf 87' lang='lat' dir='ltr'><strong>(the</strong></span> <span class='ocrx_word' id='word_1_327' title='bbox 1083 3978 1170 4043; x_wconf 83' lang='lat' dir='ltr'><strong>song</strong></span> <span class='ocrx_word' id='word_1_328' title='bbox 1183 3957 1296 4024; x_wconf 82' lang='lat' dir='ltr'><strong>shows</strong></span> <span class='ocrx_word' id='word_1_329' title='bbox 1310 3965 1410 4044; x_wconf 83' lang='lat' dir='ltr'><strong>great</strong></span> <span class='ocrx_word' id='word_1_330' title='bbox 1420 3960 1498 4027; x_wconf 91' lang='lat' dir='ltr'><strong>ori·</strong></span> 
     </span>
     <span class='ocr_line' id='line_1_36' title="bbox 176 4062 1493 4153; baseline 0.003 -24"><span class='ocrx_word' id='word_1_331' title='bbox 176 4064 324 4150; x_wconf 77' lang='lat' dir='ltr'><strong>ginality</strong></span> <span class='ocrx_word' id='word_1_332' title='bbox 345 4065 382 4128; x_wconf 85' lang='lat' dir='ltr'><strong>ol</strong></span> <span class='ocrx_word' id='word_1_333' title='bbox 393 4065 480 4128; x_wconf 84' lang='lat' dir='ltr'><strong>torm</strong></span> <span class='ocrx_word' id='word_1_334' title='bbox 491 4080 515 4145; x_wconf 68' lang='lat'><strong>5,</strong></span> <span class='ocrx_word' id='word_1_335' title='bbox 542 4092 557 4123; x_wconf 91' lang='lat'>«</span> <span class='ocrx_word' id='word_1_336' title='bbox 580 4063 740 4151; x_wconf 84' lang='lat' dir='ltr'><strong>exprimit</strong></span> <span class='ocrx_word' id='word_1_337' title='bbox 756 4062 904 4149; x_wconf 79' lang='lat' dir='ltr'><strong>cogitata</strong></span> <span class='ocrx_word' id='word_1_338' title='bbox 921 4069 1098 4152; x_wconf 90' lang='lat' dir='ltr'><strong>poetarum</strong></span> <span class='ocrx_word' id='word_1_339' title='bbox 1114 4085 1154 4129; x_wconf 92' lang='lat' dir='ltr'><strong>eo</strong></span> <span class='ocrx_word' id='word_1_340' title='bbox 1167 4085 1301 4153; x_wconf 88' lang='lat' dir='ltr'><strong>semper</strong></span> <span class='ocrx_word' id='word_1_341' title='bbox 1315 4086 1493 4150; x_wconf 85' lang='lat' dir='ltr'><strong>sermone,</strong></span> 
     </span>
     <span class='ocr_line' id='line_1_37' title="bbox 177 4169 1496 4259; baseline 0.007 -26"><span class='ocrx_word' id='word_1_342' title='bbox 177 4171 231 4234; x_wconf 90' lang='lat' dir='ltr'><strong>cui</strong></span> <span class='ocrx_word' id='word_1_343' title='bbox 247 4170 337 4257; x_wconf 88' lang='lat' dir='ltr'><strong>quod</strong></span> <span class='ocrx_word' id='word_1_344' title='bbox 357 4172 392 4235; x_wconf 92' lang='lat' dir='ltr'><strong>in</strong></span> <span class='ocrx_word' id='word_1_345' title='bbox 408 4175 442 4234; x_wconf 79' lang='lat' dir='ltr'><strong>t&#39;.</strong></span> <span class='ocrx_word' id='word_1_346' title='bbox 466 4175 501 4234; x_wconf 86' lang='grc' dir='ltr'><strong>Τ.</strong></span> <span class='ocrx_word' id='word_1_347' title='bbox 519 4192 755 4258; x_wconf 88' lang='lat' dir='ltr'><strong>comparemus</strong></span> <span class='ocrx_word' id='word_1_348' title='bbox 771 4193 840 4235; x_wconf 87' lang='lat' dir='ltr'><strong>nen</strong></span> <span class='ocrx_word' id='word_1_349' title='bbox 861 4169 1092 4259; x_wconf 77' lang='lat' dir='ltr'><strong>reperimus..</strong></span> <span class='ocrx_word' id='word_1_350' title='bbox 1114 4175 1214 4236; x_wconf 88' lang='lat' dir='ltr'><strong>Poeta</strong></span> <span class='ocrx_word' id='word_1_351' title='bbox 1229 4171 1345 4237; x_wconf 85' lang='lat' dir='ltr'><strong>thema</strong></span> <span class='ocrx_word' id='word_1_352' title='bbox 1359 4172 1496 4242; x_wconf 90' lang='lat' dir='ltr'><strong>evolvit</strong></span> 
     </span>
     <span class='ocr_line' id='line_1_38' title="bbox 178 4275 1497 4366; baseline 0.005 -26"><span class='ocrx_word' id='word_1_353' title='bbox 178 4275 300 4340; x_wconf 84' lang='lat' dir='ltr'><strong>eximia</strong></span> <span class='ocrx_word' id='word_1_354' title='bbox 315 4281 399 4353; x_wconf 90' lang='lat' dir='ltr'><strong>arte,</strong></span> <span class='ocrx_word' id='word_1_355' title='bbox 418 4276 690 4364; x_wconf 86' lang='lat' dir='ltr'><strong>comparationes</strong></span> <span class='ocrx_word' id='word_1_356' title='bbox 705 4300 804 4343; x_wconf 76' lang='lat' dir='ltr'><strong>verae</strong></span> <span class='ocrx_word' id='word_1_357' title='bbox 824 4283 904 4343; x_wconf 88' lang='lat' dir='ltr'><strong>sunt</strong></span> <span class='ocrx_word' id='word_1_358' title='bbox 923 4282 955 4342; x_wconf 90' lang='lat' dir='ltr'><strong>et</strong></span> <span class='ocrx_word' id='word_1_359' title='bbox 979 4276 1143 4363; x_wconf 62' lang='lat' dir='ltr'><strong>insignes</strong></span> <span class='ocrx_word' id='word_1_360' title='bbox 1161 4276 1417 4366; x_wconf 85' lang='lat' dir='ltr'><strong>parallelismus</strong></span> <span class='ocrx_word' id='word_1_361' title='bbox 1434 4300 1497 4347; x_wconf 86' lang='lat' dir='ltr'><strong>ex·</strong></span> 
     </span>
    </p>

    <p class='ocr_par' dir='ltr' id='par_1_8' title="bbox 100 4380 1496 4789">
     <span class='ocr_line' id='line_1_39' title="bbox 178 4380 1496 4473; baseline 0.003 -24"><span class='ocrx_word' id='word_1_362' title='bbox 178 4380 271 4449; x_wconf 89' lang='lat' dir='ltr'><strong>cellit</strong></span> <span class='ocrx_word' id='word_1_363' title='bbox 293 4382 491 4467; x_wconf 69' lang='lat' dir='ltr'><strong>symmetria</strong></span> <span class='ocrx_word' id='word_1_364' title='bbox 506 4391 540 4448; x_wconf 86' lang='lat' dir='ltr'><strong>et</strong></span> <span class='ocrx_word' id='word_1_365' title='bbox 557 4383 685 4470; x_wconf 82' lang='lat' dir='ltr'><strong>vigore.</strong></span> <span class='ocrx_word' id='word_1_366' title='bbox 711 4388 832 4448; x_wconf 87' lang='lat' dir='ltr'><strong>&#39;letum</strong></span> <span class='ocrx_word' id='word_1_367' title='bbox 859 4385 1030 4449; x_wconf 91' lang='lat' dir='ltr'><strong>canticum</strong></span> <span class='ocrx_word' id='word_1_368' title='bbox 1053 4383 1209 4473; x_wconf 91' lang='lat' dir='ltr'><strong>pervadit</strong></span> <span class='ocrx_word' id='word_1_369' title='bbox 1227 4388 1260 4449; x_wconf 91' lang='lat' dir='ltr'><strong>et</strong></span> <span class='ocrx_word' id='word_1_370' title='bbox 1282 4383 1415 4451; x_wconf 88' lang='lat' dir='ltr'><strong>animat</strong></span> <span class='ocrx_word' id='word_1_371' title='bbox 1431 4409 1496 4454; x_wconf 86' lang='lat' dir='ltr'><strong>ve·</strong></span> 
     </span>
     <span class='ocr_line' id='line_1_40' title="bbox 100 4472 1494 4579; baseline 0.004 -23"><span class='ocrx_word' id='word_1_372' title='bbox 100 4472 104 4479; x_wconf 35' lang='lat'><strong>⁴</strong></span> <span class='ocrx_word' id='word_1_373' title='bbox 178 4491 317 4556; x_wconf 89' lang='lat' dir='ltr'><strong>hemens</strong></span> <span class='ocrx_word' id='word_1_374' title='bbox 330 4487 452 4553; x_wconf 87' lang='lat' dir='ltr'><strong>mentis</strong></span> <span class='ocrx_word' id='word_1_375' title='bbox 469 4487 646 4555; x_wconf 89' lang='lat' dir='ltr'><strong>instinctus</strong></span> <span class='ocrx_word' id='word_1_376' title='bbox 664 4521 693 4556; x_wconf 87' lang='lat'><strong>».</strong></span> <span class='ocrx_word' id='word_1_377' title='bbox 712 4530 754 4538; x_wconf 94' lang='lat'>—</span> <span class='ocrx_word' id='word_1_378' title='bbox 770 4489 944 4556; x_wconf 86' lang='lat' dir='ltr'><strong>Canticum</strong></span> <span class='ocrx_word' id='word_1_379' title='bbox 958 4512 1028 4556; x_wconf 92' lang='lat' dir='ltr'><strong>esse</strong></span> <span class='ocrx_word' id='word_1_380' title='bbox 1041 4489 1144 4579; x_wconf 88' lang='lat' dir='ltr'><strong>plane</strong></span> <span class='ocrx_word' id='word_1_381' title='bbox 1160 4491 1331 4570; x_wconf 89' lang='lat' dir='ltr'><strong>eximium,</strong></span> <span class='ocrx_word' id='word_1_382' title='bbox 1351 4491 1408 4558; x_wconf 90' lang='lat' dir='ltr'><strong>vel</strong></span> <span class='ocrx_word' id='word_1_383' title='bbox 1422 4492 1494 4561; x_wconf 89' lang='lat' dir='ltr'><strong>tiro</strong></span> 
     </span>
     <span class='ocr_line' id='line_1_41' title="bbox 177 4594 1495 4686; baseline 0.005 -24"><span class='ocrx_word' id='word_1_384' title='bbox 177 4596 384 4686; x_wconf 84' lang='lat' dir='ltr'><strong>perspexerit</strong></span> <span class='ocrx_word' id='word_1_385' title='bbox 406 4618 413 4660; x_wconf 92' lang='lat'>:</span> <span class='ocrx_word' id='word_1_386' title='bbox 438 4594 495 4660; x_wconf 92' lang='lat' dir='ltr'><strong>sed</strong></span> <span class='ocrx_word' id='word_1_387' title='bbox 516 4596 622 4661; x_wconf 90' lang='lat' dir='ltr'><strong>critici</strong></span> <span class='ocrx_word' id='word_1_388' title='bbox 643 4619 703 4661; x_wconf 90' lang='lat' dir='ltr'><strong>suc</strong></span> <span class='ocrx_word' id='word_1_389' title='bbox 726 4596 949 4684; x_wconf 84' lang='lat' dir='ltr'><strong>praeiudicio,</strong></span> <span class='ocrx_word' id='word_1_390' title='bbox 975 4595 1062 4662; x_wconf 94' lang='lat' dir='ltr'><strong>illud</strong></span> <span class='ocrx_word' id='word_1_391' title='bbox 1083 4618 1153 4663; x_wconf 87' lang='lat' dir='ltr'><strong>esse</strong></span> <span class='ocrx_word' id='word_1_392' title='bbox 1174 4596 1352 4686; x_wconf 85' lang='lat' dir='ltr'><strong>prophetis</strong></span> <span class='ocrx_word' id='word_1_393' title='bbox 1369 4619 1495 4668; x_wconf 89' lang='lat' dir='ltr'><strong>recen·</strong></span> 
     </span>
     <span class='ocr_line' id='line_1_42' title="bbox 177 4702 1303 4789; baseline 0.002 -19"><span class='ocrx_word' id='word_1_394' title='bbox 177 4706 252 4787; x_wconf 69' lang='lat' dir='ltr'><strong>tius,</strong></span> <span class='ocrx_word' id='word_1_395' title='bbox 271 4704 490 4785; x_wconf 89' lang='lat' dir='ltr'><strong>inducuntur,</strong></span> <span class='ocrx_word' id='word_1_396' title='bbox 509 4708 546 4768; x_wconf 91' lang='lat' dir='ltr'><strong>ut</strong></span> <span class='ocrx_word' id='word_1_397' title='bbox 562 4702 933 4769; x_wconf 83' lang='lat' dir='ltr'><strong>einullamconccdant</strong></span> <span class='ocrx_word' id='word_1_398' title='bbox 953 4732 969 4763; x_wconf 88' lang='lat'>«</span> <span class='ocrx_word' id='word_1_399' title='bbox 988 4702 1256 4789; x_wconf 85' lang='lat' dir='ltr'><strong>originalitatem</strong></span> <span class='ocrx_word' id='word_1_400' title='bbox 1273 4733 1303 4772; x_wconf 88' lang='lat'><strong>».</strong></span> 
     </span>
    </p>
   </div>
   <div class='ocr_carea' id='block_1_3' title="bbox 0 0 1688 5346">
    <p class='ocr_par' dir='ltr' id='par_1_9' title="bbox 0 0 1688 5346">
     <span class='ocr_line' id='line_1_43' title="bbox 0 0 1688 5346; baseline 0 1"><span class='ocrx_word' id='word_1_401' title='bbox 0 0 1688 5346; x_wconf 95' lang='lat' dir='ltr'><strong> </strong></span> 
     </span>
    </p>
   </div>
  </div>
 </body>
</html>
