3366 5346
433 268 554 311 rnacrra
576 268 774 312 wmnmussr
797 268 834 313 nn
855 269 943 313 arur.
967 270 1154 315 amurcarro.
1410 259 1449 318 39

140 409 178 469 11
194 422 392 490 supremum
414 406 527 468 monet
550 424 615 490 pro
639 402 743 468 Iahve
769 401 990 492 providentia
1009 402 1135 470 debere
1156 405 1314 472 lsraelem
1333 429 1453 497 repen·

137 507 219 574 dere
241 507 389 593 gratiam
409 511 442 573 et
462 507 677 597 obsequium,
699 507 781 574 huic
802 509 1038 598 providentiae
1061 512 1164 577 etiam
1187 511 1301 578 locum
1323 513 1397 579 fore
1416 514 1451 579 in

139 623 231 682 terra
259 613 437 704 promissa,
467 615 562 682 cuius
581 613 740 682 fertilitas
767 639 787 681 a
812 616 899 682 coeli
925 617 1042 683 favore
1064 617 1257 706 dependeat
1280 645 1310 684 ».
1333 619 1453 687 Fuitne

139 742 258 788 revera
276 721 422 809 scriptor
436 743 511 811 cap.
528 726 605 788 5-11
620 720 672 786 vir
684 723 730 788 ita
743 723 865 803 hebes,
882 728 985 812 atque
1001 723 1045 789 ad
1063 745 1135 789 rem
1155 724 1370 813 scriptoriam
1382 731 1453 793 tam

140 829 280 914 egregie
299 829 456 917 ineptus?
470 833 588 895 Nonne
603 829 754 918 prudens
770 830 913 918 quisque
926 829 1034 896 lector
1046 829 1158 897 verbis
1177 831 1298 897 Wellh.
1313 832 1454 900 induce-

140 940 197 1002 tur
218 935 254 1000 in
279 933 494 1024 opinionem,
522 934 646 1002 Wellh.
673 957 854 1024 perperam
875 935 1096 1024 interpretari
1116 942 1211 1004 Dent.
1238 944 1341 1027 atque
1365 938 1453 1004 falso

140 1063 336 1131 supponere
355 1042 555 1130 scriptorem
580 1063 655 1130 cap.
681 1048 759 1108 5-11
781 1040 819 1106 in
842 1047 956 1107 mente
972 1041 1101 1108 habere
1123 1041 1217 1129 leges
1240 1050 1336 1111 Deut.
1358 1050 1454 1126 121-

75 1213 78 1217 .
142 1147 319 1230 26,15t-—
334 1146 565 1237 suppositioni
579 1147 826 1213 wellbusianae
840 1147 922 1213 item
939 1154 1111 1236 repugnat
1129 1170 1136 1216 :

186 1254 222 1320 b.
240 1255 396 1320 narratio
418 1253 460 1319 de
477 1252 577 1319 thora
595 1255 637 1319 ab
658 1251 780 1319 Heleia
799 1265 945 1343 reperte.
969 1255 1103 1320 Etenim
1122 1253 1329 1322 collectaneo
1346 1277 1456 1344 eoque

142 1360 212 1428 solo
227 1365 340 1427 censet
361 1359 485 1426 Wellh.
510 1359 632 1426 losiam
656 1365 834 1448 totumque
850 1382 927 1426 cum
948 1361 1022 1449 ipso
1044 1360 1212 1450 populum
1231 1361 1458 1428 'vehementis-

144 1467 229 1533 sime
249 1488 319 1532 esso
342 1470 551 1532 commotum
570 1471 673 1554 atque
693 1465 738 1531 ad
762 1464 1024 1533 restaurandum
1048 1487 1126 1534 cum
1145 1467 1246 1533 lahve
1269 1468 1389 1534 foedus
1403 1467 1456 1534 in-

144 1574 297 1663 ductum.
310 1577 396 1638 Num
413 1571 450 1638 id
465 1594 583 1638 revera
597 1571 647 1638 ita
663 1573 787 1639 lactum
804 1594 875 1639 esse
890 1573 979 1640 serio
994 1579 1149 1640 asserunt
1165 1573 1289 1640 Wellh.
1307 1573 1457 1664 aliique?

143 1678 363 1768 Explodenda
380 1677 519 1745 tandem
535 1683 583 1744 est
600 1679 686 1745 haec
702 1679 831 1745 fabula.
849 1684 949 1766 Lege,
967 1702 1105 1768 quaeso,
1124 1679 1385 1747 collectaneum.
1405 1684 1459 1747 Est

141 1785 230 1852 illud
243 1784 420 1871 congeries
430 1785 561 1872 legum,
575 1807 663 1874 quae
677 1785 818 1851 fortuito
833 1785 953 1872 magis,
970 1808 1077 1875 quam
1091 1785 1204 1872 logico
1219 1786 1271 1852 vel
1288 1787 1459 1853 rhetorico

145 1891 266 1957 ordine
280 1891 429 1957 invicem
444 1891 628 1981 excipiunt.
647 1895 763 1977 Leges,
781 1914 869 1980 quae
887 1897 966 1958 sunt
982 1891 1026 1958 de
1046 1892 1162 1973 sacris,
1180 1892 1369 1982 prohibent
1384 1894 1459 1981 qui·
1561 1930 1564 1935 ·

145 1998 225 2064 dem
239 1996 472 2063 idololatriam
492 2003 526 2063 et
543 1997 837 2086 superstitionem,
855 1998 916 2064 sed
931 1997 1107 2085 religionis
1127 1998 1328 2064 describunt
1343 1998 1461 2065 condi·

145 2103 274 2170 tionem
293 2102 596 2192 imperfectiorem,
621 2103 742 2170 altaria
766 2104 899 2194 privata
925 2125 996 2170 non
1019 2104 1254 2192 proscribunt,
1278 2105 1460 2191 vectigalia

146 2231 244 2278 sacra
261 2210 317 2275 vix
334 2231 406 2275 non
423 2209 603 2296 abrogant,
622 2209 734 2276 varias
748 2209 940 2276 concedunt
955 2209 1203 2296 indulgentias.
1225 2215 1342 2300 Neque
1361 2212 1397 2276 in
1418 2209 1461 2276 iis

146 2316 294 2404 legibus,
313 2337 401 2404 quae
424 2319 503 2381 sunt
523 2315 565 2382 de
585 2315 859 2403 magistratibus,
878 2314 1069 2405 quidquam
1090 2324 1154 2396 est,
1173 2316 1265 2405 quod
1289 2317 1461 2403 legentem

147 2423 368 2489 vehementer
384 2429 609 2489 commoveat.
623 2426 707 2508 Age,
723 2421 832 2509 digito
847 2422 1044 2489 demonstra
1059 2427 1211 2513 caputet
1228 2444 1375 2501 versum,
1394 2445 1462 2512 quo

148 2528 309 2596 coniicias
328 2550 443 2615 regem
458 2527 579 2594 losiam
599 2528 641 2593 de
656 2527 781 2593 throno
803 2529 1024 2595 assurrexisse
1045 2535 1079 2595 et
1093 2529 1296 2596 vestimenta
1311 2529 1459 2596 scidisse.

148 2638 273 2702 Verum
283 2633 415 2715 demus,
426 2634 463 2699 in
474 2640 568 2700 textu
581 2635 885 2714 1a,1-20,aofuisse
899 2633 1032 2723 aliquid
1043 2634 1096 2700 vel
1109 2635 1238 2724 aliqua,
1250 2658 1338 2724 quae
1351 2637 1462 2701 virum

148 2739 192 2808 ad
211 2740 369 2830 suspiria,
390 2763 435 2807 ne
454 2740 568 2807 dicam
588 2739 633 2806 ad
649 2739 856 2829 hystoriam,
879 2761 1027 2828 pronum
1045 2741 1215 2806 valuerint
1234 2762 1461 2822 commovere,

147 2868 262 2913 nonne
275 2846 395 2915 debuit
408 2847 467 2913 ille
482 2846 587 2913 ardor
601 2845 817 2931 refrigerari,
835 2845 917 2913 dum
936 2845 1137 2932 legerentur
1149 2846 1242 2931 leges
1261 2847 1304 2913 de
1321 2846 1464 2914 diversis

148 2953 263 3036 rebus,
285 2955 480 3044 promiscua
500 2953 678 3039 congeries
699 2974 813 3019 rerum
831 2973 1035 3039 magnarum
1058 2957 1092 3018 et
1115 2953 1341 3036 minutarum,
1359 2975 1464 3039 agens

149 3059 192 3127 de
204 3083 241 3126 re
260 3059 422 3126 familiari
437 3058 669 3140 etiudiciaria,
688 3057 731 3124 de
746 3058 832 3124 bove
848 3063 881 3124 et
897 3079 971 3139 ave,
988 3058 1031 3124 de
1047 3059 1259 3126 mercenario
1271 3065 1304 3126 et
1319 3061 1462 3143 viatore,

150 3164 302 3233 detectis
321 3171 354 3232 et
372 3164 530 3246 fimbriis,
555 3165 598 3231 de
613 3164 739 3255 paxillo
761 3163 924 3231 castrensi
936 3168 970 3230 et
985 3163 1175 3232 adulterio?
1191 3165 1295 3252 Finge
1315 3165 1377 3231 tibi
1400 3166 1466 3232 hac

151 3272 351 3340 collectanei
364 3273 510 3339 lectione
529 3275 730 3353 commotos,
747 3292 927 3337 concussos
945 3292 1015 3337 non
1032 3293 1139 3338 unum
1160 3270 1218 3338 sed
1236 3271 1364 3361 plures,
1381 3293 1466 3360 pon·

151 3378 289 3460 tificem,
306 3379 538 3461 secretarium,
561 3399 695 3466 regem,
713 3376 903 3444 sacerdotes
924 3381 958 3443 et
978 3378 1181 3467 prophetas,
1201 3377 1371 3467 populum
1386 3381 1466 3443 uni«

153 3507 290 3553 versum
310 3509 329 3552 a
346 3485 486 3552 minimo
502 3484 546 3552 ad
567 3483 771 3567 maximum,
793 3482 988 3550 scindentes
1002 3483 1121 3572 pallia,
1145 3489 1306 3569 cogentes
1328 3482 1464 3549 concio·

152 3613 244 3670 nom,
255 3591 466 3659 celebrantes
475 3612 606 3658 sacram
616 3590 878 3657 solemnitatem.
896 3590 955 3666 Qui
967 3588 1095 3655 librum
1106 3588 1151 3656 ab
1164 3589 1281 3656 Heleia
1292 3594 1465 3679 repertum

153 3699 262 3762 totum
278 3703 337 3763 aut
349 3698 422 3764 fere
437 3703 547 3766 totum
557 3699 656 3764 aiunt
670 3697 858 3764 constitisse
869 3695 1093 3777 collectaneo,
1113 3695 1252 3784 eiusque
1266 3695 1468 3762 collectanei

154 3800 301 3868 lectione
315 3802 471 3869 effectam
488 3826 557 3870 esse
574 3805 623 3870 rei
641 3803 801 3893 publicae
819 3800 1085 3882 conversionem,
1104 3802 1130 3869 ii
1146 3802 1309 3889 ignorant
1327 3808 1468 3889 stupen-

154 3909 235 3976 dam
247 3908 527 3998 inaequalitatem
541 3910 658 3991 medii,
674 3909 765 3998 quod
777 3909 840 3998 ipsi
857 3907 1104 3995 imaginantur,
1121 3915 1153 3975 et
1166 3908 1256 3989 finis,
1275 3909 1333 3997 qui
1348 3914 1366 3973 t
1381 3913 1466 3993 Reg.

155 4021 199 4081 22
217 4038 267 4105 sq.
291 4021 453 4083 narratur
471 4039 542 4083 esse
558 4017 708 4083 effectus.

127 4161 129 4166 ·
200 4145 230 4189 c.
257 4121 407 4189 Tandem
433 4121 658 4213 suppositioni
687 4121 812 4188 Wellh.
844 4121 1048 4187 contradicit
1073 4132 1185 4187 tentus
1213 4128 1228 4186 1
1257 4127 1341 4208 Reg.
1370 4127 1470 4201 1025

156 4231 374 4317 comparatus
388 4229 495 4295 textui
515 4233 577 4294 loa.
594 4235 708 4310 2th

203 4340 334 4402 Kanum
352 4358 386 4424 p.
410 4341 473 4402 108
492 4358 542 4423 sq.
564 4334 669 4401 verba
690 4334 811 4400 Wellh.
831 4338 864 4400 C.
885 4356 919 4422 p.
942 4340 1002 4400 193
1026 4356 1087 4400 sua
1106 4333 1199 4400 facit.
1218 4333 1473 4410 Collectaneum

158 4441 260 4508 etiam
276 4441 348 4531 ipse
368 4447 482 4508 censet
496 4463 566 4508 esse
580 4442 673 4508 Dent
687 4440 867 4520 nucleum;
890 4439 947 4505 sed
963 4444 1102 4529 praeter
1121 4439 1206 4507 illud
1225 4441 1362 4507 inerant
1376 4443 1471 4505 Dent.

159 4546 367 4636 primigenio
381 4570 439 4615 seu
455 4547 546 4614 libro
561 4547 606 4613 ab
621 4546 733 4614 Heleia
750 4551 885 4636 reperto
897 4546 945 4635 (p.
959 4545 1037 4636 257)
1051 4547 1243 4636 conscripta
1258 4545 1302 4611 ab
1314 4548 1388 4633 ipso
1403 4542 1475 4608 col·

159 4651 303 4721 lectanei
322 4660 461 4721 auctore
476 4653 682 4721 introductio
701 4674 776 4742 cap.
796 4653 1099 4741 5-11etepilogus
1119 4676 1194 4742 cap.
1212 4659 1266 4730 28,
1285 4671 1362 4715 cum
1377 4646 1476 4715 brevi
