3366 5346
579 283 659 335 cusa
680 284 832 328 1111111111
854 284 941 327 tiana
963 282 1103 327 naturas.
1463 271 1502 331 59

230 423 402 486 Conantur
420 416 512 483 idem
534 415 669 483 efficere
689 439 729 483 ex
752 430 958 507 argumento
978 417 1098 483 thorae
1123 414 1167 482 ab
1193 414 1308 481 Heleia
1331 420 1499 505 repertae.

184 527 299 608 losiaS,
316 524 488 613 inquiunt,
508 526 626 609 tReg.
649 529 749 605 2331
771 553 787 583 «
809 523 890 590 fecit
908 525 1015 590 Phase
1029 522 1116 590 sicut
1130 521 1296 610 scriptum
1317 526 1367 587 est
1385 523 1420 588 in
1434 522 1501 590 hoc

184 631 275 698 libro
295 629 439 697 foederis
459 658 489 712 »‚
507 630 656 719 fecitque
676 628 765 696 illud
785 636 806 696 *2
825 635 900 697 Par.
924 636 1001 713 35,1
1022 629 1077 696 die
1101 633 1154 696 lc*
1168 627 1294 695 mensis
1316 627 1435 710 Nisan3
1453 637 1503 694 at·

184 739 336 827 quicum
352 736 443 803 diem
458 758 529 801 uon
543 735 747 802 determinat
762 736 922 803 lexbeut.
942 742 1031 817 ion,
1049 735 1281 802 determinant
1293 740 1410 801 autem
1426 739 1499 817 En,

185 849 278 927 Len,
297 848 397 910 Num.
417 865 424 911 :
444 865 528 929 ergo
549 843 614 909 hos
631 843 735 909 etiam
758 842 865 909 libros
881 842 1033 909 habebat
1045 842 1144 909 thora
1160 842 1204 908 ab
1224 841 1336 908 Meloia
1351 848 1499 930 reperta.

184 955 307 1017 Contra
334 971 421 1039 quae
445 948 603 1015 advertas
631 971 687 1016 eas
709 949 818 1035 leges,
844 971 932 1038 quae
958 949 995 1014 in
1021 947 1112 1015 libro
1140 948 1261 1014 thorae
1283 948 1501 1014 affirmantur

182 1057 285 1123 fuisse
304 1057 451 1145 scriptae
468 1056 501 1145 (t
520 1059 734 1149 Meg-2331.
752 1054 822 1144 Mt),
840 1077 959 1143 reapse
971 1055 1008 1120 in
1021 1055 1230 1120 collectaneo
1243 1053 1386 1142 scriptas
1405 1075 1501 1143 repe·

182 1165 253 1232 riri.
274 1162 337 1229 Sed
356 1162 443 1229 falso
464 1161 625 1228 videntur
640 1161 780 1250 quidam
799 1183 1006 1250 supponere,
1028 1159 1179 1249 reliquos
1198 1162 1301 1227 etiam
1323 1160 1429 1226 libros
1445 1183 1495 1227 sa·

182 1275 343 1336 crustum
363 1270 465 1334 fuisse
487 1267 698 1357 deperditos,
716 1288 896 1335 omnemve
909 1289 1087 1335 sacrorum
1104 1267 1234 1334 rituum
1249 1266 1412 1334 defecisse
1428 1289 1500 1334 me·

182 1377 341 1442 moriam.
360 1380 442 1442 Acta
462 1374 595 1441 Heleiae
616 1373 720 1440 solius
740 1374 974 1441 meminerunt
992 1375 1126 1442 thorae.
1148 1375 1227 1441 Sine
1247 1374 1361 1462 aliqua
1382 1395 1499 1440 rerum
1586 1368 1593 1381 '

182 1503 357 1548 sacrarum
372 1480 616 1562 notitia,'haud
631 1481 743 1570 potuit
760 1481 893 1548 {osiast
909 1486 984 1549 Par.
1008 1487 1140 1563 aaa-7,
1160 1481 1211 1547 vcl
1232 1485 1312 1547 ante
1327 1485 1500 1569 repertam

182 1588 318 1654 theram
342 1588 509 1653 mundare
531 1586 731 1654 universam
750 1587 930 1675 regionem
953 1588 998 1654 ab
1022 1589 1116 1654 omni
1139 1587 1392 1677 superstitione.
1421 1590 1500 1653 Erat

182 1694 320 1760 tandem
337 1694 504 1782 pontisas,
521 1699 620 1760 erant
639 1694 762 1760 levitae
778 1693 816 1761 in
830 1716 913 1773 suos
927 1694 1066 1761 ordines
1084 1694 1235 1761 distincti
1255 1698 1365 1761 2Par.
1383 1698 1497 1774 3t‚12,

181 1800 284 1885 gnari
305 1801 448 1866 musices
462 1821 596 1881 sacrae,
617 1799 766 1889 ideoque
782 1801 866 1866 item
881 1802 984 1887 gnari
999 1823 1174 1898 sacrorum
1189 1802 1413 1867 canticorum.
1437 1805 1500 1868 Re-

181 1910 365 1971 oenscntur
380 1906 481 1970 etiam
498 1905 667 1994 quaedam
688 1928 785 1972 sacra
797 1909 925 1996 scripta
938 1913 958 1972 2
972 1912 1047 1973 Par.
1065 1914 1158 1988 35,t,
1175 1912 1302 1973 statuta
1316 1905 1453 1973 Doridis
1467 1911 1500 1972 et

181 2010 390 2094 Salomonis,
416 2011 541 2100 quibus
560 2011 814 2078 definiebantur
835 2012 1052 2096 singularum
1075 2014 1320 2098 cognationum
1342 2011 1500 2079 levitica·
1617 2091 1622 2103 ι

180 2138 258 2183 rum
281 2116 482 2183 ministeria.
509 2118 663 2184 Potuitne
686 2122 757 2184 tam
783 2117 883 2184 brevi
903 2119 1066 2208 temporis
1088 2118 1199 2208 spatio
1221 2118 1332 2185 cultus
1351 2117 1395 2184 ad
1420 2139 1499 2207 per·

180 2224 309 2290 fectum
323 2222 543 2312 splendorem
564 2224 734 2304 revocari,
750 2224 779 2290 ai
801 2224 874 2290 eius
893 2224 978 2290 ritus
997 2229 1237 2314 supponantur
1254 2247 1294 2291 ex
1318 2223 1498 2290 hominum

181 2329 347 2396 memoria
363 2328 467 2418 plene
479 2328 662 2396 excidisse?
677 2333 748 2396 lmo
761 2329 936 2396 sciebatur
950 2330 1075 2398 harum
1092 2353 1208 2398 rerum
1226 2331 1357 2421 praoez‘s,
1379 2345 1495 2401 mauu,

180 2457 283 2525 quam
304 2457 410 2502 unam
424 2457 542 2502 vocem
559 2442 580 2501 2
599 2439 674 2503 Par.
697 2441 798 2517 35,13
814 2459 996 2527 perperam
1014 2438 1116 2504 vertit
1130 2438 1231 2524 Vulg.
1252 2467 1267 2498 ιι
1290 2437 1384 2504 iuxta
1404 2436 1498 2525 quod

180 2541 216 2608 in
235 2542 312 2629 lege
327 2543 491 2632 scriptum
507 2548 557 2609 est
572 2570 601 2607 o.
620 2546 721 2628 Ergo,
738 2543 799 2608 ubi
815 2544 910 2609 iussit
925 2566 982 2609 rex
997 2549 1015 2609 b
1031 2549 1114 2631 Reg.
1133 2551 1232 2625 2331
1254 2572 1269 2605 a
1287 2544 1362 2609 fieri
1377 2543 1496 2624 Phase,

181 2646 269 2714 sicut
292 2649 456 2737 scriptum
474 2647 578 2715 estin
595 2650 661 2714 boc
678 2646 768 2714 libro
788 2649 934 2715 foederis
952 2677 982 2730 »,
1002 2672 1061 2715 seu
1082 2656 1101 2714 2
1124 2654 1197 2715 Par.
1217 2657 1296 2730 35,o
1315 2678 1330 2708 α
1349 2650 1426 2716 fieri
1445 2672 1497 2715 se-

181 2753 331 2820 cundum
350 2755 492 2822 verbum
512 2755 615 2821 lahve
634 2776 696 2844 per
719 2777 859 2821 manum
879 2755 996 2842 Moysis
1019 2782 1049 2837 o,
1072 2755 1283 2822 celebratum
1305 2761 1354 2820 est
1374 2756 1498 2821 festum

182 2858 386 2943 observatis,
410 2883 482 2927 non
502 2861 613 2928 solum
636 2860 850 2950 paucissimis
871 2860 913 2927 iis
935 2884 1023 2951 quae
1042 2866 1138 2928 Dent.
1168 2868 1208 2928 16
1231 2861 1414 2943 habentur,
1438 2860 1497 2926 sed

180 2965 222 3033 iis
236 2967 406 3051 omnibus,
422 2990 510 3057 quae
530 2966 669 3034 traditio
690 2967 818 3056 aliique
837 2967 916 3033 libri
936 2969 1021 3034 sacri
1038 2968 1225 3055 exigerent.
1246 2967 1390 3049 Exinde,
1406 2966 1499 3056 quod

180 3072 298 3162 aliqua
321 3075 375 3140 lex
397 3081 553 3163 tempore
578 3073 686 3140 losiae
709 3074 888 3140 observata
909 3096 982 3140 esse
1007 3073 1299 3163 deprehendatur,
1325 3074 1497 3141 immerito

180 3180 328 3246 infertur
347 3202 422 3246 eam
439 3182 475 3246 in
487 3181 590 3247 thora
605 3179 738 3247 Melciae
753 3180 856 3247 fuisse
871 3181 1052 3271 scriptam·
1066 3186 1181 3270 Neque
1197 3182 1416 3247 affirmantur
1429 3180 1498 3246 sin-

182 3284 256 3371 guli
277 3285 402 3352 ritus2
424 3291 498 3353 Par.
521 3293 620 3368 35,11
644 3309 720 3376 sqq.
739 3286 860 3376 scripti
878 3286 981 3353 fuisse
1004 3287 1042 3354 in
1063 3287 1155 3354 libro
1171 3288 1301 3375 Moysis,
1321 3287 1381 3354 sed
1400 3286 1497 3353 affir-

101 3374 107 3386 ’
182 3397 321 3458 mantur
335 3414 406 3458 esse
424 3393 606 3476 observati,
630 3421 646 3455 «
669 3401 706 3459 ut
723 3394 973 3460 sacrificaretur
990 3394 1130 3478 lahvae,
1153 3394 1240 3461 sicut
1260 3393 1427 3482 scriptum
1447 3400 1497 3458 est

180 3498 217 3563 in
237 3497 332 3582 libro
351 3499 472 3586 Moysis
496 3526 529 3583 o,
554 3500 578 3566 i.
600 3522 630 3567 e.
654 3506 691 3565 ut
715 3499 915 3566 satisfieret
936 3500 1008 3586 legi
1030 3505 1125 3567 Dent.
1150 3507 1190 3566 16
1218 3500 1376 3590 regisque
1397 3520 1496 3588 prae-

180 3603 319 3692 scripto.
339 3609 429 3681 Quae
442 3611 492 3672 est
506 3605 574 3672 alia
588 3605 730 3673 omnino
746 3629 811 3673 res.

225 3714 364 3776 Nostrae
381 3713 691 3796 argumentationis
705 3736 840 3780 summa
859 3715 944 3781 haec
959 3718 1020 3780 est.
1043 3711 1191 3800 [afuisse
1213 3712 1298 3779 libro
1315 3711 1359 3778 ob
1375 3711 1498 3779 Heleia

179 3827 313 3905 reperto
325 3815 460 3883 Moram
471 3817 675 3886 collectaneo
689 3831 838 3907 auctoru,
855 3843 914 3887 seu
926 3824 1025 3886 Decet.
1044 3817 1145 3900 5-98,
1159 3817 1418 3886 concedentem
1428 3840 1498 3883 non

180 3941 314 4007 ornnes‚·
332 3921 435 3989 aliud
452 3923 540 4014 quid
553 3939 691 4016 praeter
710 3948 786 3992 eam
801 3925 909 3992 eidem
924 3926 1085 4016 infuisse,
1102 3925 1199 3992 noello
1216 3936 1420 4013 arpuireeato
1442 3923 1499 3990 de-

180 4042 410 4114 numeratum·
425 4053 507 4120 erpo
524 4031 711 4098 censendus
726 4045 775 4098 ast
791 4032 849 4100 ille
862 4032 947 4100 liber
963 4033 1070 4119 fuisse
1084 4032 1160 4122 ipso
1174 4044 1206 4098 et
1220 4030 1293 4097 sola
1310 4029 1372 4097 illa
1389 4030 1497 4098 thora.

180 4134 241 4211 Qui
252 4156 333 4202 vero
347 4135 478 4218 dicunt,
492 4139 640 4204 Melciam
652 4140 806 4227 profecto
819 4139 995 4226 integrum
1008 4140 1159 4228 aliquem
1171 4137 1300 4203 librum
1317 4139 1496 4228 reperisse,
1568 4199 1573 4205 .

180 4245 276 4308 Dent.
294 4242 349 4308 vel
363 4244 643 4331 pentateuchum,
664 4268 732 4311 non
754 4247 989 4332 fragmentum
1010 4245 1090 4311 libri
1105 4245 1261 4312 avulsum
1283 4250 1377 4310 Deut.
1401 4251 1494 4326 5-28,

180 4345 203 4411 ii
215 4346 376 4415 illudmet
394 4372 458 4439 pro
471 4355 562 4416 oerto
579 4357 791 4440 supponunt,
814 4353 908 4440 quod
924 4353 961 4418 in
981 4356 1053 4417 tota
1067 4352 1132 4418 bac
1150 4350 1382 4441 disputatione
1394 4373 1497 4439 quae·

180 4451 277 4536 ritur,
302 4476 347 4521 sc.
369 4461 485 4522 utrum
502 4463 656 4547 tempore
676 4459 781 4524 losiae
799 4458 895 4523 varia
914 4457 1122 4524 documenta
1137 4457 1302 4540 mosaica,
1328 4478 1415 4545 quae
1435 4456 1496 4520 dn-

181 4557 263 4625 dum
285 4561 378 4650 apud
396 4563 566 4630 Hebraeos
584 4564 925 4642 circumferebantur,
948 4563 1018 4630 iam
1036 4564 1223 4630 exstiterint
1239 4563 1275 4628 in
1294 4583 1400 4628 unam
1418 4561 1494 4624 tho-

180 4666 423 4748 ramgcollecta.
448 4669 549 4737 Cuius
567 4671 617 4736 rei
637 4669 863 4737 affirmandae
879 4669 1040 4758 equidem
1055 4674 1262 4755 argumenta
1279 4688 1352 4733 non
1367 4663 1491 4753 reperi.
