3366 5346
220 259 295 327 166
710 271 817 316 oaarro
838 272 947 317 vorsis
968 272 1074 316 rurus.

237 409 393 500 petitum,
411 413 449 473 ut
464 413 560 474 sonet
576 412 728 473 montem
745 436 760 466 a
777 407 915 486 siceum,
931 405 1065 472 aridum
1082 434 1111 473 ».
1130 411 1233 472 Porro
1246 407 1413 472 rationem
1434 405 1553 494 inqui·

237 515 361 597 rimuS,
379 537 433 581 cur
455 515 535 580 inde
550 514 595 580 ab
616 518 673 580 Ex.
693 519 767 595 tal
782 513 870 579 liber
885 513 1067 601 bipartitus
1085 518 1280 579 constanter
1295 512 1421 579 scribat
1440 512 1552 591 Sinai,

239 628 332 690 [leui.
355 644 463 712 aeque
485 625 681 687 constanter
701 620 824 687 Horeb.
851 624 956 698 Quam
977 619 1144 685 rationem
1166 619 1275 686 critici
1296 619 1449 685 moderni
1467 643 1556 686 una-

238 731 348 796 nimes
362 733 531 807 statuunt,
548 727 670 794 haberi
680 726 808 793 idioma
820 727 905 807 stili,
923 725 1016 815 quod
1031 725 1157 816 prodat
1174 726 1233 793 illa
1252 727 1377 815 scripta
1399 750 1418 792 a
1441 726 1557 793 diver·

239 838 283 903 sis
307 835 502 903 auctoribus
528 833 669 919 diversis
692 832 909 924 temporibus
937 854 1007 899 esse
1028 834 1245 899 concinnata.
1270 833 1381 898 aliam
1400 834 1559 919 suggeri·

241 964 316 1009 mus
330 940 543 1030 puababilem
560 940 829 1029 explicationem.
846 945 1006 1005 Novimus
1020 941 1160 1006 nomina
1173 940 1326 1005 virorum
1347 939 1559 1028 quandoque

239 1047 364 1115 mutari
381 1047 590 1115 consuevisse
613 1046 734 1135 (sivea
758 1052 824 1113 lieo
846 1046 915 1113 sive
943 1069 962 1112 a
986 1068 1068 1132 rege
1090 1045 1238 1135 aliquo),
1256 1047 1394 1135 quando
1413 1046 1457 1112 ad
1479 1069 1558 1136 spe-

239 1156 324 1223 ciale
347 1176 471 1221 munus
495 1160 766 1236 assumerentur;
791 1153 950 1219 novimus
970 1153 1052 1219 item
1075 1151 1157 1219 locis
1183 1152 1387 1243 quibusdam
1413 1154 1558 1218 nomina

239 1283 310 1328 esse
328 1261 491 1351 imposita
504 1261 547 1327 ab
569 1260 749 1327 eventibus
768 1260 827 1346 (01.
845 1263 925 1327 Gen.
950 1264 1066 1341 16,1t;
1084 1259 1199 1346 2822)
1219 1281 1227 1327 ε
1252 1281 1443 1345 congruum
1462 1259 1558 1325 vide-

239 1375 307 1450 tur,
329 1375 365 1434 ut
383 1367 412 1434 si
436 1367 512 1458 quis
531 1367 655 1434 collato
678 1368 814 1434 muneri
835 1389 907 1433 non
934 1366 1160 1445 satisfaceret,
1190 1372 1248 1432 aut
1270 1371 1408 1432 eventus
1431 1366 1559 1455 aliquis

238 1472 393 1541 uoniam
409 1495 518 1563 aeque
538 1473 648 1540 lactus
666 1479 725 1540 aut
744 1473 913 1560 gloriosus
932 1472 1132 1553 haberetur,
1150 1471 1320 1538 eiusmodi
1334 1493 1458 1538 nomen
1474 1494 1559 1561 sup-

239 1580 457 1670 primeretur.
476 1586 583 1669 Ergo,
599 1579 739 1669 quando
760 1580 880 1646 foedus
904 1578 1098 1646 sinaiticum
1118 1578 1234 1668 quoad
1249 1579 1416 1645 maiorem
1436 1577 1560 1667 populi

239 1693 374 1778 partem
398 1691 432 1754 et
457 1686 499 1753 ad
524 1692 660 1776 tempus
684 1692 734 1753 est
758 1691 970 1769 revocatum,
993 1707 1212 1775 suppressum
1236 1685 1320 1751 item
1343 1684 1446 1750 luerit
1468 1683 1560 1751 illud

240 1794 365 1860 montis
379 1815 525 1876 nomen,
552 1793 644 1883 quod
661 1793 808 1860 foederis
827 1793 920 1860 illius
939 1790 1141 1859 memoriam
1162 1791 1309 1859 maxime
1323 1792 1507 1858 revocabat
1522 1791 1562 1858 in

241 1906 408 1982 mentem3
433 1905 628 1967 revocatum
653 1899 772 1980 luerit,
801 1922 871 1966 nou
900 1899 979 1967 dico
1009 1899 1067 1966 Dei
1094 1898 1246 1982 decreto,
1276 1899 1416 1965 fortasse
1444 1920 1561 1986 neque

241 2007 362 2094 Moysis
390 2007 545 2089 decreto,
575 2006 634 2073 sed
653 2007 828 2073 communi
854 2007 1035 2073 hominum
1055 2027 1233 2073 consensu.
1259 2010 1330 2071 Nou
1355 2004 1561 2094 pronuntia-

240 2113 344 2179 batur
354 2135 491 2194 nomen,
507 2114 600 2203 quod
617 2113 849 2180 maledictioni
857 2121 941 2194 esset
956 2112 1065 2200 magis
1079 2113 1181 2179 affine
1192 2134 1295 2202 quam
1311 2111 1556 2178 benedictioni.

243 2224 333 2296 Quae
353 2219 469 2307 opinio
489 2242 558 2285 non
579 2219 725 2287 adstruit
743 2241 872 2286 nomen
887 2221 981 2286 Sinai
1001 2243 1021 2285 a
1042 2224 1107 2285 lteo
1123 2221 1232 2285 monti
1252 2240 1322 2285 esse
1335 2218 1556 2307 impositum,

243 2331 301 2391 aut
322 2348 390 2391 non
414 2348 483 2391 esse
505 2324 696 2393 derivatum
715 2349 735 2392 a
757 2325 897 2392 nomine
922 2325 1047 2392 deserti
1070 2327 1142 2407 Sin,
1167 2324 1262 2392 cuius
1286 2326 1435 2392 nominis
1459 2326 1559 2414 origo

243 2430 441 2521 ceteroquin
464 2439 529 2497 nos
544 2432 644 2511 latet,
659 2431 717 2498 sed
742 2431 869 2513 solum,
887 2431 980 2499 istud
993 2453 1122 2497 nomen
1142 2416 1224 2498 inde
1247 2453 1268 2497 a
1292 2431 1405 2521 primo
1428 2431 1559 2498 sancito

243 2536 380 2604 foedere
413 2536 455 2604 de
480 2539 568 2604 sacto
598 2537 743 2606 evasisse
771 2560 904 2607 sacrum
939 2543 999 2606 aut
1026 2544 1117 2605 certe
1149 2538 1191 2605 ad
1223 2544 1376 2605 montem
1410 2539 1560 2605 foederis

243 2643 496 2731 designandum
512 2644 843 2730 communissimum,
862 2655 978 2735 postea
997 2645 1042 2712 ob
1060 2645 1118 2712 Dei
1138 2645 1284 2712 vindicis
1301 2645 1489 2735 apostasiae
1504 2668 1559 2713 re-

243 2751 431 2819 verentiam
448 2775 517 2819 esse
537 2775 772 2842 suppressum.
796 2759 885 2830 Quae
902 2752 1030 2839 agendi
1050 2751 1138 2819 ratio
1154 2752 1307 2818 moribus
1324 2751 1463 2841 quidem
1478 2774 1560 2818 nos·

242 2858 287 2926 tri
310 2858 385 2926 aevi
400 2881 469 2924 non
493 2865 544 2925 est
563 2859 763 2941 conformis,
788 2859 844 2925 sed
874 2860 1013 2924 omnino
1035 2857 1219 2947 respondet
1239 2859 1347 2925 indoli
1366 2865 1398 2924 et
1426 2859 1559 2943 cogita·
1606 2893 1610 2899 ·

243 2968 286 3030 tis
314 2965 534 3052 antiquorum
561 2965 739 3032 hominum
765 2965 973 3031 semitarum.
1001 2970 1108 3050 Ergo,
1137 2963 1230 3053 quod
1260 2964 1349 3030 liber
1375 2963 1560 3054 bipartitus

243 3070 353 3137 solum
371 3069 497 3136 lrabeat
516 3069 621 3151 Sinai,
642 3075 735 3138 oeut.
757 3071 869 3137 solum
889 3069 1013 3150 Horeb,
1038 3074 1175 3136 nonest
1195 3069 1435 3157 irrefragabile
1456 3092 1560 3158 argu·

245 3181 400 3242 mentum
414 3175 500 3241 duos
518 3174 596 3241 illos
610 3175 717 3242 libros
737 3176 953 3242 diversorum
969 3198 1040 3243 csso
1061 3183 1240 3244 auctorum
1256 3183 1290 3243 et
1307 3183 1514 3267 temporum.

289 3305 321 3348 v.
347 3288 367 3348 2
391 3304 489 3349 sensu
517 3283 618 3348 obvio
643 3282 837 3349 intellectus
859 3281 1017 3372 exprimit
1038 3282 1236 3350 distantiam
1264 3307 1284 3350 a
1308 3292 1421 3351 monte
1448 3285 1559 3351 Horeb

246 3387 419 3470 Cadesam,
434 3396 537 3479 atque
548 3389 613 3457 hoc
628 3411 727 3456 sensu
737 3401 876 3480 praeter
891 3411 1023 3456 amiram
1033 3402 1227 3456 contectum
1240 3390 1457 3459 adscribitur.
1472 3391 1558 3467 Quid

245 3495 339 3562 iuvat
353 3496 490 3563 unicam
505 3496 549 3563 ab
567 3496 678 3564 Horeb
695 3497 855 3564 Cadesam
871 3496 1065 3563 adscribere
1078 3496 1296 3564 distantiam?
1309 3501 1375 3564 Cur
1394 3520 1460 3564 non
1475 3499 1558 3563 item

247 3602 453 3668 adscribitur
480 3603 640 3671 distantia
665 3603 791 3670 Cadesa
814 3603 858 3669 ad
883 3625 977 3670 mare
1001 3603 1106 3692 Suph,
1136 3603 1180 3669 ab
1204 3603 1269 3670 hoc
1299 3603 1343 3670 ad
1372 3609 1556 3683 arnonem,

247 3712 384 3774 Arnone
413 3709 457 3773 ad
484 3710 683 3776 lordanem‘l
707 3715 868 3777 Narrator
896 3732 965 3776 non
998 3715 1218 3776 consueverat
1244 3710 1352 3778 nudas
1380 3711 1560 3777 distantias

247 3813 458 3892 adscribere,
484 3815 544 3881 sed
566 3817 781 3884 durationem
808 3816 958 3899 itineris,
981 3839 1069 3906 quae
1094 3823 1143 3883 est
1169 3816 1239 3882 alia
1260 3817 1401 3882 omnino
1424 3840 1476 3883 res
1502 3817 1556 3904 (cl.

248 3924 298 3989 CN
320 3945 353 4010 p.
382 3921 476 4009 167),
495 3923 688 4010 exprimens
712 3923 814 3989 simul
840 3929 872 3990 et
891 3923 1111 3990 durationem
1133 3922 1268 3989 itineris
1287 3922 1329 3988 de
1355 3923 1499 3990 statione
1524 3924 1558 3986 iu

247 4029 443 4108 stationem,
465 4033 498 4094 et
522 4029 738 4103 durationem
764 4052 937 4096 morarum
959 4031 994 4096 in
1020 4029 1223 4096 stationibus
1244 4031 1422 4097 factarum.
1451 4034 1560 4118 llepe-

249 4133 331 4198 00011
355 4133 472 4218 igitur,
495 4136 553 4224 qui
582 4135 769 4201 clausulam
795 4136 973 4225 adscripsit
996 4141 1095 4204 Num.
1125 4142 1244 4215 aar&
1275 4141 1369 4204 lleut.
1402 4142 1469 4217 1‚1.
1496 4136 1560 4201 hoe

248 4237 425 4312 disiectum
457 4240 662 4307 narrationis
689 4243 853 4308 mosaicae
889 4243 1081 4308 membrum
1108 4247 1156 4320 01,
1184 4264 1252 4330 quo
1281 4241 1370 4308 illud
1393 4250 1561 4332 spectaret

248 4345 405 4432 ignaruS,
423 4347 457 4413 b.
480 4346 502 4413 l.
520 4348 747 4436 adscripserit.

292 4457 490 4518 Nostrarum
500 4462 614 4520 [arinen
624 4455 772 4543 partium
782 4453 1427 4544 essecensemusaecuratiusdispicere,
1443 4476 1557 4520 annon

248 4558 403 4627 intimior
421 4558 546 4649 aliquis
568 4562 657 4627 iuter
677 4584 708 4629 v.
735 4567 755 4626 2
778 4567 811 4626 et
839 4568 852 4626 1
882 4560 1161 4650 deprehendatur
1179 4582 1300 4628 nesus,
1321 4568 1358 4627 ut
1386 4586 1417 4628 v.
1449 4568 1558 4626 anon

250 4667 336 4737 sorte
351 4667 419 4734 huc
439 4669 482 4735 sit
500 4667 668 4758 dilapsus,
690 4666 748 4734 sed
771 4667 816 4732 ab
837 4666 935 4733 initio
955 4667 1069 4734 versui
1096 4675 1110 4733 l
1133 4668 1237 4733 luerit
1252 4667 1455 4757 adscriptus.
1474 4673 1557 4736 ltur-
