3366 5346
670 309 760 353 eaor.
783 294 855 362 all)
876 308 940 360 seo.
1405 301 1460 358 1117

148 443 277 508 tuerint
293 443 471 508 hominum
486 464 650 509 numerus
670 448 704 508 et
722 444 924 529 giganteum
943 442 1047 509 robur
1062 480 1106 492 -
1122 472 1138 502 a
1167 456 1201 509 e!
1220 457 1290 509 torn
1308 448 1459 514 erectore

149 561 186 613 at
209 549 269 637 [cle]
295 548 439 614 Enocim
464 548 586 638 [stiipe]
608 568 640 626 »3
671 572 701 612 v.
727 556 765 614 11
797 578 812 609 a
841 548 964 638 [quasit
986 548 1147 637 pipiantes
1174 551 1390 618 crederentur
1413 555 1458 639 let

148 654 409 740 essentleimiles
420 654 575 743 filioram
598 656 743 723 ancim
771 684 800 721 ».
826 660 922 721 Verte
948 676 954 721 :
978 656 1178 744 Moplaoimis
1192 661 1458 725 accomodantur

148 761 215 850 ipsi
224 783 358 849 qaoque
375 763 427 827 ati
439 761 599 829 Eoocim.
619 790 635 822 «
653 761 831 850 [Dareique]
847 761 1017 827 Moabitae
1032 764 1210 851 appellant
1225 787 1280 830 eos
1291 767 1406 831 Emim
1423 796 1454 834 ».

53 894 59 909 ·
147 867 242 944 Quod
266 871 365 957 l'orp.
390 869 660 958 interpretantur
681 867 866 951 terribiles-3
887 867 916 934 si
941 875 1058 934 tamen
1073 867 1138 935 hoo
1159 892 1317 937 nomene
1337 872 1457 959 lingua

145 973 296 1041 semitica
316 978 359 1041 sit
377 975 617 1041 derivandum.
636 979 687 1042 Sc.
706 981 814 1042 textus
826 974 862 1040 id
876 973 987 1041 solum
1009 974 1127 1055 edicit,
1145 975 1237 1064 ipsos
1254 976 1408 1043 illosolio
1423 1001 1457 1045 se

143 1079 281 1146 nomine
306 1103 410 1168 quam
425 1081 563 1147 nomine
579 1082 689 1149 llmim
712 1103 865 1163 voeassc;
888 1082 954 1146 boc
977 1082 1115 1147 nomine
1137 1082 1297 1149 Moabitas
1318 1083 1455 1150 eosdem

144 1186 354 1275 appellasse,
372 1186 432 1253 sed
446 1208 515 1254 non
526 1186 716 1253 riecessorio
733 1187 821 1252 solos
841 1185 1012 1253 Moabitas.
1031 1187 1144 1253 Potuit
1156 1209 1201 1253 sc.
1220 1189 1305 1270 lieri,
1320 1196 1358 1256 ut
1374 1212 1456 1256 aevo

145 1293 301 1360 Abrahae
321 1297 400 1359 Gen.
425 1300 464 1360 lt
484 1293 600 1382 plures
616 1299 737 1379 gentes
750 1291 1064 1360 circumiueolentes
1080 1292 1157 1359 illos
1173 1295 1243 1359 iam
1261 1298 1458 1362 vocaverint

145 1399 273 1481 Emim,
292 1399 384 1489 quod
405 1421 531 1466 nomen
545 1398 768 1465 adhibuerint
783 1399 1000 1487 postmodum
1019 1401 1119 1465 etiam
1140 1400 1316 1468 Moabitae.
1334 1406 1458 1469 Auctor

145 1504 186 1570 de
207 1506 339 1592 origine
360 1505 469 1572 Emim
489 1507 733 1595 circumspecte
753 1505 904 1595 loquitor
927 1511 961 1572 et
982 1504 1234 1573 affirmatorum
1251 1515 1456 1592 argumenta

142 1611 365 1679 demonstrat.
381 1612 521 1679 lllorum
537 1613 644 1678 Emim
656 1634 732 1678 cum
747 1612 916 1700 ltaphaim
934 1611 1136 1678 affinitatem
1151 1613 1288 1680 coniicit
1303 1614 1454 1702 primum

142 1741 159 1783 e
175 1722 303 1784 statura
326 1725 397 1784 tam
420 1740 563 1808 procera
581 1724 684 1807 atque
703 1725 832 1785 statura
854 1717 1010 1801 Enaeim,
1027 1719 1088 1807 qui
1104 1719 1269 1807 Raphaim
1286 1720 1455 1786 haberen-

141 1829 214 1901 tur;
232 1826 380 1890 secundo
400 1848 438 1891 ax
458 1848 515 1904 co,
536 1825 630 1913 quod
652 1825 760 1890 Emirn
782 1846 890 1914 aeque
912 1846 951 1889 ao
972 1824 1110 1890 Euacim
1136 1825 1335 1914 Raphaimis
1351 1827 1455 1915 vulgo

141 1935 416 2010 accenserentur;
439 1929 595 2012 taudem,
618 1931 711 2018 quod
733 1930 842 1996 Emim
861 1952 931 1995 nou
956 1930 1056 1995 luerit
1077 1953 1194 1996 eorum
1218 1954 1342 1997 nomen
1366 1935 1456 1999 uati-

142 2058 239 2117 vum,
257 2059 340 2123 ergo
360 2036 514 2103 nativum
538 2058 664 2102 nomen
688 2035 776 2102 bene
795 2035 944 2125 potuerit
963 2057 1034 2101 csse
1058 2037 1225 2125 llaphaim
1251 2044 1311 2103 aut
1329 2059 1454 2105 nomen

141 2142 281 2230 aliquod
297 2166 317 2208 a
333 2142 532 2231 Raphaimis
547 2142 753 2208 derivatum.
772 2146 889 2207 Nonne
909 2142 995 2208 haec
1010 2142 1123 2230 potius
1137 2148 1329 2228 suggerunt
1347 2144 1455 2233 scrip·

140 2256 250 2314 torem
278 2252 387 2335 Moyse
413 2249 653 2327 recentiorem,
679 2248 776 2314 cuius
800 2253 954 2336 tempore
976 2270 1018 2313 ne
1041 2270 1132 2314 unus
1150 2247 1293 2336 quidem
1316 2248 1454 2316 illorum

141 2354 248 2420 Emim
267 2354 493 2443 superfuerit.
514 2353 609 2419 nihil
628 2354 670 2419 de
697 2354 765 2419 illis
792 2353 858 2419 nisi
880 2376 898 2418 e
926 2352 1150 2420 Moabitarum
1169 2354 1327 2443 populari
1346 2355 1453 2421 tradi-

96 2496 99 2503 ·
143 2463 232 2527 tione
247 2460 331 2526 disci
347 2459 518 2550 potuerit?
533 2463 600 2526 Cur
614 2482 695 2525 vero
710 2461 857 2548 scriptor
869 2481 939 2526 non
951 2459 1039 2525 sistit
1054 2461 1089 2525 in
1104 2461 1212 2526 Emim
1228 2482 1304 2527 cum
1316 2461 1453 2528 Euacim

141 2567 322 2644 affinitate,
342 2567 402 2633 sed
423 2573 586 2655 utrosque
605 2572 744 2633 revocat
762 2566 805 2632 ad
828 2566 1016 2654 ltaplraim?
1031 2566 1199 2654 llapbaim
1220 2590 1286 2633 uua
1304 2574 1378 2634 erat
1394 2591 1451 2635 ea-

141 2694 218 2738 rum
242 2672 414 2757 gentium,
437 2694 585 2761 quarum
610 2673 695 2739 fines
715 2676 794 2738 Gen.
819 2677 919 2754 15,ao
939 2676 1027 2737 Deus
1051 2673 1209 2737 «semini
1233 2674 1406 2740 Abraham
1435 2704 1450 2733 a

140 2778 360 2869 possidendos
378 2779 597 2867 promiserat3
617 2779 700 2846 fines
714 2779 834 2866 utique
851 2777 1110 2859 cisiordanioos;
1129 2799 1248 2844 verum
1266 2779 1447 2861 Moabitae,

139 2884 229 2975 quod
256 2885 424 2973 {taphnim
448 2885 737 2952 trausiordauioos
760 2885 1017 2975 exstirpassent,
1048 2884 1222 2950 adiutores
1238 2906 1272 2952 se
1287 2886 1450 2952 exhibue-

137 2998 215 3059 rant
230 2992 360 3059 oonsilii
378 2992 500 3072 divini,
519 2998 605 3059 beus
619 2991 760 3059 illorum
777 2997 851 3058 acta
867 2991 1014 3081 probata
1026 2991 1190 3069 habebat,
1208 2991 1326 3080 eisque
1345 3021 1359 3051 a
1379 2998 1448 3057 tra·

139 3098 272 3172 diderat
290 3103 337 3165 Ar
358 3102 394 3166 in
412 3098 659 3188 possessionem
676 3126 707 3166 ».
723 3102 809 3165 llaec
829 3120 897 3165 una
919 3103 1009 3165 certe
1030 3118 1148 3178 causa,
1166 3118 1229 3165 cur
1248 3120 1289 3164 ne
1306 3097 1449 3165 Hebraei

137 3228 254 3272 eorum
269 3205 354 3272 sures
368 3207 579 3290 attingerent
592 3204 783 3272 inhibebat.

180 3318 283 3380 Notae
300 3312 342 3379 de
362 3312 473 3381 Emim
497 3311 568 3378 visa
585 3317 634 3377 est
656 3311 882 3378 adscribenda
899 3310 1018 3376 similis
1037 3310 1079 3377 de
1103 3310 1232 3377 Seiritis
1256 3317 1346 3378 nota.
1376 3317 1447 3388 Qua

136 3419 274 3507 quidem
295 3419 382 3486 nihil
397 3418 571 3498 docemur,
591 3417 683 3506 quod
703 3440 772 3483 non
789 3417 857 3482 iam
872 3440 889 3482 e
906 3423 986 3483 Gen.
1010 3422 1066 3496 36,
1090 3422 1124 3481 et
1145 3416 1285 3504 quidem
1308 3417 1446 3482 distine-

136 3526 218 3601 tius,
236 3533 447 3613 compertum
463 3525 649 3602 habemuS,
675 3523 724 3589 ibi
747 3523 876 3612 quippe
901 3523 1076 3603 docemur,
1097 3543 1165 3586 non
1181 3522 1227 3586 ita
1243 3521 1341 3586 brevi
1360 3529 1444 3588 tem-

137 3652 219 3718 pore
245 3631 374 3697 deletos
406 3653 466 3699 seu
490 3631 602 3697 verius
629 3631 808 3718 absorptos
837 3650 906 3695 esse
931 3627 1079 3693 Seiritas
1106 3631 1189 3692 Nola
1218 3628 1304 3693 haec
1331 3627 1446 3717 utique

136 3739 240 3802 etiam
262 3736 470 3803 adscribitur
492 3736 617 3804 iutuitu
640 3760 672 3804 v.
695 3744 714 3804 5
742 3758 749 3803 :
772 3736 859 3802 sicut
880 3757 912 3802 v.
936 3741 977 3800 10
999 3757 1050 3822 sq.
1080 3733 1279 3822 explicatur,
1307 3757 1367 3800 eur
1381 3739 1443 3800 lle·

135 3843 232 3910 braei
251 3842 418 3932 prohibiti
441 3844 508 3910 sint
525 3843 686 3910 Moabitas
709 3843 932 3931 impugnare,
954 3842 1002 3907 ita
1024 3862 1056 3907 ν.
1083 3847 1123 3906 12
1148 3840 1350 3929 explicatur,
1384 3864 1444 3907 cur

133 3949 238 4017 iidem
275 3949 443 4039 prohibiti
476 3950 544 4017 sint
578 3950 751 4016 Edomitas
779 3950 954 4015 lacessere.
985 3947 1122 4013 Plenam
1149 3952 1249 4013 notae
1273 3942 1442 4015 rationem

133 4057 253 4146 pandit
275 4081 307 4125 v.
336 4064 392 4141 22,
414 4057 475 4147 qui
495 4080 630 4125 rursum
651 4062 700 4122 est
729 4056 771 4122 de
794 4055 969 4123 Mdomitis.
993 4053 1155 4121 Edomitis
1180 4075 1314 4142 semper
1331 4054 1442 4141 magis

133 4164 233 4231 amici
251 4171 310 4232 aut
330 4165 444 4230 minus
468 4163 597 4229 inimici
622 4164 716 4229 lirare
738 4162 898 4242 Hebraei,
921 4183 1025 4251 quam
1047 4159 1249 4228 ammonitis
1266 4165 1299 4227 et
1321 4162 1444 4227 Moabi-

133 4271 177 4338 tis
195 4292 202 4338 :
224 4272 349 4338 insistit
375 4270 482 4357 igitur
501 4271 619 4348 lahve,
642 4269 677 4334 iu
699 4269 763 4336 bac
783 4292 818 4335 re
838 4269 958 4335 finium
981 4291 1051 4335 non
1070 4267 1361 4356 impetendorum,
1388 4291 1442 4334 ea·

133 4377 210 4443 dem
248 4378 352 4466 plane
383 4376 513 4444 ratione
545 4376 721 4442 habendos
747 4398 816 4441 esse
843 4375 1054 4441 Ammonitas
1077 4381 1110 4440 et
1137 4374 1311 4453 Moabitas,
1340 4380 1443 4462 atque

136 4483 320 4565 Edomitas3
341 4483 493 4570 singulos
506 4483 599 4557 illos,
615 4482 665 4548 uti
680 4483 848 4548 llebraeos
863 4481 969 4570 ipsoS,
988 4481 1114 4547 habere
1127 4482 1209 4547 fines
1226 4481 1291 4547 sibi
1306 4503 1326 4546 a
1340 4481 1441 4545 lahve

132 4591 331 4677 permissos,
357 4612 442 4679 quos
465 4590 560 4657 netas
586 4590 628 4656 sit
650 4590 790 4656 adoriri.
809 4613 841 4657 v.
861 4596 901 4655 12
918 4616 933 4649 «
950 4591 990 4654 Ira
1013 4589 1090 4655 Scir
1104 4601 1218 4654 aretem
1228 4588 1330 4674 prius
1346 4583 1442 4648 irriti-

133 4709 290 4762 tooermit
320 4697 464 4763 Horroci
486 4725 501 4759 a
527 4697 584 4786 (cl.
613 4696 656 4763 ad
683 4704 764 4764 Gen.
796 4698 928 4778 3630),
958 4726 972 4753 «
1013 4696 1136 4783 prailius
1164 4693 1314 4781 rveprrlsis
1341 4704 1443 4779 olqae
