3366 5346
641 312 756 357 rnxrus
777 311 1025 358 vmrssrrumuas.
1422 299 1479 358 153

217 450 372 513 Potestne
386 445 548 535 supponi,
566 467 606 511 eo
622 468 711 536 quoe
720 446 887 537 primitus
902 428 1072 513 exstiterit
1085 446 1191 513 terrico
1205 448 1357 513 reor-ratio
1368 499 1375 527 ,
1387 461 1479 537 pos!-

171 553 310 620 modum
325 551 456 643 diffisso
468 574 536 619 esse
551 552 589 619 iu
602 554 818 621 recreationes
833 552 920 620 duos
929 551 1081 620 diuersos
1095 554 1119 619 J
1131 566 1164 621 et
1177 556 1219 639 E,
1238 576 1326 643 quoe
1340 554 1477 621 taudem

171 662 208 727 iu.
231 660 370 726 teretrum
392 659 628 727 narrationem
651 662 675 727 J
680 661 711 726 E
730 682 866 726 eversum
888 659 959 726 siat
983 661 1173 749 confusae?
1191 660 1353 727 Concedit
1377 660 1476 727 Holz.

168 790 203 857 p.
230 773 293 834 215
319 789 411 856 sqq,
436 766 590 833 nondum
617 766 757 833 definiri
777 788 892 857 posse,
917 774 995 833 utra
1020 766 1176 847 historia,
1202 772 1217 833 t
1242 789 1288 833 an
1307 772 1347 847 E,
1372 766 1480 834 altera

168 872 331 940 exstiterit
350 871 535 962 antiquior.
554 878 592 939 ln
608 872 674 938 hac
694 872 875 962 hypothesi
895 873 1000 941 unica
1016 871 1079 938 illa
1100 872 1308 962 primigenia
1329 875 1479 940 narratio

167 979 303 1047 facilius
322 980 424 1067 lloysi
443 979 649 1045 concedetur
667 979 817 1061 auctori,
835 978 896 1047 sed
916 1000 1080 1065 magnam
1098 978 1336 1047 difficultatem
1350 980 1481 1068 patitur

168 1087 228 1153 illa
240 1085 449 1153 narrationis
461 1084 603 1152 dillissio
618 1107 658 1152 ac
672 1085 892 1175 postmodum
906 1085 1090 1153 restitutio.

213 1192 413 1260 Concedunt
435 1214 568 1273 omnes,
589 1191 850 1282 inspirationem
872 1213 941 1259 non
962 1214 1035 1258 esse
1054 1193 1245 1260 necessario
1268 1193 1443 1261 verbalem
1469 1217 1476 1262 :

169 1323 225 1379 ea,
241 1321 330 1389 quae
347 1304 434 1366 Deus
455 1299 587 1367 auctori
607 1299 768 1389 inspirat,
788 1304 907 1365 auctor
926 1304 965 1366 ut
986 1298 1173 1387 plurimum
1195 1301 1350 1367 enuntiat
1369 1299 1479 1366 uerbis

169 1406 239 1473 suis
258 1412 292 1472 et
310 1405 390 1472 stilo
404 1424 486 1488 suo,·
500 1404 606 1472 verba
626 1409 660 1471 et
673 1406 788 1472 stilum
808 1405 955 1473 auctoris
976 1403 1138 1494 exprimit
1157 1417 1272 1473 tenetes
1277 1459 1288 1492 ,
1304 1405 1415 1496 qualis
1438 1428 1478 1473 ex

169 1511 316 1579 auctoris
330 1512 460 1579 calamo
477 1511 568 1585 fluit,
580 1510 645 1578 Sed
660 1510 718 1577 hic
733 1518 842 1579 textus
855 1520 992 1578 rursum
1007 1511 1178 1599 plurimas
1198 1513 1349 1580 admittit
1363 1524 1477 1579 mmo-

169 1618 288 1686 te'oues.
309 1622 383 1683 Non
401 1617 577 1717 loquimur
595 1617 653 1684 hic
676 1616 718 1684 de
742 1618 883 1685 minutis
905 1617 974 1684 illis
994 1617 1254 1697 mutationibus,
1277 1641 1354 1686 oum
1379 1640 1479 1686 voces

166 1725 302 1812 aliquae
317 1728 584 1813 corrumpuntur
595 1724 650 1790 vel
664 1724 834 1807 excidunt,
852 1725 941 1791 duae
954 1723 1117 1791 lectiones
1132 1725 1302 1792 variantes
1316 1728 1352 1792 in
1368 1747 1477 1793 unum

165 1836 296 1896 textum
311 1830 523 1911 coalescunt,
541 1830 674 1917 glossae
689 1830 850 1920 irrepunt
868 1836 931 1897 etc.
954 1831 1154 1909 Quaerimus
1168 1831 1210 1898 de
1231 1831 1478 1899 mutationibus

166 1935 249 2017 illis,
265 1958 353 2026 quae
368 1957 438 2003 nou
451 1942 562 2003 textus
575 1936 778 2026 particulas,
796 1937 855 2004 sed
870 1945 980 2003 totum
994 1937 1074 2003 libri
1090 1942 1220 2005 textum
1236 1938 1421 2026 attingunt.

211 2047 331 2110 Textus
354 2048 519 2125 mutatur,
543 2043 682 2132 quando
701 2043 739 2111 in
761 2044 867 2111 aliam
891 2044 1048 2129 linguam
1072 2043 1228 2111 uertitur.
1255 2048 1369 2135 Neque
1393 2044 1479 2111 levis

166 2148 338 2216 censenda
353 2155 403 2216 est
415 2150 500 2216 haec
520 2149 688 2218 mutatio:
707 2177 723 2210 u
742 2172 824 2217 nam
844 2149 1008 2216 deficiunt
1022 2150 1129 2217 verba
1147 2150 1323 2233 hebraica,
1341 2151 1479 2241 quaudo

166 2256 294 2323 fuerint
305 2256 468 2323 translata
479 2256 525 2322 ad
537 2255 679 2323 alteram
691 2256 848 2343 linguam
864 2283 880 2318 »
896 2255 1009 2345 (Eccli.
1025 2257 1061 2322 in
1075 2256 1238 2347 Prolog.).
1252 2261 1358 2324 Tanto
1372 2256 1482 2324 maior

168 2361 327 2441 mutatio,
345 2368 475 2453 quanto
493 2362 632 2449 longius
651 2361 779 2429 distant
797 2362 938 2450 linguae
957 2363 1048 2430 inter
1064 2385 1110 2429 se.
1129 2367 1234 2431 Porro
1254 2364 1384 2454 placuit
1402 2386 1480 2454 pro·

168 2468 401 2536 videntissimo
431 2474 514 2552 Deo,
539 2475 577 2536 ut
607 2468 835 2558 quorumdam
861 2468 1031 2537 librorum
1064 2491 1238 2545 sacrorum
1270 2493 1341 2538 non
1372 2475 1481 2537 textus

168 2576 409 2665 primigenius,
427 2575 488 2643 sed
508 2576 581 2642 solu
602 2577 712 2642 versio
736 2598 861 2662 graeca
882 2577 920 2642 in
942 2597 1064 2642 manus
1085 2577 1246 2644 ecclesiae
1271 2577 1476 2667 perveniret.

168 2687 260 2749 lnter
280 2704 366 2772 quos
386 2688 437 2748 est
457 2681 548 2749 liber
569 2682 709 2765 omnino
731 2681 884 2771 supremi
908 2681 1090 2762 momenti,
1109 2683 1327 2770 evangelium
1349 2687 1381 2749 S.
1399 2688 1478 2748 llat-

167 2788 271 2856 thaei.
297 2793 336 2854 Et
354 2788 436 2855 illae
462 2787 604 2877 quidem
629 2787 817 2869 versiones,
840 2809 925 2877 quas
951 2787 1092 2854 ecclesia
1116 2810 1194 2855 suas
1217 2788 1312 2869 lecit,
1334 2794 1475 2875 graeca,

166 2894 290 2976 latina,
315 2917 410 2982 syra,
434 2894 671 2971 servabantur,
695 2900 862 2983 quantum
886 2894 961 2961 fieri
987 2899 1115 2983 potest,
1137 2894 1339 2962 immutatae
1364 2916 1371 2963 :
1398 2901 1478 2962 sunt

166 3008 280 3068 autem
288 3006 469 3091 praeterea
482 3000 654 3069 versiones
662 3001 862 3088 linguarum
871 3001 1136 3069 vernacularum
1144 3001 1189 3068 ab
1201 3001 1344 3069 ecclesia
1353 3024 1478 3091 appro-

167 3108 283 3189 batae,
302 3130 389 3198 quae
407 3130 525 3175 earum
544 3108 745 3195 linguarum
765 3107 1013 3175 vicissitudines
1028 3114 1217 3196 sequuntur
1231 3115 1265 3174 'et
1279 3109 1478 3196 linguarum

168 3215 413 3282 mutationibus
438 3214 751 3293 accommodantur,
775 3214 944 3282 idiomata
974 3221 1108 3282 mutant
1135 3221 1314 3305 totumque
1346 3215 1475 3283 stilum.

168 3322 325 3389 Mansitne
345 3343 514 3410 sempera
534 3327 641 3409 lloysc
657 3321 702 3387 ad
720 3320 861 3387 Esdram
879 3321 1080 3388 immutatus
1096 3321 1193 3387 stilus
1206 3321 1286 3387 libri
1299 3320 1478 3411 bipartiti?

167 3429 206 3494 ld
224 3435 315 3495 certe
334 3450 408 3494 non
421 3429 555 3515 cogeris
569 3428 753 3494 affirmare.
768 3432 846 3494 Erat
865 3433 937 3494 tum
953 3428 1073 3514 lingua
1088 3427 1239 3495 hebraea
1260 3429 1379 3514 lingua
1400 3451 1478 3495 ver-

169 3536 293 3601 nacula
309 3535 474 3602 lectorum
493 3556 501 3603 t
519 3535 688 3601 mansitne
710 3556 750 3601 ea
768 3533 889 3621 lingua
906 3533 1011 3623 plane
1030 3534 1211 3601 immutata
1229 3539 1298 3600 toto
1314 3533 1375 3599 illo
1391 3540 1478 3600 tem-

169 3643 274 3728 pore?
284 3645 452 3720 Ceterum,
466 3663 535 3707 uon
546 3641 744 3731 quaerimus
755 3640 924 3707 mutarine
938 3641 1113 3729 potuerint
1125 3640 1329 3730 apographa
1339 3641 1454 3709 omnia
1468 3664 1475 3711 :

170 3747 357 3813 manserint
377 3748 559 3815 immutata
580 3748 782 3837 apographa
804 3748 921 3837 plura,
938 3769 978 3813 ca
996 3746 1166 3837 imprimis
1185 3770 1272 3839 quae
1292 3748 1327 3813 in
1349 3748 1477 3837 templo

168 3860 435 3919 asservarentur,
454 3854 536 3932 Sed,
551 3876 635 3921 num
651 3855 696 3921 ab
713 3854 764 3920 his
784 3855 863 3920 solis
878 3860 1034 3920 nostrum
1048 3860 1177 3921 textum
1195 3854 1343 3920 derivari
1358 3855 1477 3921 delen-

168 3960 249 4027 des?
265 3965 368 4027 Erant
386 3982 466 4027 sane
489 3961 696 4050 exemplaria
717 3960 818 4049 plura
840 3983 903 4049 per
927 3960 1028 4027 urbes
1052 3968 1084 4027 et
1106 3983 1215 4049 pagos
1237 3960 1474 4043 disseminata,

167 4090 253 4157 quae
277 4068 451 4135 communi
476 4067 705 4135 aedificationi
730 4067 945 4133 inservirent.
971 4066 1232 4143 dffirmabisne,
1250 4067 1334 4133 haec
1359 4068 1476 4135 omnia

166 4196 300 4240 summa
315 4174 433 4241 critica
447 4174 576 4240 acribia
589 4196 658 4240 csse
675 4181 822 4249 exarata,
837 4181 871 4240 et
885 4196 954 4240 non
970 4174 1081 4262 potius
1094 4174 1130 4239 in
1143 4196 1219 4240 euru
1236 4173 1351 4240 stilum
1367 4196 1475 4263 eaque

167 4281 331 4348 idiomata
346 4304 415 4348 esse
434 4281 620 4361 transfusa,
639 4280 763 4368 quibus
777 4280 821 4345 ab
840 4280 1059 4347 audientibus
1072 4281 1225 4347 intimius
1239 4281 1474 4365 intelligeren-

170 4391 243 4454 tur?
260 4394 361 4454 Erant
376 4395 449 4454 tum
463 4387 621 4453 homines
635 4386 684 4476 pii
700 4386 852 4474 quidem,
868 4388 927 4454 sed
943 4387 1075 4455 critices
1090 4390 1160 4454 lere
1175 4394 1339 4476 expertes.
1361 4386 1473 4453 Critici

169 4502 336 4580 quaerunt
358 4506 502 4575 tortura,
519 4516 621 4584 quem
646 4494 784 4559 student
807 4516 1024 4582 praeservare
1044 4494 1228 4571 intactum
1247 4496 1401 4559 homines
1427 4494 1476 4579 pii

169 4608 337 4686 quaerunt
352 4624 498 4683 cerasum,
517 4623 619 4690 quem
638 4599 762 4666 elarius
777 4602 968 4690 perspicere
981 4603 1130 4689 itemque
1144 4601 1270 4667 clarius
1285 4600 1474 4686 exprimere

169 4705 206 4772 in
226 4707 313 4774 votis
331 4708 472 4775 habent.
