3366 5346
656 326 745 370 nsur.
769 310 842 380 5:28
864 326 929 378 sco.
1390 313 1448 371 335

136 463 209 530 cuti
226 492 255 527 a.
274 462 321 529 Cf.
341 466 453 543 18,17.
475 460 638 526 Enuntiat
658 482 759 549 porro
777 464 862 526 Deus
879 459 1008 527 instans
1023 459 1243 542 desidorium,
1259 466 1296 526 ut
1316 461 1359 527 ab
1380 461 1449 527 illis

136 570 306 648 timeatur,
324 567 419 633 cuius
441 566 572 633 timoris
594 567 722 633 tructus
747 565 789 632 sit
809 565 966 633 custodia
988 568 1243 635 mandatorum.
1264 568 1325 644 Qui
1346 567 1449 633 timor

135 677 169 740 in
186 675 370 764 pentalogo
387 694 465 740 mox
480 672 718 761 explicabitur,
740 678 775 738 ut
796 695 866 739 non
886 674 928 739 sit
947 674 1051 740 timor
1069 674 1286 764 potissimum
1303 673 1446 755 servilis,

134 783 191 870 qui
214 783 304 847 mala
330 780 396 846 sibi
413 803 433 846 a
459 779 562 846 lahvc
581 778 773 865 infligenda
795 780 1024 868 pertimescat,
1042 782 1099 848 sed
1121 782 1224 846 timor
1242 781 1370 864 filialis,
1389 779 1450 870 qui

134 889 203 954 lere
228 909 441 974 synonymus
469 891 519 953 est
547 884 752 953 dilectionis.
771 890 875 962 Quem
904 886 1065 953 timorem
1087 886 1227 954 filialem
1249 888 1353 976 finem
1379 909 1448 953 esse

133 995 392 1074 mandatorum,
416 994 618 1082 pronuntiat
645 999 721 1072 623
750 992 898 1063 eundem
933 993 1131 1060 solemniter
1158 993 1307 1060 inculcat
1336 1000 1446 1073 6,13:

133 1128 149 1162 ε(
171 1106 276 1167 Deum
296 1107 392 1166 tuum
412 1099 507 1179 time,
531 1098 631 1186 eique
655 1098 745 1164 servi
766 1126 796 1179 »,
816 1099 935 1189 utique
950 1100 1025 1180 soli,
1043 1099 1137 1188 quod
1156 1099 1204 1166 ib.
1224 1099 1329 1167 habet
1348 1100 1446 1185 l'ulg.

133 1212 169 1272 ln
194 1229 322 1293 magno
344 1206 512 1272 'mandato
542 1209 659 1286 tta-13
684 1204 776 1271 idem
799 1204 937 1273 affectus
957 1204 995 1272 in
1016 1212 1121 1273 [tcum
1144 1206 1311 1273 lavandus
1334 1204 1447 1296 primo

134 1336 230 1379 versu
257 1313 436 1379 exhibetur
452 1317 489 1377 ut
509 1310 659 1392 dilectio,
678 1318 828 1378 extremo
845 1333 943 1379 versu
964 1318 1001 1378 nt
1022 1312 1126 1379 timor
1145 1334 1157 1377 :
1172 1335 1268 1379 amor
1290 1318 1323 1380 et
1343 1313 1448 1378 timor

134 1421 281 1509 practice
310 1441 417 1485 tinum
446 1424 539 1499 sunt;
565 1424 615 1484 est
643 1439 739 1484 amor
760 1419 992 1485 reverentialis
1018 1425 1052 1485 et
1076 1419 1181 1486 timor
1204 1419 1329 1486 filialis.
1356 1423 1446 1496 Quae

132 1524 397 1592 fundamentalis
415 1523 592 1615 pentalogi
611 1523 691 1590 idea
706 1530 901 1591 constanter
919 1525 1122 1593 inculcatur.

176 1655 208 1697 v.
229 1638 270 1697 *23
288 1630 357 1720 (26)
384 1657 400 1691 «
427 1629 510 1711 Quis
528 1628 596 1716 det,
616 1630 721 1696 talem
736 1652 791 1697 eos
805 1631 927 1697 trabere
944 1645 1105 1715 meatem,
1121 1644 1159 1698 at
1181 1632 1325 1698 timeant
1346 1655 1399 1698 rue
1416 1645 1449 1698 et

132 1737 329 1805 custodiant
352 1736 512 1804 trrrioersa
535 1736 701 1803 trrandata
721 1760 797 1804 tneo
816 1737 854 1804 ia
873 1740 969 1804 orarii
990 1750 1150 1829 tempore,
1170 1751 1208 1805 at
1232 1741 1313 1805 bene
1336 1739 1378 1805 sit
1398 1739 1447 1805 eis

131 1857 164 1910 rt
176 1844 261 1932 filiis
277 1867 395 1910 eoram
413 1845 449 1909 iri
464 1843 731 1933 senpiternam!
746 1872 761 1905 a
779 1846 955 1933 Optativus
972 1845 1054 1925 Quis
1073 1845 1129 1912 det
1150 1857 1212 1912 cte.
1235 1846 1305 1912 fere
1321 1845 1444 1927 innuit,

132 1972 187 2016 cos
202 1951 269 2016 huc
296 1972 403 2039 usque
423 1972 494 2016 non
512 1972 648 2039 semper
666 1960 736 2016 tam
755 1956 871 2016 sancta
896 1951 999 2017 fuisse
1018 1957 1142 2018 mente.
1166 1952 1266 2017 Nulla
1289 1958 1338 2018 est
1359 1953 1445 2018 ratio

132 2056 340 2137 affirmandi,
357 2060 489 2143 Moysen
509 2057 545 2122 h.
567 2056 591 2121 l.
614 2061 723 2122 totum
745 2057 872 2122 reterre
893 2079 1088 2124 sermonem
1113 2079 1121 2125 :
1144 2062 1315 2124 oratorem
1338 2079 1446 2144 agens

131 2183 171 2228 ea
190 2162 314 2249 seligit,
334 2184 422 2252 quae
438 2162 612 2251 proposito
628 2161 791 2228 orationis
806 2168 1013 2249 congruunt.
1032 2168 1103 2230 lma
1118 2184 1230 2253 neque
1245 2186 1380 2231 necesse
1394 2171 1445 2232 est

130 2267 327 2349 defendere,
348 2289 426 2335 eum
442 2268 549 2334 verba
568 2268 671 2335 lahve
692 2269 819 2335 referre
841 2268 1057 2336 verbotenus.
1078 2270 1266 2353 Conclusio,
1287 2292 1389 2359 quam
1405 2293 1445 2337 ex

131 2374 213 2441 actis
231 2374 275 2441 ad
292 2380 444 2440 montem
459 2373 572 2440 Horeb
586 2373 730 2456 derivat,
750 2374 833 2441 haec
849 2382 909 2451 est,
928 2376 1083 2464 aequalis
1097 2376 1307 2443 auctoritatis
1321 2387 1391 2443 esse
1412 2384 1445 2443 et

131 2480 334 2567 decalogum
351 2503 371 2546 a
393 2480 494 2546 lalrve
509 2480 720 2561 immediate,
738 2486 771 2547 et
791 2482 924 2571 reliqua
943 2483 1106 2549 mandata
1123 2484 1259 2549 alalrve
1279 2506 1341 2573 per
1357 2488 1445 2572 Moy-

131 2609 189 2653 sen
216 2587 449 2675 promulgata.
476 2587 606 2653 lnduoit
635 2610 718 2673 ergo
743 2587 869 2653 lahven
893 2590 1127 2655 enuntiantem
1157 2589 1381 2672 desiderium,
1407 2596 1445 2656 ut

132 2693 274 2759 Hebraei
299 2692 456 2763 traicersa
479 2715 540 2759 sua
560 2693 736 2774 mandata,
760 2701 831 2759 tam
858 2692 1056 2761 immediate
1085 2717 1187 2783 quam
1218 2719 1280 2785 per
1311 2702 1444 2783 Moysen

131 2799 235 2883 edita,
261 2798 440 2867 observent
472 2799 567 2865 orrrai
592 2813 753 2888 tempore,
782 2822 865 2886 crgo
890 2802 1070 2890 aequalem
1103 2801 1262 2867 omnibus
1290 2801 1446 2868 tribuant

43 2940 49 2949 ·
131 2906 379 2972 auctoritatem.
399 2904 437 2973 ld
461 2906 647 2972 certissime
671 2906 889 2973 desiderabat
913 2908 1027 2974 lahve.
1052 2930 1085 2973 v.
1108 2914 1150 2975 30
1167 2909 1235 2997 (27)
1255 2934 1271 2968 «
1299 2906 1389 2975 Vade
1414 2921 1447 2975 et

131 3011 186 3078 dic
208 3013 254 3078 eis
269 3034 282 3077 .·
295 3011 519 3078 Reuertirrriai
535 3012 571 3078 ia
592 3013 737 3079 tentoria
752 3025 862 3079 oestro
880 3040 910 3079 ».
928 3036 960 3079 v.
983 3020 1023 3080 31
1044 3014 1112 3102 (38)
1131 3041 1147 3074 «
1167 3016 1215 3080 Ta
1230 3036 1307 3080 aero
1324 3013 1380 3081 iric
1394 3028 1446 3105 sta

130 3141 275 3198 mecam,
290 3131 324 3184 et
337 3117 461 3208 loquar
480 3119 545 3185 tibi
566 3119 684 3186 onmia
704 3121 870 3186 mandata
892 3142 969 3186 area
990 3131 1023 3186 ct
1041 3121 1250 3186 ceremonias
1267 3133 1369 3210 atque
1393 3122 1447 3187 ia-

130 3223 222 3292 dicia
240 3246 253 3290 .·
271 3248 361 3315 qaae
381 3224 518 3292 docebis
533 3248 599 3309 eos,
617 3238 654 3291 ut
674 3226 811 3313 faciant
833 3250 873 3292 ca
897 3226 933 3292 ia
953 3238 1056 3311 terra,
1074 3249 1177 3317 qrcarn
1205 3226 1291 3294 dabo
1314 3228 1385 3295 illis
1409 3252 1447 3295 ra

127 3332 372 3419 possessionem
389 3355 421 3399 n.
440 3331 589 3399 Tandem
601 3356 641 3399 ex
652 3333 750 3399 tactis
761 3332 912 3400 recitatis
923 3333 997 3422 ipsc
1012 3337 1139 3421 Moyses
1156 3334 1296 3400 deducit
1308 3335 1446 3401 conclu-

130 3438 260 3503 sionem
278 3440 382 3505 totius
401 3439 619 3528 praeambuli
634 3447 760 3528 caput:
783 3461 815 3505 v.
834 3446 876 3505 32
893 3441 963 3527 (39)
985 3468 1001 3499 «
1025 3439 1199 3507 Custodite
1219 3440 1325 3528 ipitar
1340 3453 1372 3506 et
1384 3444 1446 3528 fa-

132 3543 210 3626 cite,
230 3567 320 3632 qtcee
338 3545 516 3636 praecepit
536 3547 700 3611 Dorrtinus
720 3549 810 3611 Decea
828 3575 842 3604 a
861 3557 967 3611 cester
984 3573 999 3606 ι(
1018 3546 1131 3629 cobis,·
1146 3568 1214 3611 noa
1229 3545 1445 3613 declinabitis

131 3672 240 3737 aerque
256 3649 304 3714 ad
319 3649 495 3717 deateram
514 3672 623 3741 aeque
640 3651 688 3717 ad
705 3651 928 3729 sinistram»,
949 3651 1042 3740 quod
1061 3674 1098 3718 re
1112 3651 1206 3721 idem
1221 3674 1289 3719 esse
1310 3652 1446 3720 videtur

131 3777 208 3820 cum
232 3762 313 3836 left:
335 3760 407 3823 Non
431 3756 564 3824 addetis
587 3780 648 3824 nec
674 3758 835 3825 auferetis
859 3758 1048 3847 quidquam
1069 3757 1112 3825 de
1132 3758 1312 3825 mandatis.
1332 3759 1446 3845 Pergit

130 3882 232 3950 porro
248 3867 366 3928 orator
378 3861 416 3928 in
430 3861 581 3949 imagine
596 3866 672 3931 ciac
687 3887 719 3931 v.
747 3871 788 3931 33
810 3865 879 3952 (30)
899 3887 907 3929 ε
930 3891 945 3925 «
965 3863 1026 3930 sed
1033 3887 1098 3955 per
1112 3892 1127 3924 n
1146 3888 1280 3931 caraem
1301 3894 1317 3926 «
1339 3866 1442 3951 ciam,

129 3990 234 4057 qaam
256 3968 433 4058 praecepit
457 3970 622 4036 Dominus
649 3974 740 4037 Deus
767 3983 875 4036 cester
906 3998 941 4052 a,
966 3972 1037 4037 sive
1059 3971 1257 4038 immediate
1281 3973 1350 4039 sivc
1372 3993 1446 4039 me-

128 4075 232 4153 diate,
253 4103 269 4135 «
285 4074 515 4160 arribalabitis,
536 4089 573 4143 ut
589 4078 710 4143 ciratis
726 4089 759 4143 et
775 4079 856 4143 bene
871 4076 917 4143 sit
932 4078 1033 4164 cobis,
1050 4091 1081 4144 et
1092 4078 1306 4168 protelentur
1323 4077 1444 4146 diesin

130 4194 219 4249 terra
235 4182 460 4272 possessionis
483 4198 612 4250 cestrae
640 4212 669 4250 ».
694 4194 988 4273 μκκροημερεύσητε,
1011 4197 1049 4251 at
1067 4185 1144 4251 sitis
1165 4185 1333 4274 longaevi,
1351 4185 1445 4253 idem

130 4290 199 4355 sere
221 4295 324 4378 atque
353 4289 490 4371 cicutis,
513 4291 536 4356 i.
560 4314 590 4358 e.
615 4314 636 4357 a
659 4296 877 4378 praematura
901 4298 1010 4358 morte
1035 4293 1228 4359 servemini.
1251 4293 1444 4360 Praemium

131 4395 374 4463 observationis
403 4396 559 4463 orrea-iura
589 4398 831 4464 mandatorum
857 4419 865 4465 :
892 4398 963 4465 vita
985 4399 1091 4485 longa
1120 4400 1164 4488 (v.
1193 4400 1248 4487 33)
1282 4404 1316 4466 et
1342 4399 1443 4464 beata

134 4510 178 4585 tv.
197 4501 266 4589 23).
287 4503 388 4569 {anve
403 4526 436 4569 v.
454 4510 493 4569 31
521 4502 551 4591 (a
568 4509 615 4570 Tu
630 4526 712 4569 vero
726 4503 783 4570 hic
799 4511 851 4570 sta
868 4526 1002 4572 mecum
1021 4505 1052 4595 t)
1070 4505 1222 4594 proxime
1236 4504 1445 4594 loquebatur

133 4606 174 4672 de
189 4608 370 4691 mandatis,
388 4631 475 4698 quac
490 4632 593 4698 porro
608 4609 643 4675 in
660 4616 774 4677 monte
789 4610 882 4677 Sinai
897 4611 1086 4678 traditurus
1100 4618 1192 4679 erat:
1210 4616 1336 4697 Moyscs
1347 4632 1378 4675 v.
1397 4616 1437 4675 33

134 4712 289 4798 legitima
315 4714 468 4783 illatione
496 4715 602 4803 exigit
628 4716 904 4786 observationem
928 4719 1127 4808 quorumvis
1155 4718 1277 4783 lahvac
1302 4714 1443 4782 manda-
