3366 5346
176 422 234 481 262
513 431 624 477 ORATIO
647 433 757 479 HOYSIS
776 434 908 479 SECUNDA
932 434 939 476 :
963 434 1153 479 PARAENESIS.

177 571 307 638 vicibus
324 566 496 635 exaudivit
522 570 610 633 Deus
628 565 918 635 intercedentem?
935 573 1034 637 Recte
1059 569 1268 636 demonstrat
1288 572 1351 635 lr'a.
1383 572 1497 633 Num.

178 683 272 751 1133
295 681 394 756 tear
415 693 484 761 sq.;
506 679 1190 764 tt,1:3sqq.;21,7sqq..m0netquc1)r.‚
1207 698 1285 742 cnm
1295 680 1424 763 Moyses
1438 672 1500 739 in-

175 790 289 869 tegros
310 787 352 847 tt)
369 802 477 848 annos
496 781 597 845 unico
622 780 726 846 veluti
748 781 871 849 obtutu
893 782 1149 870 complectatur,
1176 783 1262 848 nihil
1287 804 1373 871 opus
1402 802 1496 863 esse,

177 896 213 956 nt
235 888 321 955 aliae
352 887 436 953 eires
462 886 667 961 iudicentur,
692 910 780 975 quae
802 894 857 955 Ex.
886 894 927 953 32
948 889 1077 977 priores
1103 894 1257 978 tempore
1283 887 1495 969 exstiterint,

176 1018 272 1084 posse
293 995 398 1060 verba
420 1016 527 1080 aeque
549 992 668 1059 referri
692 994 735 1059 ad
759 1017 815 1075 ca,
838 1017 927 1084 (quae
953 1000 1107 1084 tempore
1131 995 1271 1084 quidem
1298 994 1499 1084 posteriore

176 1109 253 1168 aeto
270 1101 352 1177 sint,
374 1099 431 1165 sed
452 1099 496 1164 ab
518 1100 661 1165 oratoris
687 1106 801 1167 mente
828 1100 948 1168 eodem
972 1102 1095 1169 obtutu
1115 1101 1383 1192 conspiciantur.
1408 1106 1496 1167 Per-

176 1230 293 1297 peram
314 1205 430 1274 Dillm.
457 1206 546 1271 facta
568 1205 684 1295 aliqua
706 1207 824 1296 priora
848 1207 1058 1274 demonstrat
1082 1227 1089 1274 :
1118 1212 1173 1274 En.
1200 1213 1414 1291 15,25;17,t
1437 1229 1494 1297 sq.

176 1318 249 1379 Non
267 1313 362 1381 fuere
380 1334 440 1378 eae
457 1311 724 1389 intercessiones,
738 1312 797 1379 sed
817 1335 931 1381 merae
947 1313 1217 1403 impetrationes,

221 1420 285 1487 Sed
301 1419 506 1486 eonferenda
523 1423 573 1485 est
592 1418 764 1508 expressio
785 1420 890 1486 etima
913 1420 975 1486 boc
998 1420 1067 1486 ricc
1091 1426 1171 1501 ata
1193 1443 1271 1487 cum
1289 1419 1409 1487 eadem
1437 1443 1497 1486 ex-

178 1526 350 1616 pressione
377 1534 487 1609 tuto.
506 1531 557 1592 Sc.
576 1527 727 1593 narratio
748 1534 945 1608 9,18-1o‚11
968 1534 1037 1593 tres
1059 1527 1320 1594 intercessiones
1341 1532 1400 1593 ant
1422 1532 1497 1594 tres

177 1632 428 1700 intercessionis
447 1633 576 1698 tructus
596 1631 788 1719 distinguit.
806 1634 995 1700 Intercessit
1013 1640 1136 1721 Moyses
1156 1641 1236 1711 9,18
1254 1657 1321 1722 sq„
1339 1656 1381 1700 ne
1402 1632 1497 1699 dele-

178 1752 228 1805 ret
248 1740 349 1805 labro
370 1740 547 1828 populum,
567 1745 599 1805 et
614 1740 786 1805 exaudivit
806 1763 882 1806 enni
907 1741 1006 1807 labve
1025 1741 1129 1807 ariam
1146 1739 1209 1806 leco
1227 1740 1312 1819 eurr,
1332 1740 1380 1805 uti
1396 1740 1496 1829 prius

179 1846 381 1934 aliquando;
403 1845 590 1912 intercessit
611 1851 736 1933 ‚ttoyses
759 1846 908 1913 seeundo
928 1854 1079 1930 9,·.).5-·29,
1096 1847 1199 1914 labro
1223 1848 1257 1912 in
1288 1846 1495 1913 memoriam

180 1975 343 2019 revocans
360 1950 494 2039 foedas,
516 1958 549 2018 et
568 1952 718 2019 obtinuit
740 1954 877 2020 olahve
902 1960 977 2033 to,1
1000 1976 1074 2043 sqq.
1090 1954 1238 2020 foederis
1264 1953 1411 2019 restituti
1431 1952 1497 2018 do-

179 2064 376 2126 cumentum
399 2058 532 2124 tabulas
551 2059 585 2124 in
605 2080 684 2125 area
706 2059 942 2141 asservandum
959 2060 1148 2127 intercessit
1167 2066 1290 2146 Moyses
1312 2059 1411 2125 tertio
1437 2066 1493 2141 10,

182 2173 234 2245 10,
258 2171 291 2231 et
310 2165 459 2230 obtinuit
483 2165 693 2246 mandatum,
713 2172 750 2230 ut
770 2188 847 2233 cum
873 2167 999 2233 tabulis
1019 2173 1051 2233 et
1070 2190 1160 2247 arca,
1179 2187 1262 2252 ergo
1287 2188 1364 2232 cum
1390 2167 1496 2232 tahvc

181 2272 217 2338 in
232 2271 424 2339 sanctuario
438 2271 627 2353 habitante,
647 2282 771 2338 terram
785 2273 989 2361 promissam
1007 2280 1136 2363 peteret
1151 2279 1185 2339 et
1199 2272 1386 2359 subigeret.
1404 2278 1496 2349 Quae

183 2378 798 2466 tresintercessionescorrespondent
810 2379 1064 2467 quodammodo
1075 2381 1183 2445 trinae
1195 2379 1497 2469 itoysissupplieei-

182 2482 268 2547 tioui
285 2489 341 2548 Ex.
364 2489 478 2562 :tn-au
501 2506 570 2570 (qua
592 2484 741 2571 primum
759 2484 907 2550 obtinuit
926 2490 1061 2572 ‚ttoyses
1080 2508 1121 2552 ne
1143 2485 1315 2553 deleretur·
1333 2485 1494 2575 populuS,

184 2593 241 2654 Ex.
260 2595 361 2670 32,st
378 2608 384 2654 :
404 2618 419 2649 a
436 2589 659 2677 Placatusque
674 2596 724 2656 est
737 2592 907 2672 Dominus,
925 2614 968 2658 ne
988 2593 1115 2658 taceret
1131 2591 1272 2671 malam,
1291 2592 1382 2681 quod
1396 2592 1497 2659 locu·

182 2702 236 2763 tus
255 2697 366 2761 iuerat
386 2693 548 2762 adversus
569 2697 733 2785 populum
757 2719 855 2764 suum
870 2721 906 2777 »3
924 2698 1074 2766 secundo
1098 2698 1306 2787 impetravit,
1321 2705 1356 2764 ut
1382 2722 1497 2788 popu-

183 2804 265 2885 tum,
283 2825 354 2869 non
374 2804 476 2869 labve
493 2802 552 2869 sed
569 2804 692 2889 angelo
708 2803 861 2886 ductore,
877 2803 1061 2871 deduceret
1075 2805 1112 2870 in
1127 2812 1255 2871 terram
1276 2806 1495 2894 promissam,

183 2915 238 2976 Er.
257 2916 333 2991 33,1
353 2932 428 2999 sqq.
448 2933 455 2978 :
476 2938 491 2969 a
510 2910 639 2978 Vade...
667 2912 845 2977 nonenim
868 2912 1051 2978 ascendam
1074 2920 1186 2979 tecum
1206 2933 1240 2983 »2
1259 2912 1359 2978 tertio
1383 2911 1498 3000 impe·

181 3016 284 3083 travit
302 3022 352 3087 ut.
375 3017 476 3104 plcnc
492 3020 646 3084 restituto
667 3040 729 3106 por
747 3018 913 3084 secundas
934 3018 1066 3083 tabulas
1082 3017 1233 3099 foedere,
1251 3018 1350 3084 lahve
1365 3018 1439 3107 ipsc
1458 3017 1497 3084 in

183 3123 297 3187 medio
317 3124 435 3211 populi
455 3124 640 3202 incederet,
667 3128 768 3202 33,1t
792 3145 798 3189 ε
825 3154 838 3183 a
864 3125 977 3189 Facies
1003 3146 1078 3188 mea
1105 3152 1134 3203 »,
1154 3146 1300 3211 persona
1319 3147 1406 3201 mea,
1428 3144 1497 3209 ego

181 3229 265 3314 ipse,
285 3255 300 3286 a
329 3229 511 3315 praecedet
534 3238 565 3293 tc
591 3256 620 3293 ».
647 3228 711 3293 Sed
736 3228 1016 3295 intercessionum
1038 3232 1169 3295 fruetus
1188 3232 1385 3297 referantur
1410 3230 1446 3295 b.
1469 3229 1495 3297 l.

183 3333 303 3399 ordine
319 3356 387 3398 nou
407 3334 569 3399 historico
583 3333 641 3399 scd
660 3334 829 3399 rhetorico
848 3357 855 3402 :
873 3336 973 3401 tertio
989 3336 1064 3401 loco
1085 3342 1279 3403 recensetur
1294 3336 1333 3418 is,
1357 3337 1416 3425 qui
1436 3342 1494 3404 Ex.

184 3445 259 3521 33,1
273 3462 348 3529 sqq.
361 3441 548 3506 secundum
562 3439 673 3506 locum
682 3440 826 3507 obtinet.
843 3446 895 3507 Sc.
914 3440 1059 3508 oratoris
1073 3450 1316 3528 argumentum
1330 3443 1394 3508 hoc
1408 3450 1494 3523 erat,

183 3568 224 3612 nc
247 3545 392 3613 Hebraei
418 3552 509 3613 terra
527 3547 695 3636 promissa
718 3545 819 3636 potiti
842 3553 898 3624 tide
919 3570 998 3613 suae
1020 3549 1168 3614 iustitiae
1190 3549 1382 3615 tribuerent
1400 3571 1498 3636 pros-

183 3653 381 3743 peritatem,
398 3676 465 3743 qua
495 3654 542 3720 ib.
572 3653 707 3721 fruituri
737 3660 847 3721 essent
874 3677 881 3722 :
910 3678 993 3741 ergo
1020 3660 1132 3721 terrae
1151 3656 1339 3744 promissae
1365 3677 1496 3745 posses-

182 3761 309 3826 sionem
331 3761 373 3825 ad
405 3762 506 3827 tinem
538 3762 721 3851 pericopae
750 3767 924 3849 10‚10sq.
953 3761 1094 3847 relegat.
1111 3762 1243 3828 Primae
1268 3785 1349 3828 vero
1374 3768 1407 3828 et
1425 3768 1497 3828 ter-

182 3865 249 3931 tiae
273 3867 507 3932 intercessioni
528 3868 689 3933 adscribit
712 3867 828 3947 verha,
850 3888 885 3932 sc
902 3867 1098 3934 exauditum
1120 3891 1190 3935 esse
1211 3868 1313 3935 etiem
1331 3870 1395 3935 leue
1413 3870 1495 3934 rice.

225 3995 257 4038 v.
279 3978 320 4039 20
336 3999 351 4031 α
367 3971 553 4038 Adversum
568 3976 684 4039 :toron
700 3996 834 4063 petoque
849 3971 1058 4039 relicerenter
1073 3974 1192 4060 iratus,
1207 3976 1312 4041 coluit
1322 3998 1398 4040 erem
1416 3997 1498 4040 raire-

185 4091 300 4159 terere,
317 4091 349 4145 et
368 4101 431 4168 pro
447 4079 507 4145 illo
529 4079 689 4145 similiter
705 4079 906 4168 (inprecatus
923 4103 999 4147 sum
1019 4109 1033 4142 n
1053 4080 1113 4146 illo
1137 4096 1297 4171 corripere.
1319 4081 1424 4149 Huius
1447 4081 1497 4146 rei

183 4186 218 4251 in
246 4186 356 4251 Exodo
387 4210 457 4253 non
481 4186 627 4252 babetur
652 4185 792 4252 mentio.
816 4210 847 4251 v.
868 4193 904 4251 et
933 4214 947 4243 ιτ
976 4191 1159 4255 Peccatum
1186 4204 1301 4255 aretem
1331 4198 1494 4271 oestrum,

185 4293 280 4381 quod
295 4293 471 4379 feceratis,
495 4292 528 4381 Ιὶ.
552 4295 597 4377 a]
620 4292 776 4375 ciroleon,
794 4293 965 4382 arripiens
982 4294 1059 4383 ique
1076 4295 1244 4361 corubussi
1263 4309 1306 4373 et,
1334 4295 1369 4361 iu.
1383 4296 1498 4381 frusta

184 4399 416 4464 corrora'nueus
436 4399 642 4488 onerrinoquc
662 4399 699 4464 in
715 4400 893 4489 pulverem
908 4401 1076 4490 rectiqrns,
1092 4402 1225 4490 proieci
1244 4403 1277 4467 r'u
1300 4413 1494 4479 torrentem,

185 4504 247 4593 qui
264 4504 305 4569 de
324 4519 437 4571 nrorrte
454 4504 627 4572 descendit
641 4534 670 4573 u.
692 4508 739 4572 Cs.
761 4511 816 4573 Ex.
843 4514 956 4589 3230.
974 4512 1076 4574 Hebe.
1095 4531 1107 4573 .·
1123 4521 1154 4575 et
1170 4508 1310 4575 conteuti
1323 4518 1497 4573 conterens

185 4615 276 4697 bene,
303 4634 408 4701 usque
434 4612 516 4678 darm
537 4613 708 4680 viduatum
733 4626 816 4681 esset
845 4615 934 4681 sicut
958 4615 1086 4704 paleis.
1114 4616 1218 4683 Sicuti
1256 4620 1422 4695 roano,
1449 4613 1497 4679 ita

185 4742 295 4808 neque
315 4718 370 4785 bic
387 4725 502 4786 orator
521 4742 628 4809 usque
648 4720 813 4787 adhaeret
829 4721 941 4787 ordini
964 4721 1221 4801 chronologico.
1239 4726 1380 4788 Narrate
1398 4718 1497 4785 rituli

186 4827 280 4893 aurci
301 4826 550 4916 superstitione,
572 4828 676 4894 refert
694 4830 845 4917 primum
869 4851 901 4894 v.
930 4833 1030 4893 18-20
1054 4825 1189 4894 dierum
1216 4835 1257 4895 tt)
1281 4825 1497 4895 intercessio-
