3366 5346
179 273 236 332 188
657 286 767 330 enarro
789 285 896 331 uovsrs
918 284 1019 330 rarus.

178 424 214 493 h.
232 425 256 490 1.
275 420 598 511 emungendorum,
616 441 694 485 eum
715 422 837 506 Moyses
852 441 923 484 non
944 423 1103 484 teneatur
1120 417 1164 483 ad
1186 415 1329 482 verbum
1347 414 1499 482 recitare

176 552 233 610 ea,
249 551 336 617 quae
352 533 431 594 ante
445 534 487 592 37
503 548 612 593 annos
626 526 757 593 diverat
768 524 840 613 ipse
856 523 911 590 vel
924 528 1021 590 Deus.
1039 527 1109 591 Non
1129 522 1284 589 meminit
1297 527 1422 609 Moyses
1436 520 1499 587 hic

180 637 279 721 (bene
304 657 384 700 vero
399 640 468 717 2,7.
487 635 540 722 1-1)
561 630 609 705 io
632 654 801 699 acinorum
818 635 916 697 Num.
943 637 1055 711 1133,
1073 653 1141 719 quo
1163 629 1234 720 ipse
1256 629 1393 694 divinae
1414 649 1499 694 con-

178 740 405 808 demnationis
424 745 533 808 textus
555 741 590 806 h.
611 739 634 806 l.
658 737 912 829 quodammodo
935 736 1176 823 mitigatur-
1194 759 1227 802 v.
1251 742 1293 802 36
1321 765 1336 795 «
1357 747 1500 824 praeter

183 847 283 917 Celeb
299 846 415 935 filium
437 846 584 937 leplroae
603 868 616 911 .·
642 846 713 936 ipse
740 845 830 912 enim
855 842 984 910 ridebit
1003 865 1090 925 errat,
1112 856 1145 909 et
1172 841 1239 932 ipsi
1257 841 1344 907 dabo
1369 855 1499 908 terram

179 977 282 1044 quam
296 953 442 1020 calcarit
458 983 488 1033 »,
501 958 584 1042 puta
597 957 743 1020 tractum
759 974 866 1042 prope
881 951 1092 1032 Habronem,
1109 977 1124 1010 α
1139 963 1172 1018 et
1179 949 1263 1039 filiis
1277 948 1362 1024 eires,
1379 949 1464 1038 qrrie
1481 977 1497 1008 a

174 1065 324 1151 perfecte
343 1088 359 1122 a
381 1072 514 1128 secutus
534 1073 582 1126 est
606 1058 787 1125 Mancinum
809 1087 839 1124 ».
862 1058 909 1124 ei.
935 1063 1032 1125 Num.
1057 1062 1156 1139 1!le
1179 1077 1186 1124 :
1210 1056 1259 1122 uti
1276 1056 1325 1122 ibi
1344 1055 1392 1122 ita
1413 1056 1448 1121 h.
1471 1057 1497 1124 l.

177 1168 358 1255 ignoratur
372 1174 484 1253 losne,
500 1168 560 1256 qui
581 1166 764 1254 utrobique
789 1188 821 1232 v.
844 1171 886 1231 38
904 1169 1207 1245 commemoratum
1225 1163 1268 1229 cl.
1292 1184 1379 1252 quae
1400 1162 1499 1230 dice-

178 1273 300 1342 bamus
314 1278 363 1341 CN
378 1298 413 1365 p.
439 1281 512 1341 116.
530 1278 601 1340 Una
617 1273 704 1340 ratio
720 1271 952 1361 praetermissi
969 1277 1065 1338 losue
1080 1271 1191 1360 potuit
1203 1291 1274 1336 esse
1288 1270 1388 1346 haee,
1404 1277 1500 1336 utro-

178 1379 284 1470 bique
306 1381 554 1448 haereditatem
589 1378 744 1469 promitti
770 1377 917 1468 posteris
944 1377 1064 1458 Caleb,
1096 1383 1248 1466 posteros
1281 1399 1360 1442 vero
1399 1380 1500 1444 losue

177 1487 304 1554 nullibi
327 1488 508 1553 recenseri.
536 1487 649 1553 Altera
677 1493 854 1575 praeterea
878 1485 913 1552 h.
939 1485 962 1550 1.
989 1482 1261 1573 deprehenditur
1296 1483 1414 1550 ratio:
1445 1507 1496 1551 sc.

177 1592 264 1660 sicut
283 1593 384 1659 Caleb
400 1600 526 1660 terram
548 1593 766 1679 ingressurus
792 1598 841 1657 est
860 1597 1036 1681 tamquam
1062 1613 1150 1657 unus
1165 1596 1334 1680 superstes
1349 1612 1498 1676 gencra-

179 1699 281 1765 tionis
304 1721 497 1789 perversae,
524 1698 573 1765 ita
597 1704 692 1765 losue
714 1699 931 1784 ingressurus
955 1703 1005 1764 est
1030 1703 1206 1786 tamquam
1238 1697 1349 1763 locum
1377 1702 1499 1763 tenens

177 1805 297 1892 Moysis
317 1804 493 1894 quondam
513 1803 729 1872 excludendi.
744 1809 890 1894 Uterque
909 1804 1058 1895 perfecte
1077 1808 1210 1870 secutus
1230 1808 1280 1869 est
1298 1804 1496 1878 Dominum,

177 1911 281 1978 tidem
309 1911 477 1992 servavit,
502 1912 655 1978 sednon
683 1916 828 2000 uterque
857 1910 978 1978 eodem
1002 1909 1103 1977 titulo
1129 1909 1331 1976 admittetur
1357 1931 1364 1978 :
1391 1908 1499 1976 Caleb

177 2040 357 2109 personam
379 2024 459 2104 aget
480 2017 730 2104 generationis,
745 2039 835 2107 quae
862 2039 881 2083 a
902 2017 1036 2084 deserto
1053 2015 1214 2105 absorpta
1240 2022 1306 2089 est:
1325 2021 1421 2083 losue
1443 2032 1498 2082 re·

177 2131 333 2193 servatur
351 2125 607 2191 substituendus
621 2124 657 2191 iu
674 2125 790 2190 locum
805 2123 940 2211 Moysis,
959 2122 1057 2191 ouius
1075 2127 1250 2211 peccatum
1272 2120 1498 2211 praevidebat

180 2237 275 2297 Meus.

223 2337 390 2402 Iustitiam
412 2359 514 2423 porro
537 2335 725 2402 sententiae
751 2359 782 2402 v.
801 2343 842 2403 35
866 2358 918 2424 sq.
936 2334 1176 2424 pronuntiatae
1200 2335 1348 2402 illustrat
1369 2339 1498 2422 Moyses

179 2442 335 2530 exemplo
363 2444 551 2508 sententiae
574 2442 610 2508 in
635 2464 669 2509 se
698 2443 808 2531 ipsum
833 2441 1018 2530 aliquando
1042 2442 1131 2508 latae
1157 2461 1164 2508 :
1191 2441 1392 2508 affinitatem
1413 2463 1496 2508 vero

176 2548 316 2617 illarum
334 2549 481 2617 duarum
500 2549 747 2616 sententiarum
768 2549 864 2615 etlert
883 2571 915 2614 v.
938 2556 980 2614 37
1003 2547 1132 2637 duplici
1154 2564 1209 2618 ni,
1232 2548 1324 2636 quod
1341 2570 1409 2614 non
1429 2548 1496 2614 ha-

178 2654 278 2722 betur
301 2661 398 2723 Num.
427 2663 537 2736 20,l·2.
565 2679 597 2723 v.
625 2662 667 2722 37
695 2685 710 2718 «
737 2658 817 2744 [Nec
839 2655 998 2722 miranda
1023 2653 1218 2745 indipnotr'o
1245 2655 1281 2720 iri.
1303 2654 1494 2743 populum,

177 2764 264 2851 curri]
286 2792 301 2823 ι)
321 2802 364 2814 -
384 2763 449 2831 hoc
467 2762 586 2830 addito
608 2762 707 2853 Vrelq.
730 2764 925 2848 argumenti
948 2762 1016 2828 vim
1042 2762 1187 2829 feliciter
1202 2761 1316 2845 effert,
1339 2769 1389 2828 est
1402 2761 1494 2829 enim

176 2877 418 2956 argumentum
433 2893 454 2935 a
476 2870 607 2935 fortiori
630 2892 637 2937 :
660 2870 715 2936 vel
737 2869 840 2943 mibi,
856 2870 914 2957 qui
932 2869 1028 2933 vobis
1043 2873 1134 2934 certe
1150 2869 1257 2934 exstiti
1275 2868 1378 2954 longe
1395 2869 1494 2934 inno-

177 2976 320 3052 centior,
348 2981 488 3063 propter
502 2998 559 3040 vos
574 2974 720 3040 similem
737 2973 859 3040 indixit
872 2974 974 3039 lahve
988 2975 1203 3055 sententiam,
1222 2979 1316 3041 losue
1329 2975 1364 3041 in
1379 2996 1494 3043 meum

177 3080 291 3146 locum
305 3080 505 3158 substituto,
524 3083 571 3146 uti
591 3079 693 3172 Caleb
712 3079 920 3145 subintravit
941 3081 977 3146 in
1000 3080 1113 3145 locum
1135 3086 1272 3170 patrum
1289 3088 1492 3149 vestrorum.

180 3186 325 3252 Adverte
344 3186 534 3275 perlectum
550 3185 820 3276 parallelismum
836 3187 924 3251 inter
942 3209 973 3251 v.
993 3192 1034 3253 35
1050 3194 1083 3252 et
1098 3194 1152 3267 37,
1175 3211 1207 3254 v.
1224 3195 1264 3253 36
1280 3197 1313 3255 et
1328 3194 1382 3255 38.
1404 3192 1496 3254 Unus

179 3299 294 3360 orator
318 3293 380 3359 hoo
398 3298 506 3360 totum
527 3315 557 3359 v.
578 3299 678 3360 35-38
694 3299 937 3379 argumentum
959 3295 1192 3360 contexuit-
1211 3325 1226 3354 (ι
1253 3293 1339 3373 aiibi
1359 3317 1495 3384 quoqne

179 3399 287 3466 iratas
302 3399 467 3467 Dentibus·
476 3413 619 3491 propter
634 3423 689 3465 ros
710 3398 862 3465 dicerit:
884 3402 1006 3466 Necte
1025 3399 1229 3487 inpredr'err‘s
1251 3400 1332 3468 illue
1351 3424 1383 3481 »3
1402 3423 1433 3466 v.
1449 3406 1493 3466 38

180 3535 196 3567 «
212 3506 272 3573 sed
283 3509 380 3574 Iosue
389 3507 486 3595 filias
506 3510 598 3589 Nun,
615 3506 770 3576 ricinister
791 3519 879 3583 triers,
905 3506 976 3594 ipse
997 3505 1140 3577 introbit
1163 3530 1228 3596 pro
1251 3521 1301 3589 te,
1316 3509 1406 3574 hierio
1424 3508 1493 3593 lea-

78 3666 82 3672 .
177 3614 313 3679 bor-iere
329 3616 372 3700 ei]-
390 3618 523 3693 robore,
544 3627 576 3680 et
591 3615 662 3704 ipse
682 3626 771 3679 sorve
788 3626 914 3679 terrem
929 3612 1060 3678 (lividet
1073 3614 1195 3680 israeli
1216 3643 1244 3682 ».
1263 3615 1352 3680 Nilril
1367 3615 1409 3680 de
1430 3617 1493 3681 lroc

178 3724 277 3786 Num.
298 3726 351 3798 20,
367 3720 426 3785 sed
442 3727 575 3786 tantum
593 3728 692 3802 31,17
714 3721 771 3809 (ol.
794 3727 896 3801 27,18
917 3721 1008 3810 sqq.)
1028 3742 1034 3786 :
1058 3743 1104 3788 sc.
1128 3726 1264 3808 Moyses,
1287 3745 1374 3812 quae
1391 3721 1495 3787 variis

177 3827 389 3916 temporibus
405 3825 508 3892 edixit
522 3832 622 3908 Meus,
642 3828 678 3893 in
693 3850 801 3895 nnnm
818 3834 1060 3913 argumentum
1076 3827 1220 3914 colligit.

213 4065 293 4123 Quod
306 4067 481 4128 persentiens
496 4064 580 4127 Vulg.
598 4067 744 4114 transitum
760 4080 776 4114 a
790 4079 815 4114 v.
834 4066 866 4114 311
880 4066 913 4114 ad
929 4067 971 4118 37.
989 4066 1156 4130 quibusdam
1172 4066 1273 4115 aeduis
1295 4067 1397 4116 verbis.
1415 4080 1493 4116 com-

177 4154 292 4216 planare
315 4160 414 4204 conaia
438 4159 489 4204 est.
512 4151 711 4203 Difficuliatem
733 4162 847 4203 movent
871 4161 968 4204 contra
989 4169 1015 4204 v.
1040 4155 1072 4204 oi
1098 4169 1140 4218 sq.
1169 4155 1312 4206 ,tdhaeret
1336 4168 1431 4205 secus.
1448 4159 1494 4204 in-

178 4243 286 4305 quiunt,
304 4255 396 4292 sermo
411 4243 499 4291 ordini
513 4243 712 4305 chronologico
727 4245 887 4295 eventuum
909 4245 955 4293 bic
970 4245 1015 4294 ilie
1032 4249 1080 4293 aut
1101 4244 1240 4294 deseritur
1259 4251 1307 4293 ant
1327 4245 1431 4306 Moysis
1446 4258 1491 4295 re-

180 4330 305 4393 pudiatio
326 4331 472 4380 exhibetur
489 4338 518 4380 ut
540 4331 647 4394 aliquid
665 4332 873 4394 exploratorum
893 4332 1042 4383 rebellioni
1067 4335 1163 4383 intime
1181 4347 1349 4387 connexum.
1365 4340 1491 4397 tempore

180 4423 240 4470 eius
251 4419 411 4469 rebellionis
425 4420 564 4470 ellectum.
580 4421 729 4470 Praeterea
739 4421 848 4483 Moyses
862 4422 1022 4484 repudiatus
1036 4422 1136 4472 dieitur
1145 4430 1255 4487 propter
1268 4438 1319 4479 ror,
1337 4426 1354 4472 i.
1371 4438 1395 4474 e.
1411 4437 1491 4487 prop·

180 4517 222 4560 ter
238 4501 381 4571 peecatum
397 4510 492 4573 populi
508 4509 591 4559 Num.
613 4509 642 4559 13
658 4522 712 4572 sq..
729 4510 794 4559 dum
810 4511 892 4560 Num.
908 4512 941 4560 ‘20
957 4511 1120 4574 repudiatus
1135 4513 1281 4562 exhibetur
1299 4518 1412 4575 propter
1425 4527 1491 4575 pec.-

181 4606 272 4648 rntum
295 4612 376 4648 suum
398 4599 432 4648 acl
455 4601 549 4662 Aqrrus
569 4598 804 4648 Contradirtionis
818 4602 1008 4650 commissum.
1027 4601 1119 4658 Quare
1138 4601 1225 4650 Millm.
1244 4615 1268 4649 v.
1290 4601 1321 4651 ei
1336 4616 1378 4665 sq.
1396 4607 1491 4652 censet

179 4702 242 4738 esse
260 4691 382 4751 glossam
398 4688 549 4739 reductoris
564 4687 720 4746 cnirrsrlam;
739 4694 785 4737 Dr.
803 4691 930 4751 suggerit
946 4689 1069 4753 Moysen,
1087 4690 1152 4739 lieet
1167 4691 1301 4740 innocens
1316 4689 1407 4748 inerit,
1425 4705 1490 4742 sen-
