3366 5346
258 269 317 326 191
711 281 940 326 coanacrnrnun
960 281 1118 326 sanantis.

258 417 380 484 rebant
405 416 519 504 plures
540 438 623 504 prae
647 415 699 498 iis,
718 438 804 504 quae
827 415 1014 505 prophetae
1035 416 1240 504 posteriores
1260 416 1450 501 exigerent3
1468 441 1578 507 qnae-

258 546 392 612 cunque
414 522 567 589 iudicum
591 545 674 588 aevo
693 523 788 588 licita
811 522 966 602 luissent,
989 544 1029 588 ea
1053 521 1117 587 sibi
1137 522 1240 587 etiam
1264 521 1356 588 licita
1380 545 1452 590 esse
1473 530 1577 592 autu-

256 631 407 697 mabant.
435 628 610 714 Urgebant
645 629 830 717 prophetae
866 628 964 693 unico
997 629 1069 694 loco
1110 628 1238 694 lahven
1273 650 1345 693 esse
1387 629 1575 698 colendum

257 735 431 804 sacriticiis
453 756 459 803 :
481 735 533 800 illi
557 757 632 800 cum
658 735 815 800 Samuele
840 733 876 800 in
897 734 1034 801 excelsis
1054 734 1211 800 victimas
1230 734 1470 817 immolabant,
1488 739 1577 805 alta-

258 844 348 909 rium
368 842 579 930 privatorum
595 840 877 907 exstruendorum
898 845 993 907 Dent.
1014 846 1111 922 tam
1132 840 1200 907 sibi
1214 863 1410 907 concessam
1426 864 1496 910 esse
1515 866 1577 910 ve·

256 950 349 1014 niam
372 948 556 1014 iactabant.
579 947 802 1015 ilonebantur
825 947 977 1014 decimas
996 946 1133 1036 aliaque
1148 947 1299 1036 pendere
1323 949 1572 1031 sacerdotibus,

254 1055 313 1120 sed
334 1055 533 1120 collectanei
553 1059 662 1121 textus
681 1054 971 1143 praetendebant,
996 1055 1121 1142 quihus
1145 1053 1429 1142 permitterentur
1453 1057 1574 1122 eadem

255 1161 320 1249 ipsi
347 1161 451 1227 sacris
474 1161 583 1249 epulis
606 1162 797 1227 absumere.
821 1166 924 1227 Erant
942 1161 1107 1250 protecto,
1130 1183 1218 1249 quae
1243 1183 1363 1227 corum
1390 1162 1573 1228 hominum

255 1267 390 1356 culpam
413 1272 641 1333 attenuarent.
669 1267 808 1356 lrrepsit
831 1273 947 1333 tamen
972 1266 1069 1332 brevi
1092 1267 1201 1332 cultus
1228 1268 1330 1333 lahve
1354 1268 1575 1335 omnimodus

255 1373 446 1457 neglectus
473 1374 687 1461 superstitio,
711 1373 919 1440 idololatria.
949 1374 1107 1440 llomines
1135 1372 1281 1439 vicissim
1308 1372 1357 1462 pii
1386 1379 1420 1441 et
1447 1379 1574 1440 statuta

257 1484 333 1545 Les.
353 1485 454 1545 Num.
472 1486 505 1544 et
524 1479 724 1546 collectanei
737 1485 862 1546 statuta
881 1480 983 1545 simul
999 1480 1180 1560 observare
1197 1478 1403 1570 quandoque
1416 1479 1576 1546 niteban-

255 1592 323 1651 tur.
347 1585 544 1651 Pendebant
560 1585 645 1651 duas
667 1587 852 1675 quotannis
871 1585 1033 1666 decimas,
1050 1591 1082 1652 et
1104 1586 1204 1651 tertio
1232 1609 1370 1675 quoque
1394 1609 1485 1652 anno
1504 1593 1576 1652 ter-

255 1691 350 1759 tiam.
369 1691 667 1758 Permiscebantur
682 1692 809 1775 omnia,
829 1693 911 1758 dum
930 1693 1040 1781 aliqui
1058 1692 1254 1759 libertatem
1269 1692 1415 1759 nimium
1432 1694 1576 1758 restrin-

256 1803 392 1886 gerent,
408 1798 467 1863 alii
489 1804 660 1864 verterent
683 1799 719 1864 iu
739 1799 924 1866 licentiam.
942 1799 1042 1866 Redit
1065 1799 1121 1865 bic
1143 1797 1246 1881 illud,
1269 1798 1360 1888 quod
1383 1798 1417 1863 iu
1440 1798 1572 1864 lntrod.

256 1928 290 1994 p.
316 1911 377 1970 103
397 1927 472 1992 sqq.
492 1906 726 1972 monebamus.
744 1911 828 1972 Data
843 1910 892 1972 est
907 1905 1067 1971 Hebraeis
1086 1907 1201 1985 thora,
1217 1909 1255 1972 ut
1270 1926 1326 1972 eos
1341 1904 1385 1970 ad
1400 1904 1574 1970 Christum

257 2011 460 2100 perduceret
479 2034 486 2079 :
505 2033 582 2076 cum
605 2033 675 2077 non
699 2012 958 2101 permitteretur
974 2012 1144 2078 deducere
1166 2011 1332 2093 volentes,
1351 2009 1490 2078 deduxit
1514 2032 1576 2075 no-

258 2117 378 2182 lentes.
397 2117 544 2203 Legibus
563 2118 710 2184 duarum
729 2118 965 2206 periodorum,
985 2117 1112 2207 oppido
1137 2117 1353 2183 diversarum
1370 2116 1460 2182 inter
1474 2138 1520 2196 se,
1538 2118 1576 2181 in

259 2245 367 2288 unum
396 2227 601 2311 apparatum
630 2225 772 2307 coactis,
794 2224 975 2290 deficiente
1004 2224 1222 2313 postmodum
1250 2224 1393 2312 insuper
1417 2221 1576 2308 legitimo

259 2329 550 2418 interpretationis
574 2330 713 2396 oraculo
740 2352 802 2418 pcr
828 2331 1012 2419 prophetas
1038 2338 1070 2397 et
1096 2353 1158 2420 per
1188 2331 1279 2397 Urim
1308 2335 1341 2396 et
1366 2328 1576 2410 Thummim,

260 2437 366 2502 evasit
393 2436 493 2502 thora
519 2459 603 2502 onus
627 2428 860 2518 intolerabile,
882 2459 1124 2527 summumque
1152 2435 1309 2503 excitavit
1336 2458 1443 2502 novae
1471 2434 1575 2521 legia,

261 2544 340 2607 novi
360 2542 577 2628 legislatoris
595 2544 674 2609 novi
699 2543 847 2610 foederis
870 2541 1090 2610 desiderium.
1109 2549 1179 2622 Quo
1204 2564 1287 2609 aevo
1312 2542 1483 2628 ealegum
1499 2563 1579 2607 con-

261 2649 348 2715 fusio
370 2650 482 2740 coepit
499 2649 730 2716 Hebraeorum
752 2650 886 2736 animos
905 2669 1047 2736 angere,
1070 2647 1224 2716 exaudiri
1246 2670 1388 2738 coepere
1412 2647 1579 2736 eloquen-

261 2755 391 2821 tissima
419 2756 668 2844 prophetarum
691 2756 849 2822 messiam
878 2757 1108 2846 expetentium
1138 2754 1287 2823 oracula.
1314 2754 1414 2843 lmpii
1439 2753 1580 2819 interim

262 2861 420 2927 homines
436 2863 573 2927 tboram
590 2863 848 2944 aversabantur,
867 2862 1101 2943 excutiebant;
1120 2862 1169 2951 pii
1184 2861 1263 2928 inde
1284 2860 1328 2926 ab
1347 2860 1451 2927 Esdra
1466 2859 1580 2925 homi-

265 2989 326 3031 nes
340 2966 476 3032 unieam
493 2968 611 3033 salutis
625 2970 809 3034 anchoram
827 2969 1032 3058 reputabant
1045 2968 1195 3049 tharam,
1214 2967 1286 3034 eius
1296 2964 1530 3035 excellentiam
1548 2971 1583 3030 ot

266 3070 494 3156 obligationes
514 3074 781 3160 exaggerabant.
796 3075 918 3141 Omnia
938 3097 1018 3140 vero
1039 3075 1123 3141 baec
1144 3074 1275 3140 Christo
1291 3072 1459 3162 parabant
1472 3071 1580 3136 viam.

623 3312 673 3359 111.
691 3313 735 3359 DE
752 3313 983 3360 Connncraa'nt
1000 3313 1224 3361 GOLLECTORE.

313 3488 481 3556 Collector
506 3489 623 3556 edocet
651 3490 819 3580 paludum
845 3503 992 3575 conform,
1015 3513 1083 3557 non
1113 3489 1315 3556 sacerdotes.
1346 3487 1461 3567 Unica,
1494 3509 1584 3575 quae

193 3680 196 3687 Ι
268 3596 459 3662 sacerdotes
482 3597 667 3682 attingunt,
682 3585 858 3665 habentur
879 3620 953 3687 cap.
975 3604 1027 3663 18.
1057 3596 1120 3662 Ubi
1147 3619 1178 3663 v.
1209 3603 1228 3663 3
1256 3618 1307 3684 sq.
1339 3594 1504 3661 collector
1530 3615 1582 3673 ea,

268 3724 356 3789 quac
387 3703 621 3769 sacerdotibus
640 3704 839 3786 obveniunt,
864 3705 995 3786 recitat,
1013 3703 1049 3768 id
1078 3725 1147 3768 non
1175 3702 1256 3768 facit
1289 3723 1357 3791 quo
1389 3699 1587 3766 sacerdotes

270 3807 404 3874 erudiat
426 3807 481 3873 vel
506 3810 679 3891 reformet,
701 3811 759 3877 sed
784 3817 821 3877 ut
843 3810 1021 3899 populum,
1045 3808 1129 3898 quid
1153 3807 1387 3875 sacerdotibus
1410 3809 1585 3895 praestare

268 3919 437 3992 teneatur,
460 3913 611 3982 edoceat.
630 3916 727 3982 Nullo
749 3917 850 3983 modo
877 3906 1094 3983 sacerdotum
1115 3937 1227 3981 mores
1251 3913 1437 3979 emendare
1459 3933 1588 3998 aggre-

270 4020 374 4102 ditur,
393 4020 452 4109 qui
479 4025 605 4102 tamen,
627 4022 720 4108 qnod
741 4045 780 4087 cx
802 4023 887 4088 actis
912 4023 984 4089 lleli
1009 4021 1197 4107 colligitur,
1215 4021 1252 4086 in
1278 4018 1436 4108 pluribus
1463 4015 1589 4082 misere

270 4125 484 4192 deficiebant.
503 4127 633 4215 Populo
653 4126 741 4194 illud
760 4151 867 4194 unum
884 4151 966 4217 prae
984 4128 1104 4194 ceteris
1121 4127 1284 4201 inculcat,
1301 4131 1338 4191 ut
1352 4124 1487 4191 statutis
1501 4129 1590 4188 tem-

269 4231 410 4317 poribus
442 4234 677 4299 sanctuarium
708 4235 895 4300 maximum
922 4235 1023 4301 adeat
1047 4235 1164 4323 ibique
1191 4230 1359 4300 sacrificia
1385 4231 1461 4316 lege
1488 4251 1591 4317 prae-

270 4341 367 4424 cepta
385 4337 516 4417 offerat,
534 4361 630 4404 sacra
650 4339 753 4428 epula
768 4340 929 4422 celebret,
949 4347 985 4406 ut
1001 4341 1128 4406 lahvcn
1143 4338 1290 4405 fideliter
1309 4337 1400 4403 colat
1419 4358 1459 4402 eo
1477 4334 1587 4415 cultu,

270 4441 330 4530 qui
345 4449 416 4508 tum
434 4443 539 4509 moris
553 4450 626 4509 erat
647 4468 654 4513 :
672 4447 731 4512 sed
749 4445 878 4512 cultum
899 4448 944 4513 ad
960 4467 1120 4513 normam
1136 4451 1341 4512 statutorum
1362 4441 1589 4511 mosaicorum

272 4571 431 4617 revocare
447 4572 518 4615 non
532 4551 749 4636 aggreditur.

315 4662 381 4725 Cur
400 4657 444 4724 ab
468 4657 534 4724 hoc
560 4657 727 4725 abstinet?
743 4663 904 4741 Fortasse,
929 4658 1020 4748 quod
1042 4652 1112 4724 non
1136 4660 1250 4724 omnia
1277 4656 1380 4723 simul
1406 4654 1591 4723 reformari
