3366 5346
176 302 213 357 m
547 309 551 317 ·
729 310 939 356 raraoooerm.

175 473 228 516 rcs
254 448 442 537 potissima,
468 468 571 534 quam
603 474 619 506 a
648 446 736 513 liber
758 451 985 511 Numerorum
1013 472 1027 501 υ
1062 442 1180 508 habet.
1215 447 1341 508 Tamen
1367 448 1498 508 nomeu

179 587 194 615 a
213 555 301 620 liber
319 555 442 620 thorae
461 581 476 615 a
499 553 718 642 desumptum
738 575 808 619 osse
831 575 852 618 a
871 556 968 641 parte
986 549 1174 638 potissima,
1195 554 1229 615 et
1248 571 1313 637 per
1331 570 1366 614 se
1384 554 1495 638 patet,

177 669 210 730 et
232 663 453 727 confirmatur
473 659 565 736 iude,
588 661 678 749 quod
701 659 772 725 eius
792 658 872 724 libri
896 656 1003 722 verba
1024 655 1186 721 dicautur
1206 659 1402 721 constanter
1424 677 1499 722 esse

176 768 400 844 observanda,
425 765 595 833 iacienda.
628 772 718 852 Ergo
747 770 993 850 argumentum
1026 761 1242 852 potissimum
1265 761 1347 828 libri
1374 761 1498 829 thorae

179 875 295 962 utique
318 879 367 939 est
385 874 485 938 thora
508 871 624 937 stricte
651 871 743 938 dicta
768 894 828 938 scu
854 870 1069 959 pentalogus.
1101 872 1178 935 Pars
1206 867 1287 934 libri
1315 868 1498 957 potissima

178 986 315 1046 nonest
337 977 525 1045 necessario
545 977 666 1044 ceteris
687 977 862 1065 prolixior.
886 976 1029 1057 ltixeriS,
1050 978 1213 1041 Geneseos
1236 978 1369 1063 partem
1388 975 1497 1063 potis-

176 1087 299 1153 simam
316 1108 386 1152 cssc
407 1084 685 1170 cosmogoniam:
703 1090 739 1149 at
753 1106 792 1149 ca
806 1089 855 1149 est
872 1082 949 1148 aliis
965 1081 1177 1163 concinnior,
1192 1104 1223 1146 v.
1243 1103 1277 1167 g.
1298 1082 1495 1148 narratione

178 1192 300 1259 diluvii
316 1197 350 1257 et
369 1191 454 1257 aclis
474 1190 692 1279 patriarchae
714 1191 844 1278 loseph.

223 1304 318 1379 Nota,
340 1300 448 1386 ipsam
475 1318 597 1362 vocem
620 1296 719 1362 tlroro
738 1295 869 1384 duplici
893 1317 991 1361 sensu
1019 1316 1117 1384 posse
1138 1293 1253 1375 scribi,
1276 1294 1436 1383 prolege
1463 1301 1497 1360 ct

177 1427 241 1495 pro
258 1404 361 1487 libro,
378 1408 608 1492 procontonto
626 1409 660 1468 et
677 1403 885 1469 continente.
900 1400 992 1480 Quod
1013 1400 1197 1467 discrimen
1210 1399 1382 1466 illustrare
1398 1401 1496 1468 iuva·

179 1511 241 1577 bit.
264 1509 405 1576 Euodus
424 1516 475 1576 est
494 1511 565 1599 ipsc
585 1509 816 1576 Israelitarum
838 1531 879 1575 ex
896 1511 1052 1597 Aegypto
1072 1527 1241 1592 egressus
1267 1505 1328 1595 qui
1352 1506 1495 1573 transitu

179 1616 275 1683 llaris
300 1616 408 1684 Rubri
434 1621 485 1682 est
509 1616 702 1697 absolutus;
728 1613 814 1680 liber
838 1613 952 1680 Exodi
976 1618 1026 1679 est
1047 1613 1136 1679 liber
1160 1634 1239 1680 eum
1264 1633 1439 1699 egressum
1463 1622 1497 1678 et

177 1728 355 1812 praeterea
375 1723 444 1787 alia
458 1722 564 1789 multa
585 1744 766 1803 enarrans;
784 1721 840 1787 sed
857 1721 948 1786 idem
961 1720 1049 1786 liber
1064 1724 1206 1786 vocatur
1221 1719 1324 1785 ctiam
1338 1717 1491 1784 Erodus.

180 1829 344 1896 Similiter
359 1851 518 1895 aiaraci-os
538 1828 669 1895 habent
684 1828 752 1895 duo
770 1849 890 1894 census
908 1825 1029 1916 populi
1050 1825 1093 1892 ad
1115 1824 1246 1892 radices
1261 1826 1386 1891 montis
1399 1824 1495 1890 Sinai

179 1941 213 2002 et-
235 1937 270 2001 in
289 1934 563 2002 transiordanica
585 1935 712 2017 habiti;
733 1933 817 1999 liber
838 1936 1069 2000 Numerarem
1093 1934 1143 1998 est
1160 1931 1251 1998 lihcr
1267 1932 1414 1998 recitans
1439 1953 1498 1997 eos

178 2065 297 2109 census
323 2046 357 2107 et
377 2042 446 2107 alia
466 2043 581 2130 plura3
601 2041 662 2107 sed
688 2040 780 2107 idem
803 2040 892 2106 liber
914 2039 1019 2106 ctiam
1041 2038 1184 2107 Numeri
1210 2038 1317 2105 audit.
1340 2038 1417 2104 Pari
1444 2059 1499 2104 ra-

180 2148 270 2213 tione
293 2147 390 2212 thora
409 2154 487 2212 sunt
508 2147 731 2228 conditiones,
751 2169 837 2234 quas
859 2151 984 2232 Moyses
1007 2145 1126 2212 lsraeli
1149 2144 1185 2210 in
1205 2144 1343 2210 loedere
1362 2143 1496 2211 moabi-

180 2253 246 2318 tico
276 2252 508 2318 observandas
536 2253 733 2341 proposuit3
760 2253 844 2318 liber
866 2252 981 2318 thorae
1011 2257 1061 2318 est
1089 2251 1188 2334 liber,
1220 2252 1256 2316 in
1277 2273 1346 2339 quo
1371 2254 1497 2338 lloyses

179 2360 241 2425 has
266 2359 480 2424 conditiones
503 2366 536 2424 et
562 2358 631 2424 alia
656 2359 773 2447 aliqua
799 2358 991 2447 descripsit;
1013 2356 1072 2424 sed
1094 2357 1152 2424 ille
1174 2357 1264 2424 idem
1288 2356 1377 2424 liber
1395 2379 1496 2425 voca-

181 2471 236 2530 tur
257 2466 361 2531 etiam
387 2465 496 2531 thora.

225 2576 307 2638 Nota
330 2571 483 2654 tandem,
507 2570 589 2637 libri
614 2572 746 2654 thorae,
772 2593 831 2638 seu
858 2570 977 2637 thorae
1005 2578 1175 2660 quatenus
1204 2592 1245 2636 ea
1273 2593 1336 2636 vox
1366 2570 1495 2636 librum

179 2677 321 2745 denotat
347 2684 381 2744 ct
407 2701 477 2745 non
500 2677 609 2745 solam
644 2679 772 2765 legem,
803 2677 946 2744 diversis
978 2677 1194 2767 temporibus
1226 2677 1397 2744 diversam
1426 2698 1498 2743 esse

181 2784 330 2873 potuisse
356 2784 638 2874 amplitudinem,
664 2784 765 2852 illum
792 2785 919 2849 librum
950 2785 1100 2873 potuisse
1127 2784 1273 2850 decursu
1301 2789 1496 2872 temporum

180 2914 336 2958 cresccre.
369 2890 482 2957 ludaei
511 2897 587 2979 post
617 2891 758 2956 Esdram
786 2895 895 2955 totum
922 2890 1188 2978 pentateuchum
1222 2889 1393 2957 vocabant
1419 2888 1498 2954 tho-

181 3017 272 3076 ra1n;
299 2996 529 3061 hebraeorum
548 3001 628 3061 ante
646 2997 838 3061 Samuelem
855 2997 957 3063 thora
976 2996 1094 3086 utique
1110 2996 1249 3062 carebat
1268 2995 1494 3075 collectane0;

181 3102 293 3183 thora,
314 3100 452 3189 qualem
474 3100 609 3188 scripsit
636 3106 774 3187 lloyscs,
797 3102 937 3169 carebat
961 3103 1074 3168 verbis
1099 3108 1204 3170 losue.
1230 3104 1375 3170 Thoram
1396 3103 1497 3169 itcra-

182 3207 223 3272 tis
243 3206 465 3273 incrementis
484 3213 619 3273 auctam
638 3229 708 3273 esse
727 3208 998 3274 demonstratum
1021 3209 1199 3275 habemus.
1222 3208 1406 3290 Quaeritur
1427 3208 1496 3275 iam

181 3312 223 3377 rte
243 3313 372 3379 orribile(
392 3313 465 3379 eius
485 3312 567 3378 libri
586 3312 716 3395 eborac,
738 3337 838 3404 quem
860 3314 997 3404 scripsit
1019 3318 1162 3403 Moyses.
1185 3320 1256 3381 Non
1278 3314 1498 3403 cognoscitur

182 3420 216 3486 h.
237 3420 259 3487 l.
285 3421 450 3511 quaestio
475 3405 692 3509 scripserilnc
714 3421 841 3508 Moyses
867 3427 975 3488 tetum
1002 3423 1270 3510 pentateuchum
1295 3445 1413 3503 necne,
1437 3420 1497 3487 sed

179 3526 220 3592 de
234 3528 303 3592 solo
317 3528 501 3597 verborum
517 3533 611 3595 irent.
630 3534 709 3608 31,9
728 3527 860 3594 ambitu
882 3528 1081 3616 quaeritur:
1100 3530 1336 3595 al'lirmeturne
1352 3550 1390 3595 eo
1402 3539 1497 3593 tortu

181 3636 304 3717 Moyses
330 3635 499 3721 scripsisse
526 3642 636 3700 totum
668 3635 946 3723 pentateuchum,
971 3640 1079 3699 totum
1101 3640 1212 3716 beart,
1238 3635 1391 3723 aliquam
1420 3640 1497 3700 tan·

181 3738 357 3803 tummodo
383 3738 474 3803 licuti
500 3746 647 3827 partem.
673 3740 784 3823 Dices,
808 3739 1045 3829 quaestionem
1074 3740 1145 3807 iam
1173 3741 1293 3806 haberi
1324 3740 1498 3829 praeiudi·

180 3848 291 3910 catarm
307 3844 533 3933 inscriptione
550 3850 626 3924 tlt
645 3874 660 3906 a
679 3851 765 3913 Haec
781 3853 830 3913 est
845 3846 945 3912 thora
962 3874 991 3927 a,
1010 3869 1098 3935 quae
1114 3848 1262 3913 affirmet
1277 3847 1361 3913 libri
1376 3849 1497 3913 thorae

181 3950 317 4016 initium
339 3951 462 4017 haberi
482 3957 572 4031 l,!rl.
598 3957 721 4018 Verum
743 3953 831 4019 illud
850 3954 1002 4042 praecise
1023 3954 1058 4020 h.
1084 3954 1107 4020 l.
1126 3954 1215 4019 iuter
1239 3954 1307 4019 alia
1328 3953 1430 4019 nobis
1450 3957 1499 4019 est

180 4055 429 4137 deliniendum,
453 4081 521 4146 quo
544 4079 642 4123 sensu
667 4064 744 4139 'all
769 4081 831 4123 vox
852 4058 949 4124 lbera
972 4058 1167 4125 scribatur:
1193 4068 1286 4126 estne
1309 4083 1350 4126 ea
1371 4081 1498 4126 nomen

182 4159 267 4247 lepis
288 4169 432 4242 tantum,
452 4168 488 4229 ut
504 4169 581 4245 tall
604 4164 797 4229 affirmetur
817 4186 858 4229 ca
880 4166 991 4245 thora,
1009 4165 1091 4231 illae
1110 4166 1259 4233 foederis
1282 4167 1498 4233 conditiones

180 4266 315 4332 initium
338 4290 487 4343 sumere;
506 4291 550 4334 au
571 4275 622 4335 est
637 4290 764 4335 nomen
784 4269 878 4353 libri,
900 4278 937 4337 ut
959 4272 1152 4339 affirmetur
1172 4274 1219 4338 ibi
1239 4274 1392 4362 incipere
1409 4272 1499 4339 liber

181 4374 299 4437 thorae
320 4396 378 4438 scu
394 4375 528 4441 theram
543 4376 737 4457 continens;
757 4382 801 4457 et,
820 4377 848 4443 si
864 4377 928 4443 hoc
944 4379 1103 4459 alterum,
1125 4380 1305 4468 quaeritur
1320 4402 1436 4469 porro,
1453 4402 1499 4445 an

180 4478 239 4544 ille
255 4479 343 4545 lihcr
359 4480 479 4546 thorae
496 4482 603 4548 solam
620 4484 754 4548 thoram
776 4507 810 4572 p.
830 4492 871 4548 67
887 4507 938 4573 sq.
957 4485 1161 4573 descriptam
1179 4487 1351 4567 habuerit,
1370 4509 1414 4552 an
1428 4485 1499 4552 alia

180 4586 350 4674 quaedam
367 4595 555 4675 praetcrea.

223 4702 254 4759 8.
283 4698 376 4769 Qrau
397 4716 521 4764 araauu
542 4719 676 4765 ruoaau
694 4703 825 4765 Morsus
845 4719 1032 4765 saansaan
1051 4704 1151 4767 [leur.
1175 4707 1268 4782 31,9.
1291 4699 1498 4789 -Scripsit
