3366 5346
254 310 313 369 384
702 320 937 366 contxcrssnon
958 318 1118 363 sannaus.

299 482 330 527 v.
353 467 368 525 1
388 486 404 519 κ
426 459 465 523 Si
477 454 600 523 exieris
617 454 665 522 ad
684 453 810 521 bellicen
835 464 952 519 contra
974 451 1084 518 trustes
1099 463 1185 538 tuos,
1201 462 1233 517 ct
1253 450 1376 517 uideris
1395 450 1577 542 equitatus

255 579 287 633 et
310 588 427 633 cuuus
451 595 467 626 a
493 603 537 613 -
558 585 628 628 non
647 583 773 650 equum
797 573 828 626 et
853 559 1003 648 equitem
1027 559 1158 648 (LXX),
1182 579 1266 643 ergo
1292 556 1433 624 tandem
1463 559 1578 626 solum

254 673 444 762 equitatum
463 690 471 738 ε
488 669 644 758 equitum
668 674 801 735 turmae
824 671 898 734 tum
923 688 993 732 non
1013 671 1129 747 erant;
1147 664 1207 732 sed
1226 687 1352 754 eqintm
1365 677 1399 732 ct
1418 687 1576 751 currum,

255 801 374 846 currus
397 799 474 845 cum
502 775 571 841 suis
593 775 705 863 equis,
729 795 875 864 quorum
901 771 1024 839 timore
1049 770 1333 862 opprimebantur
1357 772 1504 839 Hebraei
1531 809 1579 824 -

224 902 229 907 ·
256 913 271 945 e
292 897 324 950 et
343 884 519 965 maiorem,
537 903 640 970 qtcam
664 893 701 946 tu
723 879 859 963 babeas,
882 877 1085 968 [aduersarii
1103 876 1279 966 exercitus]
1296 877 1573 966 multitudinem,

254 1004 323 1056 non
342 988 477 1055 timebis
492 1011 558 1075 eos,
577 987 661 1078 quia
681 985 847 1053 Dominus
866 989 956 1052 Deus
972 997 1050 1051 treats
1066 997 1177 1051 tecum
1192 996 1251 1068 est,
1268 983 1331 1074 qui
1349 982 1471 1052 educit
1485 999 1517 1052 te
1532 984 1575 1052 dc

254 1110 344 1164 terra
360 1095 512 1185 Aeqppti
530 1123 560 1161 a.
576 1118 608 1162 v.
627 1100 647 1160 2
668 1120 684 1156 «
699 1095 723 1159 Α
724 1092 1007 1182 ppropinquante
1020 1103 1136 1158 autem
1152 1090 1222 1157 iam
1232 1089 1378 1179 proclia,
1397 1092 1502 1158 stabit
1515 1114 1575 1160 sa-

255 1203 370 1269 cerdos
387 1230 403 1263 »
421 1201 464 1267 ad
479 1202 517 1268 id
532 1201 716 1291 deputatus
733 1197 992 1287 utilitatatem]
1008 1198 1100 1265 etsie
1116 1197 1274 1287 loquetur
1285 1197 1511 1288 adpopulum
1525 1227 1542 1260 »
1563 1217 1571 1264 ε

257 1335 287 1377 v.
304 1317 323 1375 3
340 1337 355 1370 «
369 1308 460 1374 Audi
472 1306 581 1374 lsrael
597 1330 603 1375 :
620 1327 676 1373 vos
689 1305 788 1372 todie
804 1317 924 1371 contra
938 1304 1097 1372 inimicas
1109 1316 1402 1394 vestrospuqnam
1417 1305 1574 1372 coeremit-

256 1416 330 1482 titis
354 1435 361 1482 :
385 1438 455 1481 non
466 1414 690 1504 pertimescat
705 1434 763 1479 cor
782 1425 947 1497 cestrum,
967 1411 1076 1478 nolite
1090 1422 1255 1493 metuere,
1277 1410 1384 1478 nolite
1398 1410 1516 1479 cedere
1539 1439 1572 1497 a,

255 1561 300 1573 -
315 1524 415 1591 Hebe.
429 1518 626 1610 perturbari
640 1557 683 1569 -
704 1546 720 1578 «
744 1540 806 1584 nec
823 1516 1019 1606 formidetis
1036 1539 1092 1583 eos
1112 1544 1142 1600 n,
1165 1540 1197 1583 v.
1221 1523 1239 1583 t
1262 1544 1278 1578 «
1300 1517 1385 1606 quia
1405 1517 1575 1585 Dominus

258 1633 346 1694 Deus
366 1637 471 1693 uester
490 1626 539 1714 [in
560 1624 685 1714 medio]
705 1623 808 1691 uestri
827 1637 876 1690 est
892 1654 921 1706 n,
943 1662 987 1673 -
1003 1626 1104 1690 Hebe.
1126 1622 1255 1690 incedit
1271 1630 1446 1712 tamquam
1468 1623 1539 1691 dux
1564 1647 1572 1694 :

256 1756 325 1801 non
344 1733 488 1800 edicituc
504 1753 639 1821 semper
659 1731 820 1798 adfutura
840 1753 920 1797 area
941 1730 997 1819 (ot.
1017 1734 1114 1797 Num.
1134 1732 1258 1815 ibit),
1279 1729 1445 1796 sedidem
1465 1729 1574 1798 edici·

257 1848 313 1908 tur
329 1839 422 1928 quod
436 1861 468 1906 v.
489 1845 505 1904 1
526 1861 533 1906 :
553 1849 664 1904 tecum
685 1849 735 1903 est
753 1876 797 1887 -
813 1865 829 1898 u
848 1851 879 1903 et
898 1859 963 1927 pro
985 1835 1077 1903 uobis
1097 1847 1216 1902 contra
1234 1834 1445 1904 adversarios
1466 1835 1574 1903 dimi-

257 1945 358 2032 cabit,
378 1958 416 2012 ut
430 1957 529 2012 euitat
541 1967 598 2011 eas
613 1942 821 2033 depcrieulo
840 1973 869 2010 ».

300 2060 378 2120 Post
406 2052 617 2119 sacerdotem
642 2049 814 2140 prodeunt
837 2049 986 2130 scribae,
1011 2051 1059 2116 ita
1083 2048 1174 2116 enim
1199 2071 1272 2122 naa
1292 2047 1495 2116 vertendum
1523 2056 1574 2118 est

261 2160 314 2244 (cf.
332 2164 388 2225 Ex.
412 2165 467 2239 5,o
483 2180 575 2246 sqq.;
596 2163 695 2224 Num.
720 2161 950 2237 finenem.
974 2155 1137 2244 29‚10[9];
1156 2162 1274 2238 31‚aa;
1293 2161 1356 2223 los.
1376 2162 1470 2240 1,10;
1496 2163 1569 2237 3‚a;

257 2271 353 2345 8,33;
381 2263 603 2350 23,2;2t,1),
627 2284 738 2351 neque
761 2263 848 2328 ratio
873 2263 981 2328 esth.
1008 2263 1030 2328 Ι.
1057 2263 1159 2329 aliter
1176 2261 1345 2344 vertendi,
1371 2262 1572 2352 praesertim

257 2391 334 2438 eum
357 2391 388 2436 r.
412 2376 431 2434 9
452 2369 555 2435 duces
578 2367 745 2434 militares
767 2390 849 2434 voce
873 2383 957 2431 otuu
979 2370 1243 2457 exprimantur:
1270 2391 1315 2437 sc.
1343 2369 1476 2436 scribac
1499 2375 1574 2436 erat

257 2474 568 2563 mandatapublica
582 2473 736 2541 recitare.
753 2497 785 2539 v.
802 2481 821 2539 5
839 2503 853 2534 «
871 2477 979 2540 Drtces
997 2503 1026 2554 a,
1045 2497 1105 2541 seu
1119 2476 1233 2542 verius
1243 2475 1384 2557 scribac,
1405 2504 1422 2538 a
1439 2498 1574 2566 quoquc

256 2584 328 2673 iper
354 2581 510 2670 siuchas
539 2578 680 2668 turmas]
709 2578 872 2647 audiente
902 2568 1054 2648 caeicitu
1075 2581 1345 2671 proclamabunt
1372 2601 1385 2646 .·
1415 2581 1499 2663 Quis
1525 2594 1574 2649 est

188 2770 194 2783 ι
256 2689 368 2774 tomo,
392 2689 451 2778 qui
472 2687 669 2777 aedificavit
694 2685 833 2753 dacicum
854 2710 978 2755 novam
1005 2699 1038 2754 ct
1063 2711 1133 2754 non
1161 2686 1334 2754 dedicauit
1356 2690 1455 2757 eam?
1477 2717 1492 2748 »
1512 2703 1572 2779 pn

258 2800 354 2863 Num.
373 2802 452 2875 7.,10
467 2817 518 2884 sq.
537 2800 638 2862 aeas
652 2793 868 2860 scribebatur
879 2793 923 2860 de
936 2794 1151 2861 dedicatione
1165 2794 1248 2860 novi
1263 2793 1447 2862 sanctuarii
1464 2817 1472 2863 :
1490 2816 1574 2881 ergo

256 2908 394 2990 praeter
416 2923 547 2966 meram
574 2928 590 2961 u
614 2900 862 2967 habitationem
890 2928 904 2959 »
933 2901 1043 2989 (Vat.)
1065 2900 1148 2967 dicit
1171 2902 1328 2969 festivam
1354 2923 1431 2968 oum
1455 2901 1574 2968 amicis

256 3007 558 3092 inaugurationem
584 3005 718 3094 (Tusa).
737 3033 752 3067 u
782 3005 891 3072 Vadat
910 3019 942 3072 et
962 3019 1155 3073 reuertatur
1176 3007 1212 3073 in
1237 3007 1377 3075 domum
1400 3028 1509 3093 sicam,
1529 3029 1574 3073 ue

253 3113 344 3201 sorte
358 3111 526 3177 moriatur
540 3110 577 3176 in
595 3111 693 3195 bello,
709 3123 741 3177 et
762 3111 852 3177 alites
868 3111 999 3178 dedicet
1022 3136 1097 3182 eam
1117 3142 1147 3179 n.
1168 3115 1261 3181 Sicut
1281 3121 1361 3196 21ιρ
1380 3118 1575 3203 neonuptus

256 3218 393 3304 integro
408 3239 498 3284 anno
522 3239 543 3282 a
560 3216 682 3283 militia
698 3217 924 3298 eximebatur,
946 3219 995 3285 ita
1016 3221 1081 3285 los.
1101 3225 1150 3287 lt'.
1168 3227 1245 3288 aar
1267 3220 1404 3306 integer
1424 3225 1575 3310 postmo-

228 3410 232 3419 ·
256 3324 339 3391 dum
363 3346 472 3390 annus
493 3323 694 3392 incolendae
718 3347 825 3391 norae
845 3324 961 3391 domui
979 3325 1241 3394 concedebatur.
1268 3350 1299 3394 v.
1329 3334 1348 3393 6
1376 3357 1392 3388 «
1419 3327 1503 3409 Quis
1526 3339 1576 3394 est

255 3431 368 3516 testeo,
384 3431 446 3520 qui
457 3431 633 3521 plantae-it
654 3431 803 3516 vincam,
819 3444 852 3497 et
874 3430 1021 3498 necdum
1039 3433 1125 3520 fecit
1150 3456 1226 3500 eam
1252 3457 1322 3500 csse
1345 3455 1572 3517 coiicnumem,

255 3538 308 3627 ide
322 3561 391 3626 qua
407 3537 495 3604 ecsci
510 3537 664 3604 amnibus
676 3537 814 3625 licenti?
828 3566 844 3598 a
856 3536 959 3604 Hebe.
976 3537 1097 3606 ctatt.
1111 3540 1330 3629 :profanavit
1342 3561 1429 3606 catti.
1442 3538 1574 3606 Abudi-

256 3650 312 3710 tur
326 3643 370 3709 ad
391 3647 465 3711 Lev.
490 3651 648 3727 1933-Ξὸ
670 3666 678 3713 :
702 3645 893 3733 primorum
912 3643 1016 3710 trium
1037 3667 1207 3714 annorum
1227 3647 1357 3714 fruetus
1377 3667 1447 3714 non
1467 3645 1573 3713 attin-

256 3749 439 3836 gebantur,
460 3757 583 3839 quarto
602 3772 692 3817 anno
708 3750 808 3817 vinea
822 3751 1092 3841 profanabatur,
1109 3752 1277 3820 fructibus
1291 3752 1451 3820 omnibus
1470 3752 1573 3820 labve

256 3855 473 3940 consecratis,
494 3855 614 3944 quinto
629 3858 767 3924 tandem
785 3879 875 3923 anno
889 3858 1020 3924 fructus
1040 3857 1116 3926 usui
1132 3856 1307 3926 'communi
1324 3858 1504 3926 cedebant.
1523 3865 1574 3927 bn

257 3985 340 4049 ergo
362 3968 433 4029 toto
458 3963 695 4051 quinquennio
715 3984 761 4030 an
783 3963 894 4029 solum
916 3966 1037 4053 quinto
1062 3987 1152 4032 anno
1174 3988 1195 4032 a
1216 3966 1342 4033 militia
1360 3965 1576 4033 eximebatur

256 4070 376 4135 vineae
391 4070 586 4157 plantator?
600 4069 636 4135 ld
654 4091 722 4135 non
745 4069 826 4135 satis
843 4070 934 4136 clare
951 4071 1110 4161 exprimit
1122 4078 1243 4140 textus.
1261 4078 1358 4140 Certe
1373 4095 1435 4162 pro
1454 4072 1577 4163 quinto

257 4197 346 4241 anno
357 4175 464 4262 (Gai.)
477 4176 706 4264 plantatorem
721 4197 741 4240 a
754 4175 879 4242 militia
890 4175 1017 4258 eximit,
1031 4178 1142 4246 donec
1154 4202 1236 4246 uvas
1250 4179 1452 4269 expresserit
1463 4180 1578 4270 prima

256 4279 331 4346 vice
357 4281 479 4368 (Spe),
499 4280 566 4347 itlis
591 4280 798 4348 exhilaratus
821 4283 925 4349 fuerit
946 4284 1075 4374 (LXX).
1099 4313 1115 4347 u
1146 4285 1255 4352 Vadat
1275 4300 1307 4352 et
1325 4297 1515 4354 revertatur
1538 4285 1576 4352 in

256 4385 393 4452 dantum
410 4409 520 4470 sitam,
541 4410 584 4454 ne
597 4389 688 4475 sorte
706 4390 873 4456 mou'atur
892 4389 929 4456 in
949 4390 1048 4472 hello,
1072 4405 1104 4457 et
1123 4392 1213 4459 alius
1235 4392 1334 4460 tomo
1352 4394 1425 4460 eius
1438 4394 1574 4483 sanqu-

255 4505 311 4559 tur
328 4493 440 4583 officio
460 4522 490 4577 a,
507 4495 530 4560 i.
547 4517 576 4562 e.
596 4517 670 4562 eane
686 4497 861 4585 profanet.
884 4520 915 4562 v.
938 4505 957 4562 7
983 4525 998 4558 u
1017 4497 1100 4580 Quis
1118 4511 1167 4565 est
1181 4500 1292 4586 lectito,
1309 4504 1370 4590 qui
1386 4498 1573 4590 despondit

256 4624 413 4684 risorem,
434 4613 466 4669 ct
490 4625 558 4669 nott
581 4602 715 4692 accepit
734 4608 834 4670 cam?
860 4603 968 4671 Vadat
989 4617 1021 4670 et
1037 4619 1227 4672 racematur
1242 4607 1279 4674 in
1296 4606 1436 4674 domum
1454 4628 1570 4689 suam,

255 4731 297 4775 ne
315 4709 406 4796 sorte
425 4709 597 4778 nesciatur
615 4711 651 4777 in
673 4708 772 4794 bello,
790 4723 822 4778 et
837 4709 927 4777 alitis
942 4711 1042 4778 leoena
1063 4711 1214 4804 accipiat
1229 4737 1305 4781 cam
1325 4743 1354 4782 n.
1374 4737 1405 4780 v.
1424 4720 1445 4782 8
1466 4742 1482 4776 u
1505 4713 1569 4781 His
