3366 5346
560 309 635 351 ACTA
659 306 793 350 Uirtute
816 306 878 350 utut
903 307 991 350 VITAE
1012 307 1127 352 ttel'sts.

187 443 273 508 sicut
288 444 324 508 in
343 441 528 508 dictitasse
547 442 582 506 in
598 441 746 521 desert0;
765 439 824 508 ubi
840 446 1057 507 tentaverunt
1073 463 1127 507 me
1148 447 1262 529 patres
1284 441 1397 522 vestri,
1416 463 1504 530 pro-

187 550 357 615 baverunt
372 570 426 613 nte
440 555 473 614 et
492 546 651 614 viderunt
665 569 749 636 opus
765 568 880 612 menni
898 547 954 634 (ci.
971 551 1065 615 Dent.
1084 546 1249 634 meli).

223 747 291 809 Grai
302 748 405 810 aliique
420 759 563 805 censuere,
580 745 665 796 verba
686 748 731 807 qut
752 746 820 793 dirit
840 753 886 793 etc.
905 758 961 794 nun
978 758 1040 796 esse
1060 746 1195 795 vertenda
1209 747 1369 808 praeteritis
1385 745 1436 796 sed
1451 759 1504 796 ex-

188 839 307 900 primere
319 848 382 885 carn
395 836 481 885 animi
496 835 716 896 dispositionem,
735 848 790 897 qua
809 834 922 884 Levites
936 846 1047 896 semper
1065 834 1163 884 deceat
1182 848 1244 885 csse
1259 837 1373 897 paratos
1387 835 1423 885 ad
1446 836 1503 884 hu-

186 937 269 975 mana
283 937 411 988 quaeque
424 925 509 974 sacris
524 925 583 974 suis
597 923 696 974 officiis
711 923 914 987 postponenda.
932 922 987 972 Sed
1003 935 1037 973 ea
1049 923 1244 985 interpretatio
1257 925 1390 973 contextu
1406 924 1501 974 exclu-

184 1013 267 1064 ditur.
281 1027 308 1062 v.
324 1014 339 1060 8
355 1025 439 1062 unam
452 1013 615 1063 recensebat
627 1013 762 1062 rationem
774 1011 919 1074 dignitatis
933 1010 1040 1062 Levitis
1053 1012 1171 1062 collatae
1182 1019 1209 1062 ct
1220 1025 1294 1061 nune
1304 1012 1498 1068 continuatae.

183 1100 346 1152 fidelitatem
359 1105 484 1165 ternpore
499 1105 641 1151 anteacto
656 1101 729 1163 apud
745 1101 865 1150 Massam
881 1104 908 1150 et
922 1100 1056 1150 Maribam
1071 1099 1237 1160 exhibitam;
1255 1102 1343 1151 altera
1356 1114 1383 1150 r.
1399 1103 1413 1150 ‘i
1430 1114 1501 1163 pars

184 1204 293 1242 rursum
313 1195 441 1241 recenset
458 1190 582 1252 aliquant
602 1189 726 1239 eiusdem
746 1191 786 1237 rel
806 1189 984 1251 praeteritam
1004 1190 1140 1239 rationem
1147 1201 1154 1247 ;
1172 1201 1240 1250 crgo
1258 1191 1324 1240 item
1344 1190 1421 1252 prior
1435 1202 1464 1239 r.
1482 1191 1498 1238 9

183 1293 249 1343 pars
269 1281 414 1330 recenseat
428 1280 537 1342 oportet
560 1279 682 1341 aliquam
705 1277 798 1327 collati
822 1279 961 1340 privilegii
983 1279 1162 1340 praeteritam
1186 1280 1331 1327 rationem.
1348 1277 1397 1327 Est
1421 1278 1498 1328 idem

183 1382 284 1419 sensus
301 1369 423 1417 maxime
442 1367 541 1417 obrius
555 1367 706 1416 termarum
721 1366 874 1416 verbalium
890 1373 987 1427 insti,
1004 1372 1083 1428 itari,
1099 1371 1158 1429 rat,
1174 1379 1245 1428 quas
1260 1366 1321 1416 idco
1336 1369 1445 1416 tantum
1461 1365 1498 1417 de

182 1458 275 1508 lutura
289 1456 384 1520 aliqua
402 1457 488 1505 animi
507 1455 690 1518 dispositione
709 1456 882 1518 interpretati
897 1458 961 1504 strnt
982 1454 1052 1504 Grai
1068 1459 1134 1519 cto,
1150 1455 1224 1518 quod
1245 1459 1306 1504 aeta
1321 1455 1393 1519 apud
1409 1455 1498 1505 lieri-

183 1548 248 1596 bam
263 1559 319 1595 nen
335 1545 483 1594 habuerint
498 1545 567 1594 satis
581 1546 736 1606 perspecta.
756 1543 817 1592 Duo
832 1544 959 1593 tristieha
973 1556 1000 1592 v.
1019 1543 1077 1592 titt
1097 1545 1194 1594 intime
1212 1545 1355 1605 iungenda
1369 1545 1435 1593 sunt
1451 1545 1496 1592 in-

183 1638 225 1684 ter
238 1647 279 1693 sc,
297 1646 364 1695 ergo
378 1633 413 1682 ad
433 1633 505 1682 idem
525 1632 626 1681 iactum
647 1633 827 1694 praeteritum
847 1629 1003 1681 referantur
1023 1644 1138 1682 neccsse
1156 1635 1207 1681 est.
1225 1632 1366 1682 Perscnsit
1382 1633 1444 1693 Dr„
1460 1633 1496 1682 ad

183 1723 277 1785 aliqua
296 1721 324 1769 h.
346 1722 364 1770 l.
383 1720 469 1769 alludi
490 1719 680 1771 Hebraeorum
698 1726 761 1770 acta
778 1720 858 1769 nobis
877 1732 933 1769 non
954 1722 1023 1770 satis
1042 1723 1187 1783 perspecta
1194 1734 1200 1780 ;
1215 1723 1323 1784 putarit
1342 1722 1427 1771 rerba
1448 1723 1497 1784 qui

183 1811 253 1860 dixit
270 1817 317 1858 etc.
334 1810 454 1872 primum
471 1810 617 1859 enuntiare
632 1819 798 1871 generosam
814 1808 891 1857 illam
907 1811 993 1857 anirni
1008 1808 1235 1872 dispositionem,
1250 1823 1306 1873 qua
1321 1810 1432 1861 Levitas
1451 1812 1495 1861 al-

71 1912 83 1933 ·
183 1899 271 1950 tectos
289 1912 352 1950 esse
375 1898 482 1956 (laceat,
499 1899 582 1948 simul
600 1909 668 1947 vcro
683 1897 806 1947 alludere
825 1897 860 1946 ad
876 1909 973 1948 eorum
995 1899 1175 1962 praeteritam
1190 1897 1241 1948 Ex.
1259 1899 1291 1948 tt
1318 1903 1496 1962 generosita-

183 1994 238 2039 tem
256 2002 262 2036 :
278 1988 328 2038 sed
347 1988 424 2036 nulla
443 1993 486 2036 est
505 1989 577 2037 ratio
596 1987 668 2036 alius
687 1986 715 2034 h.
733 1987 752 2034 l.
776 1988 974 2049 generositatis
993 1986 1178 2050 appellandae
1193 1990 1306 2050 praeter
1320 2001 1391 2049 carn,
1410 2002 1495 2052 quani

183 2078 292 2128 blassac
306 2079 335 2126 ct
349 2076 472 2125 lleribae
483 2075 598 2127 Levitae
613 2075 774 2126 exhibuere.

229 2249 398 2330 erorrt'cm
428 2248 510 2337 «[ΙιίΙ
544 2247 779 2314 custodierunt
814 2247 988 2335 eloqrtium
1021 2260 1134 2332 return,
1162 2261 1194 2315 ct
1218 2264 1359 2340 pectunt
1397 2266 1494 2319 tecum

182 2367 400 2423 serueuerzmt
421 2382 450 2421 p.
481 2354 691 2421 Coordinant
709 2355 794 2420 haee
818 2354 885 2420 duo
906 2354 1011 2421 incisa
1030 2356 1133 2421 etiarn
1157 2358 1249 2423 LXX
1270 2357 1392 2425 chald.
1408 2361 1491 2448 Syr.

182 2478 261 2527 tisri
282 2485 346 2552 pro
367 2475 430 2525 itti
451 2459 487 2526 in
508 2482 615 2550 pausa
639 2460 682 2526 cl.
707 2464 804 2526 Prov.
832 2467 929 2539 21¹3
950 2467 1022 2542 5‚e;
1047 2467 1097 2529 l’s.
1122 2463 1250 2552 dotet),
1267 2471 1304 2537 8:
1325 2465 1491 2554 77(78),7;

183 2574 245 2637 tet
263 2569 368 2657 (105),
396 2573 448 2634 lb.
467 2571 623 2634 Ceterum
638 2566 747 2656 potuit
764 2568 865 2634 etiam
886 2592 896 2630 r
914 2566 1044 2634 initiale
1060 2590 1174 2635 errore
1191 2570 1264 2636 voci
1285 2593 1491 2651 accrescere,

182 2683 221 2744 ut
235 2674 393 2766 primitus
415 2674 600 2740 tuentur:
622 2674 890 2762 correspondens
908 2674 1128 2763 praecedenti
1146 2691 1244 2739 trec.
1265 2677 1359 2756 Quod
1379 2678 1407 2744 si
1429 2702 1494 2746 no-

181 2784 286 2850 lueris
299 2781 479 2848 admittere
497 2779 639 2846 debebis
657 2779 745 2846 tueri
766 2786 939 2847 auctorem
954 2782 1105 2869 primunr
1122 2783 1493 2874 cogitassecxpressio-

181 2911 258 2957 nem
284 2904 383 2978 quii:
398 2902 486 2960 tarr,
500 2886 582 2953 dein
596 2887 730 2953 inverso
740 2886 925 2953 verborum
937 2887 1058 2954 ordine
1070 2893 1184 2955 tamen
1199 2890 1377 2957 retinuisse
1396 2893 1493 2959 verbi

181 2999 328 3062 formant
351 3016 443 3074 cani,
471 3015 558 3081 quae
585 2993 725 3082 proprie
748 2993 947 3060 conveniret
970 3009 981 3057 t
1008 2996 1221 3061 consecutivo
1244 3020 1250 3064 :
1273 3012 1351 3060 itari
1369 3014 1492 3083 qumi.

183 3102 362 3179 Quaeritur
381 3122 496 3189 porro,
517 3100 579 3165 illa
599 3100 666 3164 duo
690 3100 796 3164 incisa.
820 3099 1030 3166 trahendane
1045 3100 1112 3166 sint
1135 3102 1178 3167 ad
1197 3103 1437 3191 praecedentia
1449 3129 1494 3173 an

182 3207 223 3273 ad
244 3205 435 3294 sequentia.
458 3204 507 3271 hd
528 3205 645 3294 priora
660 3205 766 3270 trahit
780 3205 1024 3294 interpunctio,
1046 3228 1134 3293 quac
1154 3230 1244 3275 nunc
1265 3215 1313 3275 est
1336 3210 1370 3277 in
1387 3214 1489 3278 Hebr.

181 3318 276 3382 Sum.
305 3311 424 3380 clatri.
451 3312 530 3401 Syr.
557 3317 661 3379 Datur
682 3313 789 3399 igitur
806 3312 904 3394 ratim
923 3335 984 3378 cur
1004 3335 1034 3378 v.
1057 3320 1077 3380 8
1096 3313 1164 3380 illis
1188 3315 1277 3382 Urim
1306 3317 1490 3385 credatur:

181 3421 263 3511 quia
278 3420 510 3487 custodierunt
527 3423 604 3498 ete,
623 3418 801 3484 habebunt
821 3420 924 3485 lirim.
945 3419 1002 3485 l'el
1018 3427 1249 3503 resumuntur,
1265 3445 1353 3512 quae
1369 3448 1399 3492 r.
1418 3430 1491 3492 eie

180 3527 385 3594 dicebantur
412 3549 418 3593 :
449 3526 602 3615 profecte
639 3525 873 3591 custodierunt
900 3533 962 3591 etc.
994 3531 1135 3593 Possunt
1161 3533 1276 3594 tamen
1299 3529 1400 3597 etiarn
1428 3531 1491 3599 illa

180 3634 288 3700 incisa
303 3633 359 3721 (cs.
383 3631 509 3720 Vulp),
527 3637 560 3697 et
578 3631 719 3696 sortasse
737 3633 861 3719 aptius,
884 3631 975 3697 trahi
995 3632 1039 3698 ad
1054 3634 1232 3722 sequentia
1249 3655 1257 3701 :
1275 3637 1358 3726 quie
1378 3643 1490 3704 custo·

179 3739 317 3805 dierunt
342 3743 421 3820 etc,
446 3760 486 3803 ex
506 3736 618 3804 officio
643 3736 818 3804 docebunt
839 3743 872 3804 et
897 3739 1001 3804 sacris
1023 3739 1183 3806 litabunt.
1202 3745 1357 3809 Ceterum
1373 3765 1493 3813 sensus

181 3852 296 3913 manet
312 3844 383 3911 fere
403 3842 506 3924 idem,
530 3849 671 3932 totaque
688 3843 830 3910 tandem
850 3844 1004 3933 quaestio
1019 3845 1185 3914 divisione
1201 3849 1420 3937 stropharum
1437 3850 1492 3917 di-

179 3952 326 4019 rimitur.

222 4081 253 4122 v.
275 4064 314 4123 10
331 4058 505 4122 Dcccbrmt
530 4083 545 4115 u
572 4054 702 4121 italiciu
725 4068 798 4135 trra,
824 4080 842 4121 o
866 4059 976 4140 Iacob,
1000 4070 1031 4123 et
1052 4057 1163 4147 lepcm
1177 4071 1284 4145 tetam,
1301 4063 1442 4129 olsrael
1456 4091 1488 4130 ».

178 4163 256 4229 liele
272 4162 443 4229 vocativus
471 4181 479 4227 ε
508 4161 679 4228 docebunt
701 4161 857 4229 lacobum
879 4162 1004 4230 iudicia
1027 4170 1100 4246 tua,
1121 4173 1154 4232 et
1173 4167 1332 4235 lsraelem
1354 4170 1489 4236 theram
1515 4152 1519 4158 ⁶

177 4275 288 4348 tuam;
305 4269 426 4334 suffixa
444 4267 494 4334 uti
509 4274 608 4335 antea
628 4268 673 4333 ad
696 4269 797 4335 lehre
823 4269 1029 4336 reseruntur.
1049 4275 1086 4337 In
1107 4272 1301 4360 praemium
1319 4275 1398 4342 fidei
1416 4277 1492 4364 pri-

177 4395 270 4441 nrum
289 4396 327 4439 ex
348 4373 460 4439 allicio
484 4381 585 4439 crunt
611 4374 766 4441 doctores
791 4375 910 4464 populi
930 4377 982 4461 (cf.
1007 4380 1058 4443 es.
1082 4384 1157 4459 t‚e;
1183 4380 1281 4445 atich.
1304 4387 1394 4459 3‚tt·;
1412 4383 1487 4448 ital.

178 4487 235 4573 22⁷
248 4503 323 4570 sqq.
345 4485 408 4546 ete.
427 4517 471 4528 -
488 4480 625 4566 Galim),
647 4480 798 4548 secundo
818 4487 919 4548 crunt
939 4482 1086 4549 ministri
1106 4506 1304 4552 sacrorum:
1325 4516 1340 4547 «
1359 4501 1491 4576 portent

176 4587 366 4675 tlzpuziume
381 4586 418 4652 in
433 4584 556 4673 furore
576 4597 634 4652 tuo
656 4615 672 4649 »
696 4626 739 4638 -
763 4593 856 4654 rerte
877 4588 914 4654 iri
937 4589 1194 4657 auribustuis:
1216 4591 1345 4659 incensi
1360 4595 1490 4685 quippe

176 4696 367 4782 fragrantia
382 4692 617 4761 delectabatur
637 4714 778 4773 numen,
797 4715 941 4783 canique
957 4695 1063 4762 veluti
1083 4697 1224 4765 naribus
1242 4699 1425 4768 hauriebat
1443 4739 1489 4766 -÷
