3366 5346
529 274 742 327 surrauronuu
764 272 977 320 mennramuu
999 275 1158 321 urseousn.
1463 265 1502 324 19

231 425 263 484 2.
288 415 395 502 Igitur
413 414 619 500 interpretes
639 407 796 475 catholici
817 407 1028 497 antiquiores
1045 415 1140 477 Dent.
1165 410 1368 478 succinctius
1389 415 1502 503 expla-

186 523 318 590 nabant
328 541 435 609 ,quam
452 515 694 610 praecedentes
708 514 825 596 libros,
845 537 957 604 neque
971 534 1106 606 semper
1119 516 1161 582 de
1179 538 1277 584 versu
1291 516 1335 584 ad
1350 541 1498 602 versum,

187 629 249 696 has
263 626 484 694 difficultates
501 621 696 688 tractabant
710 621 863 707 singulas
875 623 1025 704 seorsim,
1040 646 1151 712 neque
1163 624 1242 689 satis
1254 626 1503 713 comparabant

185 735 277 802 inter
294 757 343 814 sc,
365 753 476 821 neque
495 728 625 816 singuli
644 726 798 813 singulas
818 728 1034 817 explicabant
1055 751 1062 796 ε
1084 729 1293 797 solutionum
1312 732 1503 799 tentamina

186 839 421 928 suggerebant
430 837 559 928 potius,
573 857 678 923 quam
695 839 806 900 certas
822 834 1017 902 solutiones.
1037 842 1081 902 lte
1094 859 1241 925 quorum
1252 838 1502 927 interpretandi

187 948 317 1014 ratione
337 946 395 1027 11,
422 966 510 1033 quae
532 940 733 1008 dicebamus
754 962 788 1028 p.
807 946 826 1006 8
846 963 896 1029 sq.
920 946 1031 1007 lnstar
1045 942 1201 1008 omnium
1225 943 1267 1009 sit
1293 944 1417 1030 enlm,
1443 947 1502 1035 qui

186 1059 439 1120 antecessorum
459 1070 600 1115 suorum
629 1046 816 1113 solutiones
837 1047 965 1136 oppido
986 1053 1098 1114 norat.
1125 1049 1319 1138 Respondet
1344 1051 1373 1117 is
1394 1051 1502 1138 igitur

229 1157 285 1225 Ad
298 1181 331 1225 α.
350 1162 387 1224 ln
398 1157 535 1222 deserto
547 1153 692 1220 Hebraei
706 1152 873 1218 sacrificia
889 1153 1017 1242 ubique
1031 1156 1110 1220 totis
1125 1155 1246 1221 castris
1258 1156 1302 1222 ad
1317 1157 1500 1225 arbitrium

186 1265 387 1346 offerebant,
410 1263 465 1329 lex
480 1267 575 1327 Dent.
597 1266 637 1325 12
652 1258 825 1325 observari
842 1265 963 1348 coepta
975 1261 1070 1327 estin
1092 1260 1336 1330 Chanaanitide
1351 1269 1497 1331 tantum.

185 1369 384 1460 Respondeo
400 1390 407 1436 :
427 1366 581 1458 quaestio
599 1366 641 1432 de
656 1364 818 1431 unicitate
832 1365 950 1432 altaris
962 1367 1081 1433 intime
1100 1390 1251 1434 connexa
1265 1373 1315 1434 est
1329 1391 1407 1435 cum
1422 1370 1499 1455 lege

184 1482 261 1544 Lev.
291 1483 331 1542 17
357 1477 399 1542 de
429 1471 694 1541 mactationibus
717 1471 853 1537 nonnisi
874 1471 967 1560 apud
988 1474 1219 1540 sanctuarium
1240 1474 1427 1542 mosaicum
1447 1477 1499 1542 la-

185 1582 315 1649 ciendis
340 1603 347 1650 :
366 1602 453 1670 qnae
472 1579 563 1646 enim
582 1580 630 1645 ih.
653 1578 893 1644 mactabantur
911 1580 1086 1660 animalia,
1105 1602 1225 1646 eornm
1245 1581 1385 1667 sanguis
1400 1583 1500 1649 altari

185 1688 460 1755 holocaustorum
488 1685 712 1752 illiniebatur.
747 1691 878 1762 Quaero
906 1685 1023 1771 igitur,
1054 1686 1194 1775 quando
1219 1693 1353 1754 servata
1380 1688 1423 1754 sit
1447 1688 1500 1755 lex

184 1799 261 1861 Lev.
289 1801 340 1860 17.
371 1793 404 1859 Si
428 1793 465 1859 in
495 1793 632 1859 deserto
656 1791 867 1872 servabatur,
895 1813 978 1876 ergo
1004 1793 1040 1858 in
1066 1792 1199 1858 deserto
1223 1795 1388 1875 omnium,
1414 1817 1503 1884 quae

184 1900 436 1978 mactabantur,
461 1898 662 1964 animalium
684 1897 825 1983 sanguis
848 1896 949 1963 altari
973 1898 1253 1965 holocaustorum
1275 1900 1501 1981 illiniebatur,

184 2029 255 2072 non
276 2003 565 2095 relinquebantur
586 2026 648 2093 pro
675 2003 752 2069 aliis
776 2003 943 2068 altaribus
970 2003 1140 2070 victimae.
1167 2005 1201 2071 si
1222 2006 1259 2070 in
1283 2006 1418 2072 deserto
1435 2029 1502 2072 non

183 2112 395 2191 servabatur,
416 2116 487 2175 tum
509 2111 562 2176 lex
579 2114 654 2174 Lev.
677 2116 715 2174 17
738 2108 963 2174 revocabatur
980 2114 1076 2175 Dent.
1104 2117 1362 2199 12,nntequa1n
1383 2110 1502 2178 obser-

184 2223 261 2284 vata
283 2217 327 2284 sit
344 2238 509 2304 unquam.
534 2219 746 2282 Consonatne
765 2214 902 2281 divinae
921 2215 1123 2303 sapientiae,
1144 2217 1260 2303 legam
1278 2218 1501 2304 promulgare

183 2345 360 2412 nunquam
376 2322 641 2404 observandam,
663 2321 776 2407 legem
799 2343 959 2387 revocare
976 2327 1163 2411 antequam
1183 2322 1363 2389 observata
1378 2323 1421 2390 sit
1438 2347 1499 2391 1111-

185 2432 310 2520 quam?
418 2416 423 2427 ’
1161 2488 1177 2522 ,

227 2535 283 2602 Ad
296 2538 326 2603 b.
350 2539 433 2603 Cum
452 2535 593 2623 reliquis
615 2535 670 2599 vix
693 2556 763 2600 non
784 2533 944 2600 omnibus
965 2557 1032 2600 non
1055 2535 1253 2602 attendebat
1273 2536 1377 2602 Calm.
1398 2542 1494 2618 1631

184 2641 329 2709 incisum
343 2669 358 2699 «
375 2640 468 2730 quod
482 2640 586 2707 facies
600 2639 666 2705 tibi
681 2667 712 2704 ».

228 2747 323 2814 111.
338 2751 409 2814 Non
422 2748 537 2833 agitur
554 2747 597 2812 de
613 2745 755 2812 decimis
768 2744 887 2834 primis
902 2749 999 2812 Num.
1019 2752 1070 2828 18,
1089 2747 1147 2813 sed
1160 2747 1202 2812 de
1218 2746 1423 2834 quibusdam
1442 2747 1496 2812 de·

184 2854 282 2920 cimis
300 2854 474 2934 secundis3
498 2852 641 2918 Hebraei
665 2852 850 2940 quotannis
873 2851 951 2938 lege
975 2851 1093 2919 divina
1115 2852 1200 2919 duas
1220 2851 1370 2918 deeimas
1391 2853 1498 2919 solve-

183 2960 279 3028 bant.
298 2961 363 3028 Sed
383 2983 440 3026 eas
458 2959 608 3026 decimas
627 2957 792 3025 secundas
813 2957 951 3052 fictitias
969 2980 1040 3026 esse
1059 2960 1150 3025 intra
1170 2958 1493 3028 demonstrabimus.

228 3066 284 3134 Ad
296 3066 421 3140 111111
437 3066 552 3151 agitur
566 3064 609 3131 de
624 3064 757 3146 iisdem,
773 3087 860 3152 quae
875 3064 951 3131 aliis
965 3064 1113 3132 textibus
1125 3065 1309 3147 habentur,
1326 3067 1499 3155 primoge-

183 3173 263 3240 nitis
276 3173 477 3240 animalium
504 3170 673 3251 maribus,
696 3170 829 3237 sedvel
850 3170 893 3236 de
913 3171 1153 3260 primogenitis
1174 3172 1311 3238 leminis
1328 3173 1399 3261 (sed
1421 3172 1499 3238 vide

186 3280 310 3369 1519),
331 3279 383 3344 111
399 3278 441 3345 de
461 3279 573 3367 primo
589 3283 667 3366 post
686 3275 817 3343 editum
844 3277 1114 3365 primogenitum
1136 3283 1237 3366 partu
1257 3277 1300 3344 de
1322 3300 1389 3366 quo
1412 3278 1497 3344 inte-

183 3407 284 3471 grum
300 3391 373 3452 erat
393 3384 533 3451 domino
554 3385 753 3465 decernere,
776 3405 859 3470 ergo
879 3405 999 3450 revera
1014 3383 1057 3450 de
1082 3383 1369 3469 secundogenitis.
1390 3385 1499 3451 Habes

183 3490 251 3557 iam
270 3499 408 3580 praeter
424 3491 509 3558 duas
523 3491 673 3556 decimas
685 3491 788 3555 etiam
805 3489 1038 3578 primogenita
1053 3490 1131 3556 duo.

228 3596 283 3661 Ad
295 3621 324 3662 e.
343 3601 464 3674 Censet
476 3596 582 3664 Calm.
600 3601 678 3685 post
695 3593 875 3679 0111111111,
895 3596 952 3682 agi
965 3600 1059 3662 nent.
1084 3602 1125 3662 18
1144 3595 1186 3661 de
1206 3593 1421 3685 portionibus
1444 3617 1497 3662 sa-

184 3701 382 3768 cerdotibus
398 3701 588 3769 tribuendis
607 3701 826 3769 victimarum
843 3724 913 3768 non
932 3703 968 3768 in
984 3701 1084 3768 altari
1097 3701 1262 3784 maximo,
1280 3702 1339 3769 sed
1359 3701 1395 3768 in
1410 3702 1496 3768 alta-

183 3806 279 3873 ribus
293 3806 435 3896 privatis
447 3807 713 3875 immolatarum.

226 3912 283 3979 Ad
291 3913 323 4000 s.
343 3919 405 3980 Bos
418 3912 478 3980 ille
495 3936 566 3980 non
579 3913 825 3981 immolabatur
837 3937 900 4003 pro
916 3914 1052 3982 victima
1066 3914 1237 4004 paschali,
1255 3915 1314 3981 sed
1327 3937 1387 4003 pro
1404 3914 1499 3981 holo-

182 4021 305 4087 caustis
324 4021 378 4086 vel
392 4020 561 4110 pacificis',
577 4043 667 4110 quae
682 4020 738 4086 die
761 4021 932 4109 paschatis
947 4027 980 4088 et
993 4044 1054 4110 per
1073 4027 1226 4088 octavam
1245 4028 1381 4111 praeter
1400 4020 1499 4088 vieti-

181 4147 272 4192 mam
293 4126 492 4215 paschalem
511 4127 793 4194 immolabantur.
810 4128 1011 4218 Respondeo
1028 4147 1035 4194 :
1055 4127 1236 4194 immolare
1254 4126 1355 4193 illum
1375 4127 1498 4194 bovem

181 4240 230 4298 est
247 4260 262 4292 «
281 4234 393 4299 facere
408 4234 515 4300 Phase
535 4262 564 4316 »,
583 4234 643 4322 qui
661 4240 709 4299 est
728 4234 895 4302 terminus
909 4235 1083 4301 technicus
1096 4257 1159 4323 pro
1176 4233 1412 4301 immolatione
1427 4234 1498 4301 vic-

182 4336 282 4405 timae
299 4339 479 4428 paschalis

230 4445 286 4511 Ad
312 4468 348 4535 p.
378 4446 618 4514 Difficultatem
649 4448 786 4535 ignorat
818 4448 943 4529 Calm.;
969 4448 1140 4538 perspexit
1164 4454 1279 4515 tamen
1310 4450 1401 4513 111111.
1440 4450 1450 4534 t
1475 4447 1497 4512 d

183 4552 295 4640 llas)
311 4553 368 4640 agi
386 4552 427 4619 de
439 4554 561 4621 Levitis
575 4556 795 4644 paauperibccs.

225 4654 281 4722 Ad
290 4657 324 4724 1.
345 4659 490 4726 Incisum
510 4666 584 4744 18,1
606 4689 620 4722 a
640 4663 832 4730 sacerdotes
847 4663 996 4745 Levitae,
1012 4665 1121 4730 omnis
1136 4663 1245 4729 tribus
1261 4660 1337 4726 Levi
1357 4687 1372 4715 »
1390 4655 1492 4721 silen-
