3366 5346
180 299 239 357 ‘234
475 310 638 357 oanrrosrs
659 309 764 356 narsis
785 311 941 356 saeuunsa
962 311 1196 356 rnnmunusun.

180 446 273 538 iqnis
298 447 464 537 loquitur,
484 447 570 513 sicut
591 469 652 513 reos
674 446 905 534 [oecon-tmesi,
929 460 962 512 et
973 446 1082 534 possit
1098 446 1231 512 uicere?
1248 471 1263 507 n
1282 448 1366 510 Nota
1385 466 1503 533 oppo-

179 555 338 621 sitionem
358 552 503 641 (Dillm.)
523 553 765 620 interamnem
785 574 922 619 cerotem
942 575 1001 620 seu
1019 553 1206 633 hominem,
1226 560 1259 618 et
1277 550 1367 617 inter
1385 554 1503 617 Deum

178 662 358 729 uirentem.
377 665 460 727 Caro
475 661 640 739 mortalis,
656 659 891 750 corruptibilis
906 666 1029 726 natura
1044 682 1105 726 sua
1120 666 1188 727 Deo
1202 658 1332 725 infinite
1350 657 1504 724 interior

179 775 327 848 estnon
346 775 462 834 tamen
480 768 671 834 necessario
690 766 863 833 locutione
884 766 941 833 illa
965 766 1118 833 sensibili
1137 765 1266 846 divina,
1285 786 1387 854 quam
1409 770 1504 833 lteus

178 875 405 964 etlonnatpro
419 874 532 940 lubitu
551 896 624 953 suo,
640 878 690 940 est
708 873 920 963 perimenda.
943 896 975 939 r.
997 880 1038 938 27
1057 872 1128 961 (dt)
1145 901 1160 934 «
1182 876 1229 938 Tu
1245 872 1357 961 irrepis
1371 870 1503 938 aceede

178 994 211 1047 et
230 980 316 1048 uadi
339 993 474 1062 cuncte,
491 1003 579 1070 quae
602 979 729 1047 eliserit
749 979 914 1047 Dominus
935 982 1024 1046 Deus
1043 991 1160 1047 noster
1180 978 1254 1064 tibi,
1279 978 1502 1069 loquerisque

171 1086 226 1153 ed
238 1112 311 1172 roos,
331 1102 364 1155 et
375 1110 437 1154 oros
451 1087 629 1154 audientes
640 1085 811 1175 sociemus
827 1110 866 1153 eu
887 1113 916 1154 ».

224 1195 461 1275 Quaerendum
492 1216 595 1283 porro
620 1193 664 1260 de
689 1215 776 1260 nexu
803 1192 915 1279 logico
941 1193 1044 1261 huius
1069 1193 1246 1260 sermonis.
1275 1196 1436 1258 Fatentur
1463 1215 1502 1259 se

180 1302 305 1369 lahven
325 1303 522 1391 loquentem
546 1300 652 1367 semel
679 1299 860 1379 audivisse,
881 1305 913 1367 et
937 1301 1163 1367 nihilominus
1187 1322 1256 1366 esse
1282 1298 1500 1388 superstites,

179 1411 366 1475 Enuntiant
384 1409 623 1474 vehementem
638 1406 798 1473 timorem
812 1429 868 1483 ne,
888 1407 915 1473 si
935 1429 1013 1474 eum
1030 1407 1155 1474 iterum
1170 1406 1323 1487 audiant,
1341 1406 1502 1472 morian-

178 1520 246 1580 tur.
268 1514 410 1581 Timoris
432 1513 601 1581 rationem
622 1513 770 1580 afferunt
784 1513 897 1580 carnis
915 1519 982 1580 lteo
1001 1519 1223 1602 comparatae
1241 1512 1497 1579 infirmitatem.

179 1625 326 1697 Quorum
353 1624 596 1705 argumentum
627 1620 680 1685 his
708 1619 857 1686 illustrat
887 1619 961 1686 Coi.
985 1641 996 1685 :
1024 1647 1040 1679 a
1075 1620 1210 1708 Experti
1239 1641 1370 1695 sumus,
1400 1618 1500 1708 quod

178 1726 346 1793 evasimus
374 1733 521 1793 mortem
552 1727 617 1792 hac
645 1726 718 1792 vice
742 1731 819 1792 :sat
842 1725 886 1792 sit
912 1726 1047 1792 audisse
1070 1726 1177 1792 semel
1204 1731 1319 1793 lteum.
1345 1730 1383 1793 l't
1409 1725 1501 1814 quid

176 1854 389 1922 exponamur
410 1834 534 1900 iterum
556 1833 712 1922 periculo
736 1832 869 1913 mortis,
891 1834 917 1899 si
945 1832 1166 1922 prosequitur
1189 1837 1275 1899 Deus
1300 1854 1500 1898 sermonem

176 1939 221 2005 ad
241 1941 323 2006 nos?
342 1968 357 1999 a
380 1945 420 2006 Et
447 1939 556 2006 Calm.
574 1960 587 2004 :
604 1966 620 2001 «
642 1944 708 2007 Cur
727 1962 816 2005 novo
832 1939 954 2006 mortis
974 1939 1164 2006 discrimini
1185 1962 1248 2005 nos
1271 1930 1500 2005 obiiciarirur‘?

177 2068 237 2113 cur
252 2046 325 2132 igni
340 2068 400 2113 nos
414 2046 539 2113 iterum
553 2045 765 2112 devorandos
777 2047 1044 2113 committimus?
1059 2050 1175 2112 Nonne
1190 2046 1271 2113 satis
1289 2054 1340 2112 est
1353 2048 1500 2135 loquen-

178 2158 247 2218 tem
266 2151 400 2219 audisse
416 2152 595 2219 Dominum
610 2152 775 2241 impune?
790 2152 926 2235 Felices,
945 2152 1037 2242 quod
1053 2176 1070 2219 o
1086 2152 1283 2219 discrimine
1299 2151 1400 2217 liberi
1413 2173 1500 2219 eva-

179 2259 299 2325 simus!
323 2287 338 2319 »
362 2262 492 2340 Fateor,
511 2260 575 2326 hoc
600 2266 842 2344 argumentum
868 2281 937 2325 non
961 2259 1047 2325 mihi
1068 2259 1176 2325 videri
1202 2258 1382 2340 eiusmodi,
1400 2259 1499 2347 quod

181 2364 303 2430 merito
330 2365 499 2455 approbet
525 2370 611 2430 lteus
629 2364 744 2430 verbis
767 2388 799 2430 v.
825 2372 867 2432 28
892 2388 899 2432 :
930 2395 945 2425 α
970 2372 1058 2432 Beue
1083 2366 1199 2431 omnia
1224 2365 1330 2431 locuti
1354 2372 1434 2431 sunt
1464 2394 1496 2435 »‚

180 2476 298 2538 Nonne
318 2472 480 2538 audacter
492 2471 654 2538 accedere
667 2473 849 2561 oportebat
865 2495 935 2555 eoa,
952 2495 1037 2560 quos
1054 2476 1111 2538 Ex.
1132 2478 1230 2553 19‚13
1247 2472 1407 2538 accedere
1424 2473 1498 2538 ius-

180 2579 274 2645 sisset
297 2580 403 2644 neus?
418 2582 548 2657 Nonne,
572 2600 640 2667 quo
661 2578 787 2646 certius
809 2601 843 2645 se
862 2578 1053 2646 incolumes
1071 2579 1143 2646 sore
1163 2578 1388 2661 confiderent,
1410 2583 1499 2645 Deus

181 2691 281 2767 19,10
296 2685 480 2774 specialem
498 2685 566 2751 illis
580 2684 749 2752 indixerat
767 2686 1064 2776 purificationem?
1080 2691 1208 2767 Nonne,
1224 2685 1316 2775 quod
1336 2708 1368 2752 v.
1386 2692 1428 2752 '2¹4
1444 2686 1498 2752 le-

178 2791 289 2858 liciter
303 2799 448 2859 cesserat
461 2794 612 2881 primum
633 2794 917 2882 experimentum.
936 2793 1056 2860 debuit
1073 2793 1139 2859 illis
1153 2792 1286 2859 animos
1299 2791 1439 2873 addere,
1459 2798 1498 2858 ut

178 2900 222 2966 ad
240 2900 352 2963 lutura
366 2899 422 2965 nei
438 2898 590 2988 alloquia
604 2899 733 2965 alacres
748 2900 969 2966 accederent?
984 2904 1071 2985 Ergo
1085 2899 1141 2965 ille
1158 2920 1279 2965 eorum
1297 2921 1409 2965 sermo
1425 2922 1496 2988 pu-

178 3003 451 3070 sillanimitatem
468 3005 582 3092 potius
598 3005 712 3093 prodit
729 3011 762 3072 et
777 3006 936 3092 exiguam
952 3006 1068 3085 tidem,
1087 3028 1191 3094 quam
1211 3005 1304 3073 haud
1320 3007 1496 3072 censuerit

178 3115 265 3177 Deus
281 3110 434 3175 laudare.

223 3220 264 3282 Ut
284 3238 363 3282 vere
382 3215 531 3282 affirmet
555 3221 640 3282 Deus
659 3238 716 3282 eos
743 3217 827 3282 bene
852 3217 968 3285 omnia
992 3218 1122 3285 locutos
1144 3241 1228 3300 esse,
1249 3218 1437 3307 requiritur
1457 3228 1497 3286 ut

178 3323 295 3412 aliqua
307 3323 547 3390 adiuncturum
564 3323 708 3389 mutatio
721 3323 958 3404 intercesserit,
976 3346 1046 3414 qua
1061 3324 1167 3391 verba
1180 3326 1240 3391 illa
1258 3347 1350 3392 nunc
1365 3347 1445 3391 vera
1462 3333 1497 3391 et

179 3452 289 3520 aequa
302 3429 432 3497 fierent.
448 3435 591 3498 Mutatus
603 3452 721 3520 reapse
737 3435 810 3496 erat
826 3429 975 3519 populus
994 3454 1001 3500 :
1020 3431 1173 3500 conscius
1186 3431 1252 3498 sibi
1265 3438 1339 3498 erat-
1353 3429 1496 3498 admissi

178 3536 258 3603 inde
277 3537 321 3603 ab
336 3537 435 3604 initio
451 3536 680 3626 theophaniae
697 3536 841 3604 alicuius
856 3536 1001 3626 peccati,
1018 3537 1096 3604 ideo
1112 3561 1183 3604 non
1203 3539 1272 3603 iam
1287 3537 1362 3604 fidit
1375 3559 1497 3626 perac-

179 3649 233 3708 tae
254 3649 331 3708 ante
351 3643 593 3730 purificationi,
613 3643 716 3711 sentit
734 3666 768 3710 se
784 3666 856 3710 esse
875 3643 966 3709 nihil
982 3644 1047 3711 nisi
1066 3666 1219 3725 carnem,
1239 3644 1384 3711 alterum
1404 3643 1496 3710 ‹livi-

178 3770 261 3814 num
275 3749 465 3838 alloquium
480 3750 692 3818 reformidat.
708 3751 756 3817 Cf.
770 3772 858 3839 quae
870 3750 913 3816 de
926 3757 1064 3840 peccato
1074 3751 1249 3818 occasione
1263 3750 1496 3839 theophaniae

180 3856 359 3923 commisso
383 3855 583 3922 dicebamus
605 3861 678 3923 ent
698 3882 733 3947 p.
758 3864 810 3923 tt.
836 3863 903 3923 Hoe
928 3863 1124 3947 peccatum,
1144 3859 1194 3924 uti
1221 3862 1255 3924 et
1278 3856 1496 3925 sacerdotum

179 3963 488 4051 praemosaicorum
513 3967 570 4028 Ex.
588 3970 630 4030 32
656 3966 765 4043 ruina,
790 3964 825 4028 in
852 3965 966 4031 Exodo
999 3988 1017 4030 e
1042 3965 1235 4031 narratione
1260 3987 1280 4030 a
1305 3967 1496 4030 recentiore

178 4068 326 4155 quodam
344 4076 393 4134 est
412 4070 574 4136 excisum.
595 4073 632 4134 H.
652 4070 674 4135 l.
698 4093 730 4135 v.
751 4077 792 4137 tt
812 4093 888 4158 sqq.
910 4094 930 4136 a
952 4077 1060 4158 lloyse
1080 4094 1149 4137 uon
1169 4071 1260 4137 clare
1282 4070 1492 4136 enuntiatur.

178 4178 256 4239 Erat
275 4197 320 4239 sc.
337 4175 381 4240 ab
401 4177 473 4241 eius
490 4175 662 4264 proposito
675 4181 749 4241 turn
767 4175 915 4243 maxime
935 4176 1100 4256 alienum,
1119 4184 1156 4243 ut
1170 4178 1327 4265 antiquas
1340 4176 1495 4243 tribuum

178 4278 324 4345 invidias
341 4284 564 4348 resuscitaret.
579 4284 671 4347 Sicut
688 4289 742 4362 1,6
758 4284 991 4350 narrationem
1003 4285 1137 4350 orditur
1153 4283 1364 4350 adiscessua
1377 4289 1496 4350 monte

180 4384 286 4466 Sinai,
303 4409 346 4452 ne
370 4387 483 4455 tribus
500 4394 646 4456 tlanasse
666 4388 772 4455 tristia
795 4389 865 4455 tata
888 4388 1046 4475 attingat,
1069 4392 1115 4456 ita
1136 4392 1170 4455 h.
1192 4392 1215 4456 l.
1233 4391 1277 4456 ab
1302 4389 1420 4455 iisdem
1441 4396 1496 4455 at-

181 4493 354 4579 tingendis
370 4494 529 4561 abstinet.

223 4623 257 4668 v.
274 4607 316 4667 28
330 4602 399 4691 (25)
418 4629 433 4663 «
451 4601 552 4683 Quod
566 4624 643 4668 curn
660 4602 811 4668 credisset
826 4602 1004 4684 Dominus,
1016 4602 1067 4669 eit
1082 4601 1130 4668 ad
1145 4602 1493 4669 ntc:sl1uliuicoeem

180 4711 356 4775 serbormn
368 4707 498 4798 populi
514 4708 629 4790 lucius,
647 4731 736 4799 quae
758 4709 862 4776 locrrti
881 4720 961 4774 sunt
984 4707 1047 4774 tibi
1070 4730 1083 4773 .·
1108 4711 1189 4775 bene
1209 4708 1326 4777 omitia
1347 4722 1427 4775 sarit
1445 4709 1495 4775 Io-
