3366 5346
78 284 92 315 9

247 309 305 367 480
620 317 758 361 ursrorui
782 314 1010 360 nasrmuuours
1032 313 1189 358 sororius.

282 462 414 512 Extrema
428 457 514 508 verba
529 468 592 505 esse
607 454 786 518 proverbium
802 465 864 502 oum
880 452 974 516 Bontr.
988 464 1086 501 omnes
1100 450 1271 511 concedunt;
1290 463 1354 501 esse
1368 456 1464 500 autem
1479 448 1577 500 verba

247 551 401 615 peccatoris
415 548 500 605 illius,
516 557 573 594 non
587 543 701 606 lloysis.
718 543 820 604 collige
832 555 848 591 e
862 541 958 603 bloyse
973 555 999 589 v.
1018 540 1051 590 io
1066 542 1223 590 orationem
1238 539 1363 590 ordiente
1376 541 1438 589 sine
1454 540 1573 602 copula.

248 639 410 690 Obscuritas
425 635 489 685 inde
502 636 598 694 oritur,
613 631 729 681 verbum
744 638 807 688 ΠΕΟ
826 643 940 679 sensum
955 629 1059 678 habere
1081 642 1144 678 cum
1165 629 1322 692 obripiendi
1337 630 1396 677 tum
1416 628 1575 677 adiicienda·

250 726 340 791 (Vati.
357 727 447 775 Voces
466 730 530 788 poto
544 729 572 772 et
589 721 666 770 ebria
682 719 788 770 iormae
802 719 953 769 femininae
969 719 1129 769 scribuntur
1145 730 1196 781 pro
1216 718 1371 767 collectivis
1387 713 1473 783 (lind,
1491 720 1522 767 et
1538 718 1575 766 si-

247 818 305 868 mul
320 817 448 878 sumptae
462 813 536 862 idem
551 816 652 861 sonant
666 816 750 873 atque
765 811 871 868 omnio;
887 821 980 872 nequo
999 820 1061 857 cum
1077 805 1169 855 Dttlm.
1184 805 1318 856 dicendae
1333 811 1400 856 sunt
1415 806 1518 857 reterri
1536 807 1575 856 ad

247 909 358 972 plantas
380 903 425 952 vel
447 901 591 960 aniinalia,
610 913 673 948 oum
698 899 768 948 nibil
792 899 890 948 borum
913 897 1015 946 babeat
1041 898 1201 946 contextus.
1223 895 1314 945 Vertit
1336 896 1423 958 igitur
1443 897 1497 943 Kn.
1518 898 1577 944 :ut

248 995 369 1059 abripiat
391 999 450 1051 etc..
467 1003 535 1053 ergo
554 994 584 1039 ut
607 1001 706 1038 omnes
725 989 823 1038 ruinae
847 987 979 1050 implicet.
998 985 1102 1035 Durius
1122 986 1170 1034 ille
1192 984 1337 1034 Hebraeus
1356 985 1576 1047 superstitiosus

248 1083 400 1134 adstruitur
419 1094 453 1131 eo
468 1091 552 1141 agere
583 1077 701 1128 consilio
722 1055 831 1160 limbi,
847 1078 878 1125 ut
899 1087 997 1124 omnes
1019 1073 1126 1137 perdat,
1148 1085 1235 1136 quare
1254 1073 1300 1122 Dr.
1318 1072 1437 1136 figuram
1460 1075 1576 1123 ironiae

247 1172 441 1222 subodoratur.
460 1169 574 1228 Verum,
598 1179 654 1228 quo
672 1167 786 1215 nomine
798 1178 887 1214 omnes
903 1163 1023 1214 Hebraei
1036 1163 1228 1224 exprimantur
1243 1158 1334 1224 figura
1347 1169 1412 1226 pota
1428 1168 1452 1209 et
1472 1162 1576 1211 ebria?

248 1261 356 1310 Verte:
373 1265 402 1308 ut
426 1257 556 1306 adiiciam
576 1255 743 1319 potationem
767 1255 824 1312 siti,
843 1255 954 1315 gratum
976 1254 1096 1314 ingrato,
1113 1250 1218 1300 cultum
1242 1250 1457 1314 polymorpbum
1482 1251 1576 1301 cultui

248 1348 392 1410 amorpbo
409 1347 474 1396 ln
495 1343 591 1394 Chald.
618 1341 801 1392 similitudine
822 1343 914 1391 textus
929 1341 965 1390 ls.
984 1341 1042 1397 :tal
1074 1341 1174 1397 insuti
1195 1318 1233 1396 bii
1256 1345 1349 1394 nunu
1375 1344 1455 1397 nizo
1479 1319 1576 1421 1905)

247 1437 352 1487 inducti
367 1447 430 1485 esse
447 1433 577 1483 videntur
589 1431 625 1481 ad
639 1432 687 1480 illa
700 1431 754 1480 duo
770 1431 884 1480 nomina
898 1428 1033 1479 feminina
1047 1429 1082 1478 de
1096 1428 1211 1492 pereatis
1229 1427 1400 1490 accipienda.
1419 1428 1502 1478 Alias
1524 1441 1576 1478 ex·

248 1526 413 1588 plicationes
433 1521 497 1571 vido
521 1520 596 1583 apud
619 1519 724 1578 Dittm,
741 1519 799 1579 lin,
817 1519 918 1582 quibus
938 1516 1128 1567 ailscribendis
1147 1515 1373 1578 supersedemus,
1391 1517 1476 1580 quod,
1507 1529 1576 1566 cum

248 1615 309 1662 eius
325 1609 466 1675 prouerbii
484 1621 599 1658 sonsum
618 1607 731 1656 aliunde
763 1621 819 1657 uon
843 1606 997 1656 habeamus
1017 1608 1200 1668 compertum,
1221 1605 1390 1655 coniecturis
1411 1605 1465 1654 bac
1487 1607 1517 1654 in
1543 1617 1577 1656 re

249 1700 357 1763 amplus
371 1703 466 1762 pateat
481 1710 606 1759 campus,
621 1709 683 1746 curn
696 1697 772 1745 tenui
789 1709 838 1758 spe
854 1695 1027 1758 quaestionis
1042 1695 1154 1757 penitus
1170 1692 1364 1744 elucidandae.

255 1997 257 2003 s
295 1931 402 2005 Quam
421 1923 519 1991 irrita
541 1945 643 2013 porro
666 1923 709 1989 sit
742 1922 816 1989 eius
839 1921 1028 2012 peccatoris
1051 1921 1269 2010 impunitatis
1295 1943 1385 2010 spes,
1416 1919 1578 1987 declarat

251 2057 283 2099 v.
301 2031 418 2120 tollii)
442 2055 449 2100 :
476 2059 491 2091 α
512 2032 580 2117 [Et]
600 2029 769 2095 Dominus
791 2051 861 2095 non
880 2028 1037 2117 iquoscot
1053 2026 1100 2113 ci,
1118 2027 1180 2094 sed
1196 2040 1277 2094 tttrrc
1297 2049 1401 2114 quam
1419 2027 1578 2092 monitae

248 2142 350 2228 furor
368 2139 442 2204 eius
460 2140 573 2224 fumet
599 2148 632 2201 et
657 2135 750 2202 zelus
777 2148 907 2202 contra·
921 2135 1095 2201 bonzinem
1116 2133 1236 2218 illum;
1258 2147 1289 2200 et
1311 2132 1453 2201 sedeant
1470 2155 1578 2223 super

252 2268 328 2311 aaran
349 2243 464 2310 omnia
493 2242 599 2326 attala,
623 2265 710 2330 qliae
732 2242 860 2330 scripta
884 2255 963 2307 sient
991 2240 1028 2307 in
1047 2239 1108 2306 boc
1131 2239 1303 2307 uolrtmine
1320 2269 1354 2320 o,
1369 2240 1406 2306 in
1423 2267 1439 2301 u
1456 2239 1578 2306 verbis

250 2350 398 2417 foederis
412 2377 427 2408 a
441 2372 471 2414 v.
486 2356 515 2424 1,
529 2369 675 2436 quorum
693 2369 774 2436 pars
787 2353 837 2413 est
851 2369 927 2435 cap.
943 2352 986 2413 28
999 2345 1258 2413 maledictiones
1273 2346 1417 2413 habens.
1435 2349 1541 2412 Hebr.
1565 2368 1574 2410 ε

253 2459 329 2525 Non
346 2455 435 2521 colet
449 2454 551 2521 labae
575 2454 745 2543 iqnoscere
765 2453 812 2539 ei,
830 2474 1051 2543 nequaquam
1079 2453 1143 2520 hac
1160 2453 1198 2519 iu
1222 2476 1259 2520 re
1282 2453 1347 2520 erit
1365 2453 1482 2519 animo
1497 2452 1578 2542 pla-

252 2561 431 2644 cabilis;...
463 2575 496 2627 et
520 2559 695 2628 incubabit
713 2560 745 2626 ei
767 2560 877 2626 ornetis
905 2559 1116 2643 maledictio,
1143 2583 1230 2650 quoe
1250 2573 1328 2643 etc,
1359 2559 1464 2626 veluti
1496 2559 1578 2625 iera

253 2692 330 2738 eum
356 2668 579 2750 devoratura3
605 2696 622 2728 «
651 2680 684 2734 et
707 2665 819 2733 deleat
846 2667 1012 2733 Dominus
1035 2689 1160 2733 rtoirten
1183 2665 1256 2733 eius
1281 2695 1316 2748 n,
1335 2664 1576 2755 posteritatem

256 2775 422 2865 (Boetia),
447 2802 462 2836 u
488 2777 549 2841 sub
574 2773 666 2841 coelo
692 2803 722 2840 ».
745 2778 833 2840 llaec
856 2773 1061 2860 gravissima
1078 2795 1208 2862 poena,
1225 2780 1263 2840 ut
1278 2775 1356 2862 quis
1371 2771 1575 2863 posteritate

254 2893 382 2962 careat3
396 2903 499 2970 quam
515 2880 661 2947 eandem
681 2879 817 2951 videtur
836 2902 868 2944 v.
888 2886 927 2945 21
950 2879 1136 2962 inculcare,
1154 2880 1374 2969 nequeenim
1394 2877 1575 2946 sufficiens

255 2987 342 3054 ratio
364 2992 507 3075 apparet-
528 3008 545 3051 e
566 2986 680 3053 verbis
699 3009 731 3052 ν.
753 2993 792 3051 21
815 2986 956 3053 alterius
979 3008 1113 3075 poenae
1134 2986 1376 3056 adstruendae.
1401 3009 1433 3053 v.
1453 2984 1575 3072 tuso)

258 3123 273 3153 u
291 3095 335 3158 Et
349 3105 527 3158 consumat
542 3115 620 3158 ditm
645 3092 681 3158 in
695 3091 926 3180 perditionem
948 3122 963 3153 a
979 3133 1023 3141 —
1039 3096 1139 3160 Hebr.
1165 3116 1172 3161 :
1200 3107 1233 3159 et
1253 3093 1420 3183 seperabit
1435 3111 1513 3159 etim
1534 3091 1577 3156 in

256 3197 402 3278 anoliam,
419 3199 585 3286 pessimae
601 3200 684 3264 sorti
700 3198 847 3265 addicet.
866 3187 944 3266 aab
960 3221 1057 3266 secus
1082 3222 1152 3265 non
1173 3199 1303 3286 legitur
1325 3201 1361 3267 in
1384 3206 1496 3286 Dent,
1513 3203 1577 3269 sed

256 3311 329 3372 Am.
349 3310 405 3386 tide
422 3310 455 3370 ei
475 3306 579 3371 octies
594 3304 687 3394 apud
708 3309 771 3372 lor.
793 3344 837 3354 -
858 3333 874 3367 α
896 3327 938 3371 ea
958 3305 1113 3373 omatibus
1132 3306 1283 3373 tribubus
1302 3307 1411 3374 lsrael
1429 3337 1463 3391 n,
1482 3331 1576 3397 quac

255 3413 362 3500 igitur
387 3403 481 3502 ipsae
505 3411 697 3479 incolumes
721 3412 927 3494 manebunt,
953 3440 969 3474 u
997 3413 1096 3479 irrata
1119 3413 1395 3496 ritaledictiones,
1424 3415 1577 3506 quaein

255 3520 341 3586 libro
361 3518 446 3607 lepis
468 3518 571 3585 liuius
590 3542 629 3585 ac
646 3518 799 3606 foederis
815 3522 1034 3586 continentur
1059 3549 1089 3586 n.
1111 3525 1198 3588 llaec
1220 3521 1337 3587 omnia
1352 3529 1431 3588 sunt
1445 3521 1578 3588 indivi-

255 3625 314 3691 dui
334 3625 482 3690 hominis
497 3625 644 3714 punitio,
665 3625 848 3714 separandi
870 3647 890 3691 a
910 3627 1048 3715 populo,
1070 3626 1130 3716 qui
1145 3627 1246 3694 lahve
1272 3627 1577 3695 benedictionibus

255 3730 392 3813 fruitur,
411 3735 445 3796 et
459 3730 600 3797 carituri
623 3732 832 3820 posteritate.
855 3732 978 3821 Populi
995 3733 1102 3822 ipsius
1118 3733 1294 3822 posteritas
1309 3734 1417 3801 deleri
1435 3735 1575 3824 nequit.

257 3840 379 3904 Omnes
407 3836 663 3904 irralcdictiones
682 3837 837 3926 foederis
856 3838 980 3927 scripti
1002 3839 1036 3905 in
1062 3838 1148 3906 libro
1172 3840 1289 3906 tlzoroe
1311 3840 1413 3908 buius
1436 3842 1577 3928 (Hebr.;

253 3945 296 4011 cl.
320 3968 352 4009 v.
376 3951 431 4029 20)
455 3945 603 4010 retertur
623 3946 667 4011 ad
690 3945 803 4012 varias
826 3945 1083 4012 maledictiones
1104 3970 1193 4035 quae
1214 3954 1352 4029 auito
1372 3947 1575 4016 traduntur.

255 4052 306 4116 Uti
328 4051 393 4115 hae
415 4051 464 4116 ib.
484 4050 740 4131 describuntur,
765 4057 857 4117 cerie
880 4073 948 4118 non
968 4053 1005 4118 in
1024 4053 1243 4120 individuum
1258 4054 1445 4136 hominem,
1462 4055 1522 4121 sed
1539 4056 1582 4123 in

253 4160 363 4220 totum
389 4156 555 4244 populum
585 4157 744 4224 feruntur
774 4176 781 4223 :
809 4180 878 4223 uon
905 4157 1014 4224 solent
1036 4159 1166 4246 singuli
1191 4160 1349 4228 homines
1373 4161 1580 4249 singulasve

255 4259 407 4325 familiae
417 4267 525 4349 peste,
543 4262 695 4329 hostium
710 4263 966 4331 incursionibus
980 4265 1102 4352 affligi,
1119 4267 1178 4333 sed
1196 4267 1322 4353 integri
1340 4268 1460 4334 saltem
1474 4268 1577 4356 pagi.

256 4370 411 4432 Ceterum
428 4375 662 4452 congeruntur
676 4369 725 4435 ibi
745 4370 943 4437 omniafere
961 4372 1063 4453 mala,
1082 4373 1579 4462 quibushomincssubiacent,

256 4475 289 4536 eb
310 4493 426 4538 sensus
451 4473 675 4559 generalioris
702 4477 925 4566 expressionis
952 4478 1052 4544 irrata
1078 4502 1192 4545 omnes
1223 4479 1482 4548 irtaledictiones
1507 4495 1576 4552 etc.

255 4584 403 4663 nonest,
432 4578 529 4645 illum
552 4579 772 4648 idololatram
793 4584 1019 4670 affligendum
1039 4587 1112 4652 lore
1136 4586 1203 4652 illis
1224 4587 1336 4676 plagis
1352 4610 1391 4653 ea
1408 4588 1579 4657 adamus-

256 4685 320 4751 sim
340 4686 484 4772 mtione,
508 4709 576 4776 qua
595 4687 675 4755 illae
693 4712 767 4779 cap.
786 4696 828 4757 ‘28
849 4690 1099 4775 describuntur,
1118 4692 1176 4759 sed
1191 4716 1260 4760 una
1281 4693 1336 4760 vel
1352 4693 1511 4784 pluribus
1532 4721 1576 4765 ex
