3366 5346
267 291 321 346 ’1113
640 303 712 345 acra
736 302 863 345 11111111
885 301 947 344 ruer
968 299 1056 363 urar
1078 300 1197 343 uersis.

160 448 165 458 ’
262 438 389 504 stetisse
409 438 445 501 iu
466 435 608 502 introitu
635 435 859 502 tabernaculi.
887 463 902 495 «
926 433 1090 500 Abierant
1110 455 1190 521 erqo
1213 434 1345 521 Moyses
1364 444 1396 497 et
1413 434 1529 512 losuc,
1555 442 1591 495 et

261 558 426 612 steterant
446 546 481 610 iu
503 543 719 610 tabernaculo
742 543 926 608 lcullruour'i
947 564 980 614 »ς
1000 564 1032 606 v.
1058 548 1096 608 15
1121 567 1136 599 κ
1159 539 1390 629 apparuitque
1409 537 1590 604 Dorulaus

264 654 311 719 ilii
332 682 360 735 u,
380 675 443 741 pro
460 675 527 740 quo
548 653 647 716 llebr.
666 651 702 715 la
723 649 953 729 tabernaculo,
978 676 993 706 a
1012 648 1049 712 lu
1063 646 1224 713 calamna
1244 645 1353 728 aubis,
1377 643 1591 734 quaestam

265 761 301 825 la
322 759 465 825 introita
491 757 704 823 tabernaculi
724 785 752 821 ».
772 761 842 834 Quo
866 756 990 821 clarius
1012 753 1240 843 perspiciatur
1266 758 1460 833 cont-extus,
1486 750 1590 817 illico

264 866 463 933 suliiicimus
480 887 511 929 r.
533 871 572 929 23
594 887 658 952 sip,
680 884 825 951 quorum
847 863 980 927 nativus
1000 867 1048 927 est
1068 861 1162 926 locus
1180 861 1271 926 inter
1295 882 1324 925 r.
1350 867 1389 925 15
1410 864 1445 925 et
1470 881 1504 924 v.
1528 865 1587 924 16.

262 1011 306 1023 —-
322 995 353 1039 v.
373 979 413 1037 23
434 1000 449 1030 u
475 969 721 1058 Praercpinue
740 969 928 1057 [Dorulaus]
947 971 1042 1033 lasere
1057 966 1132 1055 filla
1152 969 1233 1033 Nuu
1252 994 1281 1045 »‚
1304 967 1325 1030 i.
1346 988 1376 1030 e.
1399 963 1591 1054 deputavit

262 1101 354 1160 eum,
375 1109 389 1138 a
407 1091 438 1143 el
452 1078 502 1143 ait
519 1099 531 1141 .·
552 1078 753 1163 Corcsortarr
772 1087 804 1140 et
823 1087 891 1140 esto
916 1077 1081 1157 robustus,
1105 1086 1142 1138 lu
1161 1073 1253 1138 raim
1271 1070 1469 1137 irrlrocluces
1485 1071 1589 1157 filios

262 1185 369 1252 lsrael
388 1185 422 1251 iu
450 1197 591 1265 terram,
615 1205 717 1271 paam
738 1181 917 1270 pollicitus·
937 1204 1025 1264 staria,
1047 1192 1080 1246 et
1101 1203 1162 1269 eqo
1187 1203 1242 1244 ero
1268 1192 1379 1245 tecum
1404 1208 1435 1242 u.
1461 1178 1591 1244 Felicis

261 1314 430 1358 successus
457 1296 548 1356 certo
572 1288 754 1355 obtinendi
783 1289 871 1354 ratio
897 1310 964 1353 una
991 1287 1108 1353 divina
1132 1286 1327 1375 promissio,
1351 1284 1439 1351 ratio
1468 1284 1588 1351 altera

263 1420 421 1488 praeseus
447 1397 508 1462 uei
531 1395 708 1463 auxilium.
729 1395 853 1475 Merito,
881 1393 1067 1460 secundum
1091 1414 1238 1474 sensum,
1260 1391 1445 1458 inseruisse
1474 1391 1586 1480 Vulq.

262 1527 381 1570 vocem
399 1504 564 1568 Doualuus
583 1503 707 1568 docent
725 1523 823 1567 voces
837 1499 1015 1590 pollicitus
1032 1522 1108 1565 sam
1125 1505 1158 1564 et
1178 1521 1240 1587 epo
1255 1521 1322 1564 cra.
1342 1497 1439 1564 Falso
1460 1500 1562 1564 LXX
1579 1519 1587 1565 :

259 1611 433 1700 pollicitus
453 1621 500 1674 est
519 1607 620 1674 taliae
642 1615 674 1673 et
696 1608 765 1696 ipae
783 1607 847 1672 crit
869 1620 990 1672 terum.
1009 1611 1136 1672 Tauron
1158 1628 1221 1671 vox
1241 1605 1407 1670 Douu'aus
1427 1606 1465 1670 in
1488 1611 1590 1672 textu

262 1721 412 1795 nonest,
432 1714 621 1780 subiectum
640 1736 670 1779 r.
688 1719 795 1779 22151
815 1718 950 1799 Moyses.
970 1716 1007 1778 nt
1023 1712 1104 1801 quid
1127 1711 1193 1780 sihi
1218 1711 1338 1777 volunt
1354 1712 1419 1776 ista
1441 1711 1590 1778 Domini

262 1822 306 1887 ad
322 1828 416 1888 losue
432 1843 463 1885 v.
484 1828 526 1887 23
543 1820 659 1901 verba,
677 1820 768 1886 inlcr
783 1843 814 1884 v.
831 1820 948 1907 2211111
965 1819 1007 1885 de
1023 1817 1167 1900 cantico,
1184 1824 1217 1884 et
1232 1841 1263 1884 v.
1283 1823 1324 1883 21
1343 1816 1403 1906 qui
1419 1816 1465 1884 de
1479 1819 1592 1886 thora

262 1929 354 2015 agit?
369 1927 475 1994 Habet
491 1931 603 1993 autem
625 1949 655 1991 v.
678 1933 719 1993 23
739 1926 893 2016 praecise
911 1925 1012 2006 illud,
1032 1925 1125 2014 quod
1142 1930 1215 2012 post
1237 1947 1267 1990 u.
1291 1931 1330 1990 15
1355 1923 1591 1992 desideraba-

263 2041 329 2116 tur,
345 2046 564 2123 pracceptum.
586 2033 684 2116 illud,
703 2034 793 2121 quod
813 2055 847 2098 se
869 2032 969 2098 lehre
985 2031 1404 2120 dixeratpraecepturum.
1425 2035 1524 2118 Ergo
1545 2032 1592 2098 ad

263 2141 388 2206 calcem
407 2164 437 2205 v.
455 2148 494 2206 15
511 2138 757 2205 adscribendus
773 2163 803 2204 v.
823 2138 1094 2220 230161111111111
1112 2161 1142 2203 v.
1161 2144 1202 2204 21
1220 2137 1278 2224 (ct.
1295 2161 1328 2226 p.
1348 2137 1426 2224 aaa)
1448 2158 1455 2205 :
1475 2138 1592 2206 amiso

264 2267 379 2311 versus
396 2268 462 2311 una
480 2267 497 2309 e
514 2244 629 2309 nativo
650 2250 808 2309 contextu
824 2243 993 2310 excidere.

486 2515 518 2574 2.
546 2511 677 2597 Moyses
701 2507 771 2573 aaa
796 2507 967 2574 cauticum
993 2511 1091 2575 Deru,
1119 2515 1351 2591 31‚16·3·2,'r7.

648 2686 670 2717 a.
689 2669 756 2715 Editi
773 2670 864 2715 cantici
880 2671 942 2716 ratio
959 2671 1032 2718 Dent.
1050 2672 1172 2729 masaa.

307 2878 389 2963 etrq.
404 2913 445 2924 -
457 2875 557 2940 lahve
574 2873 777 2962 praevidens
791 2874 922 2939 suturas
933 2874 1052 2962 populi
1063 2873 1282 2941 infidelitates
1295 2875 1389 2941 iubet
1402 2879 1589 2945 conscribi

264 2982 450 3062 cauticum,
474 2981 566 3068 quod
590 3002 698 3069 prope
724 3002 838 3045 aream
862 2988 1059 3068 reponatur,
1083 2981 1191 3070 sitque
1213 2988 1329 3047 contra
1354 2983 1531 3071 populum
1551 2986 1589 3052 in

264 3087 508 3154 testimonium.
538 3087 632 3162 Quod
660 3086 843 3165 canticum,
880 3086 1041 3152 concione
1070 3088 1189 3176 populi
1223 3095 1422 3169 convocata,
1454 3095 1588 3179 Moyses

263 3193 516 3282 pronuntiatae
532 3191 670 3257 demum
685 3190 796 3257 levitis
811 3191 913 3257 tradit
929 3214 1036 3280 prope
1054 3215 1169 3258 arcam
1189 3194 1440 3282 reponendum.

307 3300 468 3388 Pericope
487 3297 620 3363 orditur
634 3321 653 3363 a
668 3321 700 3363 v.
718 3302 771 3375 21,
787 3320 864 3362 cum
883 3321 914 3364 v.
936 3305 976 3364 23
996 3298 1039 3364 ad
1057 3300 1184 3365 calcem
1200 3323 1231 3364 r.
1255 3308 1294 3367 15
1310 3302 1557 3371 transferendo
1576 3328 1584 3374 ε

264 3437 278 3465 e
299 3410 487 3496 Postquam
503 3427 583 3494 erpo
608 3405 742 3493 scripsit
762 3407 896 3492 ,lloysus
918 3404 1019 3471 cerba
1047 3405 1133 3495 lepis
1157 3405 1259 3471 traria·
1277 3407 1313 3473 iu
1331 3408 1503 3474 cclruuiue
1528 3424 1585 3477 at-

263 3537 328 3602 quc
345 3512 523 3601 coorplecz'l
550 3541 565 3571 a
586 3534 641 3588 ea,
667 3511 689 3576 i.
715 3534 744 3578 e.
767 3511 920 3600 proxime
941 3512 1058 3585 verba,
1077 3512 1256 3602 eompletis
1272 3515 1384 3580 verbis
1399 3515 1504 3582 etiam
1521 3540 1584 3583 vo-

264 3620 380 3684 lumen
404 3619 491 3703 legis
513 3641 570 3683 seu
599 3619 718 3684 thorae
739 3658 780 3669 —
801 3619 969 3706 apodosin
989 3627 1102 3685 autem
1118 3619 1223 3685 habes
1236 3643 1267 3685 r.
1288 3627 1328 3686 16
1348 3643 1354 3686 :
1373 3620 1461 3686 clira'l
1473 3623 1582 3691 Iuleae

263 3725 311 3791 acl
323 3728 476 3811 illapsae.
1035 3707 1037 3711 Ι

308 3838 429 3900 Sensus
445 3831 627 3898 verborum
643 3832 775 3920 planus
794 3837 832 3897 ln
852 3832 917 3898 hoe
930 3832 1152 3915 documento,
1171 3835 1400 3902 enarratione
1417 3835 1581 3903 deutero-

263 3941 398 4007 nomiea.
417 3940 472 4028 (cl.
503 3962 534 4004 v.
558 3939 590 4027 a)
615 3938 788 4019 distinete,
808 3938 1000 4005 affirmatur
1017 3940 1152 4006 thoraa
1172 3947 1277 4028 Moyse
1297 3942 1422 4030 scripta
1435 3963 1525 4024 esse,
1545 3950 1580 4010 et

262 4053 332 4113 tota
352 4047 504 4135 quidem,
534 4052 637 4134 atque
664 4044 797 4111 nonnisi
826 4050 901 4133 post
923 4051 1027 4112 totam
1051 4047 1139 4112 hauc
1156 4048 1292 4113 theram
1313 4049 1474 4136 scriptam
1503 4071 1579 4116 mo-

263 4153 374 4217 nuisse
397 4159 482 4218 Deus
505 4157 635 4238 Moysen
659 4150 700 4216 cie
726 4150 858 4216 cantico
875 4152 1131 4234 concinnand03
1149 4153 1448 4243 supponituritem
1464 4157 1579 4222 canti-

168 4262 171 4268 ’
263 4280 338 4323 cum
367 4279 438 4323 esse
465 4259 708 4324 documentum
739 4282 758 4324 a
785 4259 887 4324 thora
913 4257 1128 4342 distinctum,
1157 4283 1227 4326 non
1256 4261 1375 4326 thorae
1403 4283 1493 4349 pars
1524 4266 1576 4329 Au

263 4365 402 4429 fortasse
424 4371 599 4452 praetcrea
617 4365 814 4450 suggeritur
831 4366 1000 4432 carrticum
1021 4389 1088 4432 nou
1108 4367 1261 4433 eiusdem
1279 4367 1381 4456 plane
1404 4389 1476 4434 csse
1494 4390 1578 4434 euc-

265 4469 412 4537 toritatis
443 4475 545 4558 atque
572 4470 693 4536 thora?
720 4476 825 4554 Sane,
856 4472 891 4537 iu
915 4477 1080 4562 quantum
1106 4479 1298 4562 perspectas
1320 4473 1487 4540 habcmus
1514 4479 1579 4543 He·

263 4577 447 4646 bracarum
464 4576 505 4642 de
526 4577 630 4642 sacris
649 4576 747 4642 libris
770 4577 964 4666 opinioneS,
982 4579 1155 4647 affirmare
1172 4602 1351 4669 possumus
1366 4602 1422 4647 eos
1435 4581 1577 4649 theram

262 4685 424 4753 sanctiori
443 4707 578 4775 semper
601 4683 677 4750 loeo
699 4683 857 4751 habuisse
885 4708 986 4774 quam
1011 4687 1095 4753 alios
1115 4687 1230 4767 libros,
1253 4687 1354 4753 etiam
1375 4687 1576 4777 inspiratos.
