3366 5346
702 308 792 351 narr.
818 290 888 362 tes
909 306 973 358 sao.
1439 297 1494 354 tat

183 452 220 504 nt
239 440 385 506 traderet
404 463 463 506 aas
488 441 651 507 iterumue
675 439 878 507 Amortbaei
900 453 1003 530 atque
1025 440 1152 507 cleleret
1181 469 1210 507 11,
1236 444 1495 527 argumentatio

181 546 299 612 similis
314 553 365 613 est
378 547 461 626 eius,
474 569 563 636 quae
578 551 659 614 Gen.
674 553 730 627 3,1
741 569 792 634 sq.
808 546 968 641 habetur.
984 570 1016 615 v.
1034 553 1077 615 28
1094 574 1109 609 a
1130 550 1201 629 Quo
1216 547 1460 615 ascendemus?
1480 578 1495 609 »
1520 560 1528 573 ·

183 654 281 718 Hebr.
307 675 314 719 :
342 656 413 734 Otto
442 676 504 720 aas
528 676 646 721 surntts
672 651 915 720 ascendentes?
933 658 1051 720 Nonne
1072 655 1107 721 in
1134 655 1312 741 regionem
1336 655 1497 743 perieulis

181 758 343 847 plenam?
364 763 448 826 Deus
474 782 544 826 non
565 761 684 827 omnia
707 759 806 826 nobis
828 759 1010 841 revelavit,
1031 760 1090 827 sed
1115 760 1271 850 pericula
1295 761 1406 841 siluit,
1430 784 1498 850 quo

180 865 304 931 certius
316 864 353 932 in
368 866 554 955 perniciem
564 870 695 953 ageret.
720 893 736 927 «
753 865 880 933 Neratii
901 893 915 925 »
930 917 937 949 ,
955 868 1058 932 Hebr.
1076 868 1205 954 fratres
1226 867 1345 947 nostri,
1365 867 1496 945 ceteris,

181 972 283 1038 etiam
302 971 378 1061 ipso
400 972 501 1039 lahve
521 972 622 1039 nobis
642 971 926 1062 propinquiores,
944 971 1111 1040 indubiae
1132 972 1302 1039 amicitiae
1319 978 1351 1040 et
1370 975 1498 1040 veraci-

182 1079 257 1143 tatis
284 1077 364 1158 viri,
391 1106 407 1140 u
438 1092 633 1146 terruerunt
658 1100 715 1145 cor
735 1090 892 1145 reostram
916 1077 1063 1145 dicentes
1087 1100 1099 1144 .·
1127 1079 1284 1145 Maxima
1309 1078 1495 1145 raultituda

181 1195 246 1263 est,
276 1196 307 1248 rt
331 1184 427 1250 uobis
449 1197 582 1251 statura
604 1184 794 1273 procerior,
821 1186 918 1252 urbes
945 1206 1093 1274 rnaprtae
1115 1197 1146 1251 et
1166 1184 1214 1251 ad
1236 1184 1496 1275 caelitibusque

182 1289 335 1356 inunitae
358 1309 393 1369 »ς
421 1291 536 1358 —ita
562 1291 664 1358 etiam
688 1294 778 1358 LXX
798 1290 916 1358 Cbald.
933 1293 1013 1380 Spr.
1030 1291 1207 1380 explicant
1236 1307 1351 1357 arne:
1382 1307 1493 1366 nutem

181 1394 359 1475 1101113,1;
387 1395 508 1464 similis
538 1398 708 1487 expressio
739 1401 838 1465 Num.
870 1404 982 1477 teas.
1011 1397 1090 1464 litae
1122 1398 1327 1467 munitiones
1354 1404 1432 1465 sunt
1460 1399 1496 1465 in

183 1501 299 1587 coelis,
322 1502 368 1569 ad
391 1504 502 1570 coelos
528 1526 635 1594 usqne
657 1503 863 1593 pertingunt
883 1504 970 1593 (Dill
1010 1504 1034 1592 .)
1052 1543 1097 1555 -
1120 1533 1135 1567 «
1158 1505 1250 1594 filios
1276 1504 1495 1572 1111αοὶ11111-

183 1605 295 1673 dirruts
310 1608 358 1674 ibi
371 1637 403 1675 ».
421 1610 469 1675 Cf.
486 1613 536 1676 CN
550 1633 585 1700 p.
606 1616 681 1676 110.

225 1736 257 1780 v.
279 1720 321 1779 ⁶29
339 1742 354 1775 a
373 1713 619 1782 uitiatoris
643 1738 655 1784 .·
677 1715 793 1784 Nolite
818 1729 985 1799 metuere,
1006 1741 1067 1784 aec
1085 1717 1236 1785 timeatis
1254 1741 1308 1785 eas
1335 1747 1365 1785 ».
1387 1718 1498 1785 Misia

183 1819 384 1887 memoriam
397 1827 534 1889 revocat
545 1828 688 1911 Moyses,
704 1844 762 1890 eos
776 1822 941 1913 progredi
962 1823 1065 1891 Iahve
1084 1824 1187 1907 duce,
1207 1825 1268 1914 qui
1283 1830 1499 1914 pugnaturus

181 1926 224 1991 sit
254 1949 317 2015 pro
346 1929 394 1993 eis
421 1935 540 1996 eontra
568 1929 728 1996 inimicos
754 1929 884 1996 validos
910 1952 973 2018 pro
1002 1952 1063 1997 suo
1091 1932 1126 1996 in
1153 1953 1210 1996 eos
1236 1952 1369 2009 amore3
1395 1952 1498 2019 quem

184 2032 449 2100 manifestaverit
463 2034 498 2100 in
515 2037 681 2124 portentis
701 2036 849 2125 Aegypti
874 2041 907 2101 et
931 2035 969 2101 in
990 2035 1087 2102 suavi
1110 2058 1172 2124 per
1195 2036 1368 2102 desertum
1383 2036 1499 2125 provi-

181 2139 309 2206 dentia.
338 2162 370 2205 v.
396 2146 439 2207 30
461 2168 476 2201 «
500 2143 665 2208 Dominus
685 2145 785 2225 Deus,
812 2140 875 2231 qui
890 2140 1013 2208 ductor
1031 2155 1080 2208 est
1106 2155 1224 2223 vester,
1236 2165 1302 2232 pra
1321 2142 1412 2208 uobis
1427 2144 1498 2231 ipse

176 2245 361 2335 preparabit,
379 2247 565 2333 sicutsecit
579 2247 616 2313 in
630 2251 786 2338 Aepppta
802 2248 934 2315 cttuctis
952 2278 967 2307 1>
981 2302 989 2330 ‚
1011 2271 1072 2315 seu
1087 2250 1202 2337 potius
1217 2250 1319 2333 uobis,
1340 2276 1355 2309 «
1378 2247 1498 2315 riden-

182 2351 270 2418 tibus
292 2381 322 2419 ».
344 2356 457 2420 Testes
484 2353 635 2421 oculatos
656 2353 821 2444 appellat.
842 2376 875 2420 r.
898 2361 939 2421 31
969 2384 984 2416 a
1001 2357 1048 2420 Et
1071 2354 1108 2421 iu
1130 2354 1329 2442 solitudine,
1353 2355 1425 2444 ipse
1447 2355 1498 2421 ui-

182 2457 279 2540 disti,
296 2461 448 2548 portauit
467 2471 499 2526 te
521 2459 690 2527 Dominus
712 2464 798 2526 Deus
824 2472 920 2542 tuus,
941 2472 980 2527 ut
1004 2462 1088 2527 solet
1106 2461 1206 2529 bomo
1220 2475 1353 2551 pestare
1365 2484 1498 2552 parvit-

184 2565 253 2630 111111
272 2565 385 2653 filium
400 2589 517 2650 setam,
533 2566 571 2633 ia
593 2567 688 2633 orani
706 2566 762 2633 via
777 2589 840 2656 per
859 2590 962 2657 quam
983 2568 1200 2645 ambulastis,
1219 2567 1325 2634 dorice
1338 2568 1498 2634 rametis

184 2670 232 2737 ad
247 2670 358 2738 10011111
374 2672 478 2739 istum
499 2701 530 2739 s.
547 2678 591 2740 De
607 2673 752 2751 suffixis,
768 2673 846 2740 vide
861 2696 949 2763 quae
963 2673 1161 2741 dicebamus
1173 2696 1276 2763 supra
1295 2698 1328 2762 p.
1354 2682 1429 2766 110.

227 2781 301 2844 Non
320 2779 426 2847 refert
449 2784 591 2867 Moyses,
620 2780 705 2869 quid
728 2784 823 2847 losne
846 2785 880 2847 et
901 2780 1004 2847 Caleb
1019 2779 1167 2846 dixerint
1191 2785 1290 2847 Num.
1313 2788 1390 2862 11,6
1405 2801 1496 2868 sqq,

183 2885 266 2973 quia
288 2907 358 2952 non
378 2885 503 2953 borum
522 2888 675 2953 virorum
699 2888 936 2954 alletoritatem
956 2893 991 2953 et
1010 2886 1283 2954 moderationem
1303 2907 1497 2953 1011000111-

184 2991 416 3058 mendandam
429 2993 593 3083 suseepit;
611 3016 682 3060 non
699 2995 816 3074 refert,
834 2993 918 3082 quid
937 2992 1003 3060 sibi
1024 2992 1072 3059 ib.
1092 3016 1125 3060 v.
1150 2999 1170 3059 3
1193 3015 1247 3083 sq.
1268 2992 1412 3060 Hebraei
1432 2993 1498 3058 im-

185 3098 430 3186 pudentissime
459 3099 715 3188 responderint3
751 3099 826 3183 sed,
858 3099 1034 3167 affirmans
1059 3099 1138 3166 illos
1163 3099 1304 3166 eredere
1333 3099 1496 3179 renuisse,

183 3205 335 3272 breviter
366 3207 490 3295 repetit
520 3205 689 3295 altiusque
718 3206 869 3273 inculcat
899 3212 1142 3294 argumentum
1169 3229 1201 3273 v.
1235 3212 1275 3273 31
1312 3206 1495 3295 prolatum.

184 3335 216 3378 v.
233 3318 278 3378 32
296 3315 370 3379 «Et
389 3334 450 3379 aec
469 3311 674 3402 sicquidem
693 3341 709 3375 s
726 3353 770 3363 —
783 3315 886 3381 Hebr.
907 3313 990 3380 :sed
1004 3313 1041 3379 ia
1056 3314 1117 3379 bac
1132 3335 1285 3379 sannone
1301 3312 1348 3402 (v.
1377 3311 1497 3399 29-31)

183 3440 405 3509 nequaquam
426 3442 485 3485 uas
507 3458 551 3469 -
579 3448 594 3481 u
618 3419 812 3486 credidistis
832 3419 975 3486 Domino
997 3423 1066 3485 Dea
1093 3432 1201 3485 uestro
1225 3446 1261 3497 1,
1288 3441 1320 3484 v.
1343 3426 1417 3484 33«
1436 3417 1498 3503 qui

183 3525 365 3611 praecessit
392 3548 449 3592 uas
470 3525 507 3591 ia
531 3525 603 3610 uia,
622 3539 654 3592 et
675 3537 822 3613 ructatus
842 3539 889 3592 est
910 3526 1038 3604 locum,
1061 3525 1098 3590 ia
1119 3548 1186 3614 qua
1207 3524 1379 3611 [tentoria]
1392 3524 1498 3613 fipere

186 3629 364 3717 deberetis,
383 3644 480 3699 noete
502 3631 681 3700 ostendens
701 3633 792 3699 rotis
818 3632 882 3698 iter
900 3654 962 3722 per
990 3632 1125 3719 ipncrrt,
1152 3644 1184 3697 et
1207 3629 1263 3697 die
1284 3652 1345 3720 per
1371 3630 1498 3697 colum-

187 3759 267 3802 nam
282 3737 380 3803 uirbis
405 3765 436 3806 1.
452 3743 528 3805 Non
553 3740 760 3825 generaliori
777 3745 911 3806 tantum
929 3737 1061 3805 ratione
1079 3743 1165 3805 Deus
1179 3736 1247 3804 illis
1260 3737 1426 3827 providit,
1441 3736 1500 3804 sed

186 3844 340 3932 parentis
350 3843 457 3910 instar
469 3845 524 3911 via
537 3846 670 3937 primus
685 3846 833 3927 incessit,
844 3852 881 3911 ut
894 3844 1030 3912 facilius
1042 3844 1108 3933 ipsi
1120 3850 1356 3933 sequerentur,
1369 3850 1407 3910 ut
1417 3843 1500 3933 ipsis

186 3949 378 4041 exploraret
389 3949 499 4018 locum
509 3951 718 4042 quiescendi,
731 3957 768 4018 ut
777 3952 843 4040 ipsi
853 3951 887 4017 in
898 3951 971 4017 eius
981 3950 1111 4016 lumine
1123 3949 1275 4017 viderent
1284 3951 1375 4016 erata
1386 3958 1498 4017 noctu.

229 4058 379 4144 BreviuS,
398 4080 503 4147 quam
523 4057 560 4125 id
582 4064 679 4128 Num.
713 4064 811 4139 1t,21
839 4080 915 4146 sqq.
946 4058 1059 4124 tuerat
1082 4058 1227 4137 sactum,
1250 4058 1354 4123 refert
1379 4061 1502 4144 Moyses

186 4165 408 4246 sententiam,
426 4187 530 4255 quarn
555 4165 632 4231 tulit
659 4166 761 4230 labve
785 4165 820 4230 in
844 4164 1013 4254 populum
1040 4163 1218 4230 rebellem.
1243 4186 1274 4230 v.
1298 4170 1339 4232 st
1359 4192 1374 4224 «
1398 4165 1500 4230 011111-

185 4294 250 4360 qtte
274 4271 428 4338 usedisset
450 4272 617 4338 Dominus
632 4292 746 4336 cracem
770 4292 962 4337 scrutantem
986 4283 1189 4349 uestrorum,
1208 4269 1316 4336 iratus
1328 4271 1454 4337 t'ctrurr't
1470 4282 1502 4335 et

186 4378 236 4444 uit
254 4408 270 4440 1
289 4402 297 4447 :
314 4401 346 4446 v.
366 4386 407 4446 35
422 4406 438 4439 a
452 4381 530 4446 Nan
546 4377 672 4443 ridebit
687 4377 860 4466 quispiam
876 4377 917 4443 de
940 4376 1133 4443 botruitibus
1145 4377 1379 4466 perierationis
1396 4377 1499 4442 tritius

184 4487 353 4573 pessimae
372 4498 498 4551 terram
521 4484 642 4550 bonam
657 4536 665 4566 ,
683 4507 788 4574 quara
810 4487 871 4551 sub
891 4485 1083 4551 iuramento
1098 4484 1275 4574 pollicitus
1298 4506 1372 4549 stau
1386 4482 1498 4571 patri-

188 4593 247 4657 bus
269 4592 385 4658 uestris
411 4622 426 4651 »
453 4592 626 4658 —Verba
647 4591 821 4680 persecutia
845 4591 927 4658 baec
950 4590 1100 4681 pessima
1123 4613 1190 4655 non
1215 4588 1386 4656 habentur
1407 4586 1499 4672 apud

188 4701 279 4763 LXX
301 4721 410 4788 neque
441 4703 539 4765 Narn.
569 4705 609 4765 11
637 4720 643 4766 ;
666 4706 890 4786 quaetanren
912 4703 1051 4764 nonest
1074 4697 1161 4762 ratio
1186 4696 1358 4761 sufficiens
1381 4713 1499 4758 eorum
