3366 5346
587 290 692 335 srrcrs
713 291 998 336 nnttrnnoaourcrs.
1396 279 1451 336 133

181 424 205 488 f.
229 421 301 487 Stili
324 420 494 509 quaedam
522 420 653 489 leviora
679 424 877 492 discrimina
899 430 1040 515 potuere
1059 425 1305 514 prolecta-esse
1323 448 1392 491 non
1409 429 1452 492 ab

137 535 294 607 auctore,
318 527 377 593 sed
397 527 441 593 ab
469 527 584 616 aliquo
611 535 689 618 post
711 531 810 597 illum
830 530 958 617 scriba,
983 529 1043 621 qui
1069 530 1276 620 expressioni
1307 532 1453 598 auctoris

135 633 349 702 substituerit
368 633 469 700 aliam
490 656 550 701 suo
569 657 653 703 aevo
669 637 780 723 magis
796 640 971 717 usitatam;
988 636 1159 725 quaedam
1180 636 1451 726 orthographiae

136 740 366 831 potiusquam
380 739 449 806 stili
464 740 630 809 idiomata
645 743 785 812 luerint.
803 745 851 811 cf.
865 766 901 811 n.
920 749 951 810 t.
969 750 1021 810 38.
1039 748 1092 811 ts.
1106 750 1161 809 75.

180 869 217 933 g.
235 850 308 912 Non
322 846 420 912 laoile
433 847 665 935 expressiones
681 872 758 931 eae,
774 872 861 939 quae
879 850 917 917 in
929 856 1000 916 toto
1015 854 1051 916 V.
1078 854 1112 915 Τ.
1134 855 1214 915 sunt
1235 850 1448 933 rarissimae,

136 952 336 1021 statuendae
353 957 432 1019 sunt
444 975 509 1042 pro
524 954 746 1022 idiomatibus
758 957 861 1025 unius
877 956 1022 1023 alicuius
1037 977 1119 1045 prae
1133 957 1256 1022 ceteris
1272 956 1423 1045 epochae
1441 979 1448 1024 ε

137 1060 180 1127 cl.
198 1081 232 1124 n.
251 1066 282 1125 8.
303 1065 353 1125 16.
372 1065 426 1126 25.
446 1066 515 1127 35¹2.
534 1060 601 1127 lul.

95 1248 99 1253 .
181 1167 215 1232 h.
233 1170 325 1231 luter
349 1164 515 1232 idiomata
534 1165 613 1249 illa,
640 1191 729 1257 quae
754 1168 902 1235 certiora
927 1173 1020 1249 sunt,
1046 1175 1080 1235 et
1099 1168 1179 1251 alia,
1206 1190 1294 1256 quae
1318 1167 1452 1234 nullum

137 1271 278 1338 omnino
298 1277 357 1337 aut
375 1277 475 1339 tenue
497 1278 632 1341 tantum
654 1275 785 1341 hahent
809 1280 1037 1359 momentum,
1058 1274 1263 1341 interiacent
1286 1273 1355 1341 alia
1377 1275 1455 1364 plu·

137 1378 241 1457 rima,
271 1400 419 1465 equorum
445 1384 495 1445 est
517 1379 652 1447 diversa
675 1380 710 1447 in
737 1403 772 1448 se
799 1381 1038 1471 probabilitas,
1066 1388 1100 1449 et
1124 1382 1219 1448 varia
1239 1382 1453 1448 diversorum

136 1486 366 1573 interpretum
388 1485 636 1579 aestimatione.
657 1492 773 1578 Neque
794 1488 904 1568 enim,
922 1488 984 1554 uhi
1000 1486 1045 1554 ad
1062 1488 1199 1555 minora
1215 1510 1371 1576 quaeque
1395 1486 1454 1553 de-

136 1591 330 1674 scenderis,
353 1590 426 1658 eius
453 1590 504 1657 rei
528 1592 745 1661 definiendae
771 1601 883 1662 certae
907 1601 986 1661 sunt
1011 1616 1170 1676 normae,
1193 1595 1252 1661 sed
1277 1616 1364 1682 quae
1386 1593 1454 1661 sint

135 1696 302 1763 idiomata
317 1696 530 1764 admittenda
552 1721 683 1788 quaeve
704 1723 789 1783 non,
812 1724 900 1792 quae
920 1701 1066 1789 singulis
1088 1700 1305 1769 decernenda
1324 1699 1453 1789 proba-

136 1803 268 1885 bilitas,
296 1802 414 1869 critico
449 1805 554 1871 veluti
583 1807 746 1874 instinctu
776 1814 810 1875 et
841 1830 942 1876 sensu
969 1807 1144 1875 delinitur.
1176 1813 1293 1897 Neque
1322 1812 1451 1888 tamen,

135 1908 230 1997 quod
249 1907 365 1997 plures
387 1908 537 1976 rationes
558 1911 700 1977 seorsim
723 1933 927 2002 perpensae,
946 1935 1070 2002 parum
1094 1912 1252 1999 singulae
1273 1911 1455 1977 videantur

134 2014 265 2082 hahere
286 2014 555 2104 probabilitatis,
573 2016 654 2083 inde
673 2019 839 2107 sequitur,
856 2018 1036 2086 iisdem'in
1061 2039 1167 2084 unum
1182 2017 1334 2084 collectis
1351 2023 1453 2085 tenue

136 2120 256 2187 itidem
273 2121 383 2188 inesse
408 2128 647 2191 momentum:
670 2124 839 2212 siquidem
863 2126 1030 2191 maiorem
1053 2123 1242 2214 quamdam
1265 2123 1451 2191 efficaciam

136 2226 265 2294 habent
286 2227 415 2294 indicia
437 2228 596 2295 tenuiora
619 2230 738 2319 plura,
763 2231 902 2319 quando
923 2231 961 2297 in
981 2252 1085 2297 unam
1109 2230 1309 2320 conspirant
1330 2230 1453 2320 proha·

136 2333 273 2401 tionem.

180 2445 225 2507 Ex
238 2440 290 2507 his
308 2441 388 2507 satis
407 2447 567 2531 apparet,
590 2448 641 2509 sat
661 2442 800 2510 difficile
817 2443 898 2510 solis
924 2442 1146 2512 idiomatibus
1160 2444 1227 2511 stili
1242 2450 1394 2511 nostram
1411 2443 1453 2512 de

135 2554 230 2615 Dent.
255 2547 487 2637 quaestionem
503 2548 632 2617 dirimi.
654 2556 725 2626 Qua
747 2549 784 2615 in
812 2573 848 2616 re
868 2550 1136 2617 consentientem
1164 2550 1262 2616 nobis
1286 2551 1453 2617 habemus

135 2657 219 2721 Ii'ue.
240 2677 275 2743 p.
306 2661 368 2721 106
396 2677 403 2724 :
434 2685 448 2715 α
471 2660 766 2745 Supervaoaneum
792 2655 931 2722 videtur
952 2655 1117 2722 lectorem
1142 2677 1296 2739 monere,
1320 2657 1452 2722 etiamsi

134 2760 238 2851 plura
259 2761 529 2847 congesserimus
553 2761 721 2829 idiomata
741 2761 798 2843 iis,
821 2785 908 2851 quae
936 2762 1211 2841 conferebamus,
1236 2761 1273 2827 id
1300 2783 1370 2828 non
1396 2763 1451 2829 lu-

133 2875 250 2934 turum
273 2868 370 2950 satis,
385 2891 454 2958 quo
476 2868 578 2956 plene
598 2867 782 2936 edoceatur
805 2869 911 2935 lector
935 2869 1052 2936 stilum
1078 2866 1237 2935 auctoris.
1254 2871 1337 2934 Eum
1351 2868 1451 2957 plene

63 3052 67 3059 .
134 2975 321 3063 perspicies
340 2979 413 3041 tum
428 2980 580 3055 tantum,
598 2997 676 3043 oum
691 2975 818 3041 librum
836 2976 961 3041 iterum
982 2975 1176 3064 iterumque
1193 2971 1405 3064 pervolveris
1420 3002 1449 3040 a.

133 3086 173 3150 Et
196 3086 256 3148 Dr.
280 3105 315 3169 p.
341 3086 473 3149 mxxv
497 3103 504 3149 :
529 3109 545 3142 «
569 3086 657 3148 llere
680 3082 822 3149 elencho
843 3081 1049 3148 idiomatum
1072 3103 1143 3147 non
1163 3080 1372 3148 sufficienter
1392 3081 1451 3148 de-

133 3187 294 3255 scribitur
322 3189 470 3254 auctoris
494 3187 638 3255 alicuius
659 3187 773 3270 stilus;
792 3188 1020 3255 attendendus
1045 3194 1224 3276 praeterea
1247 3192 1297 3255 est
1313 3187 1446 3263 modus,

133 3317 202 3383 quo
220 3295 407 3361 sententiae
426 3294 618 3381 iunguntur
639 3295 729 3361 inter
754 3318 805 3375 se,
829 3300 1075 3362 construuntur
1097 3301 1130 3359 et
1146 3294 1284 3381 rhytmo
1298 3293 1449 3382 (quodam

133 3401 257 3468 lluunt.
279 3405 367 3477 Quae
386 3424 455 3467 non
481 3408 622 3491 possunt
644 3402 681 3468 in
700 3400 881 3468 elenchum
902 3400 1103 3488 comprimi,
1125 3398 1185 3464 sed
1208 3399 1290 3464 libri
1306 3400 1451 3487 repetita

134 3506 280 3574 lectione
312 3509 515 3574 sentiuntur.
546 3509 580 3574 Si
603 3510 667 3574 hac
686 3509 817 3574 ratione
836 3507 951 3574 stilum
977 3512 1072 3572 lleut.
1101 3503 1343 3589 regustaveris,
1371 3527 1449 3593 per-

133 3614 272 3703 spicies,
291 3622 504 3705 quantopere
527 3617 555 3680 is
574 3614 709 3682 dillerat
733 3615 777 3681 ab
804 3614 879 3680 aliis
909 3608 1129 3702 pentateuchi
1151 3610 1248 3676 libris
1269 3638 1299 3676 ›>.
1323 3615 1450 3701 lteapse

134 3741 236 3787 omne
257 3720 363 3802 illud,
388 3728 693 3809 quantumcunque
720 3722 840 3795 luerit,
862 3720 1067 3785 idiomatum
1093 3717 1264 3799 studium,
1292 3718 1450 3807 perficia-

134 3830 191 3894 tur
209 3834 344 3916 oportet
367 3828 428 3892 illa
449 3833 578 3892 attenta
603 3834 636 3892 et
661 3829 805 3915 repetita
830 3825 913 3891 libri
935 3824 1092 3890 lectione.
1122 3824 1217 3901 Quod
1245 3823 1323 3890 talis
1349 3823 1450 3890 lectio

133 3941 295 4020 suggeret
319 3934 496 4013 iudicium,
520 3933 704 4022 pertinebit
723 3933 809 3997 illud
830 3931 994 3998 etiamad
1014 3936 1123 3998 artem
1147 3931 1261 4020 potius
1281 3952 1386 4018 {quarm
1406 3934 1449 3998 ad

134 4038 329 4121 scientiam,
353 4042 520 4106 sentietur
549 4041 658 4125 magis
694 4061 797 4127 quam
832 4038 1134 4121 demonstrabitur,
1164 4037 1228 4103 erit
1265 4042 1380 4103 tamen
1409 4062 1449 4106 eo

133 4144 239 4232 longe
261 4147 404 4228 firmius,
429 4146 519 4236 quod
542 4145 615 4212 sola
644 4145 849 4212 idiomatum
876 4144 1132 4234 comparatione
1162 4142 1345 4224 constabit;
1374 4146 1449 4210 elfi-

135 4252 244 4318 cietur
265 4275 334 4319 non
360 4253 577 4340 singularum
604 4274 725 4319 vocum
754 4252 814 4318 sed
839 4250 1101 4331 sententiarum,
1130 4273 1199 4316 non
1232 4250 1448 4331 singularum

134 4359 381 4426 sententiarum
417 4362 475 4425 sed
503 4359 606 4426 totius
632 4359 798 4425 sermonis
824 4364 961 4425 matura
985 4356 1275 4437 consideratione,
1304 4379 1373 4423 non
1400 4366 1449 4424 at-

135 4465 282 4551 tingitur
297 4467 487 4532 scribarum
499 4465 739 4532 inconstantia.

179 4575 410 4640 Penhitcrrclro
434 4574 540 4660 igitur
562 4574 688 4639 iterum
714 4574 907 4661 iterumque
933 4578 1060 4639 attente
1087 4572 1279 4662 pervoluto,
1302 4571 1451 4652 ingenue

134 4678 257 4761 lateor,
289 4680 359 4745 alio
382 4681 469 4746 arilei
493 4681 572 4747 stilo
600 4681 808 4769 conscriptos
832 4678 943 4746 citiori
970 4677 1057 4745 (litas
1079 4677 1206 4766 illapsis
1230 4676 1399 4742 oratiomo
1423 4686 1455 4738 et
