3366 5346
179 279 238 337 378
513 328 516 333 .
628 285 1039 335 1111111111111111111111.

179 431 278 493 Num.
301 430 482 508 35,1o-2a;
503 420 766 514 praeambulum
789 441 868 487 vero
887 424 921 485 et
941 416 1110 485 monitum
1129 415 1231 483 unius
1249 419 1327 482 sunt
1345 413 1501 482 auctoris

178 538 288 620 Moyse
304 531 515 613 recentioris
531 528 624 620 quod
637 532 761 616 Moyses
771 524 865 592 credi
877 530 1027 615 nequeat
1039 523 1159 614 paucis
1172 521 1361 590 interiectis
1372 521 1500 588 diebus

179 644 212 705 ct
232 659 414 705 numerum
429 659 549 704 earum
567 634 745 702 civitatum
760 631 974 699 restrinxisse
996 630 1040 698 ad
1060 636 1129 697 tres
1150 630 1259 719 (Num.
1278 627 1395 719 35,1t)
1418 650 1498 696 rur-

178 767 324 834 sumque
339 743 525 810 extendisse
541 743 586 810 ad
602 763 659 808 sex
679 741 787 829 (Deut.
808 738 915 826 19‚9).'
933 737 980 804 Cl'.
1006 758 1094 827 quae
1110 735 1308 803 dicebamus
1322 759 1357 825 p.
1376 742 1433 802 28.

223 856 320 916 Num.
340 854 479 930 sap-31»
500 852 644 915 vernest
663 847 728 927 lex,
751 876 765 907 a
787 851 952 913 statutum
973 841 1126 911 iudicii»
1145 842 1191 931 (v.
1212 842 1282 931 29),
1309 843 1498 909 materiam

114 961 116 964 ’
178 957 268 1024 clare
284 960 318 1022 ct
332 956 502 1045 complete
516 953 682 1021 deliniens
704 973 711 1021 :
730 957 883 1019 recenset
900 973 941 1018 ea
954 948 986 1017 ’1.
1013 956 1110 1026 16-21
1130 948 1243 1017 varios
1258 969 1366 1030 casus,
1384 971 1419 1014 v.
1439 955 1494 1024 12.

178 1067 220 1133 21
241 1085 293 1153 sq.
310 1061 477 1131 iudicium
499 1059 676 1141 describit,
694 1058 808 1146 legem
824 1082 855 1126 v.
878 1065 918 1125 15
938 1056 981 1124 ad
1000 1056 1151 1124 advenas
1173 1053 1276 1122 etiam
1294 1056 1497 1146 pertingere

177 1169 387 1258 pronuntiat,
408 1191 442 1234 v.
462 1173 565 1236 att-3³2
580 1164 743 1256 probibet
763 1187 934 1232 excessum
952 1186 991 1231 ex
1012 1163 1098 1230 urbe
1116 1161 1243 1249 refugii
1258 1167 1317 1229 aut
1330 1161 1495 1251 redemp-

177 1276 317 1343 tionem.
342 1279 387 1340 De
422 1272 617 1341 civitatibus
648 1271 775 1359 refugii
801 1276 895 1339 trans
919 1269 1099 1337 Iordanem
1127 1268 1169 1336 cf.
1204 1273 1300 1336 Dent.
1334 1274 1491 1349 act-ta.

178 1386 273 1448 Dent.
298 1388 338 1448 19
354 1379 396 1446 de
411 1379 492 1447 solis
505 1377 740 1446 cisiordanicis
753 1376 869 1464 agitur
883 1376 940 1466 (11.
958 1399 990 1443 v.
1011 1376 1058 1467 1),
1081 1398 1167 1466 quas
1180 1379 1275 1442 losue
1289 1374 1495 1462 designave-

179 1492 312 1575 ratlos.
329 1493 384 1553 20.
407 1490 474 1552 lloc
495 1491 589 1552 losue
616 1483 816 1550 mandatum
837 1482 973 1551 effectui
990 1505 1059 1550 esse
1075 1481 1289 1565 mandatum,
1311 1481 1496 1550 coufirmat

179 1597 296 1658 nostra
314 1591 379 1658 lex.
407 1597 521 1681 Neque
544 1590 649 1672 enim,
673 1589 703 1657 si
730 1589 884 1657 civitates
907 1589 1033 1676 refugii
1057 1611 1128 1662 non
1153 1593 1261 1669 erant,
1290 1587 1406 1655 danda
1427 1587 1497 1663 tuit

180 1698 373 1766 accuratior
388 1721 419 1764 v.
445 1703 552 1764 1-611
576 1703 614 1765 11
642 1719 692 1786 sq.
711 1695 910 1786 descriptio,
932 1695 1073 1785 quinam
1089 1694 1124 1761 in
1144 1693 1223 1762 illas
1238 1700 1348 1762 essent
1365 1693 1494 1761 admit-

179 1803 287 1886 tendi,
306 1805 407 1894 quive
427 1826 509 1869 non.
532 1802 608 1888 Sed,
628 1802 839 1891 perturbatis
861 1801 1015 1869 iudicum
1037 1801 1251 1891 temporibus
1270 1799 1349 1868 lieri·
1364 1799 1490 1889 potuit,

181 1916 217 1977 ut
231 1909 291 1977 illa
312 1909 446 1995 refugia
463 1931 532 1975 non
556 1915 666 1975 essent
688 1908 769 1974 satis
788 1914 872 1993 tuta,
897 1913 935 1974 ut
954 1907 1042 1975 aliae
1062 1907 1231 1997 quaedam
1247 1908 1350 1999 nrbes
1365 1905 1496 1994 refugii

180 2015 402 2106 privilegium
418 2015 486 2081 sibi
507 2018 721 2102 arrogarent,
747 2021 784 2082 ut
799 2015 986 2082 insolentes
1000 2015 1110 2104 aliqui
1132 2012 1290 2081 homiues
1305 2012 1495 2081 domi'sub-

180 2122 336 2191 sisterent
349 2127 383 2188 et
401 2120 653 2209 redemptorem
669 2120 849 2207 sanguinis
864 2122 897 2187 vi
914 2121 1132 2211 repellerent.
1147 2120 1311 2188 Videntur
1326 2120 1373 2209 (v.
1391 2120 1426 2208 9)
1442 2126 1495 2187 sat

181 2228 281 2294 multi
301 2227 344 2294 ad
369 2229 464 2315 asyla
488 2226 695 2313 confugisse,
719 2226 834 2315 plures
857 2227 959 2293 ctiam
976 2227 1035 2317 qui
1051 2226 1191 2293 minime
1213 2230 1325 2294 essent
1346 2224 1491 2309 innoxii,

180 2332 273 2424 quod
289 2355 351 2400 ev.
370 2339 401 2400 t.
419 2357 495 2423 sqq.
513 2332 636 2414 iniero,
657 2331 719 2400 ubi
737 2337 808 2399 tam
827 2339 986 2400 accurate
1004 2334 1159 2423 exemplo
1175 2332 1394 2413 describitur,
1416 2331 1494 2422 quis

179 2438 394 2529 reputandus
417 2438 460 2505 sit
488 2438 620 2520 insons;
649 2438 694 2505 ad
716 2439 807 2527 asyla
841 2439 1050 2530 quandoque
1078 2445 1192 2506 sontes
1219 2438 1494 2506 admittebantur

182 2545 227 2633 (v.
248 2551 285 2611 11
307 2545 399 2634 sqq.)
425 2544 544 2634 ibique
566 2543 731 2611 immeriti
749 2545 1038 2634 protegebantur;
1063 2546 1296 2635 redemptores
1314 2544 1495 2631 sanguinis

179 2650 326 2720 vicissim
357 2652 403 2739 (v.
436 2649 657 2741 dividentur
683 2651 788 2718 fuisse
815 2651 858 2719 ad
885 2651 1071 2720 vindictam
1093 2651 1192 2719 valde
1217 2652 1358 2734 alacres,
1389 2650 1494 2719 etiam

179 2758 240 2825 ubi
254 2757 297 2824 de
321 2757 463 2828 fortuita
477 2756 581 2824 caede
601 2763 773 2845 ageretur.
803 2762 880 2825 Erat
904 2781 950 2826 sc.
970 2758 1056 2826 illud
1077 2780 1200 2827 aevum
1221 2759 1359 2840 durum,
1385 2758 1493 2843 ferox,

180 2864 282 2931 exlex.
307 2868 390 2929 Nota
412 2868 546 2950 lloysen
567 2865 734 2946 statuisse,
757 2870 794 2930 ut
811 2886 930 2931 ornnes
955 2864 1081 2952 refugii
1101 2864 1204 2932 urbes
1226 2869 1336 2932 essent
1351 2864 1493 2937 eaedem

180 2969 281 3034 etiam
313 2969 505 3035 chitarum
528 2968 629 3034 urbes
657 2991 664 3035 :
693 2969 814 3036 Levitis
837 2993 920 3058 prae
941 2971 1062 3037 ceteris
1092 2970 1314 3039 incumbebat
1334 2991 1425 3050 cura,
1454 2972 1494 3034 ut

179 3079 294 3143 sancte
307 3079 537 3154 servarentur,
548 3062 688 3162 quaeda
701 3074 805 3162 asylis
817 3076 948 3143 sancita
958 3084 1066 3144 erant.
1080 3077 1264 3145 ninevitae
1279 3078 1393 3168 plures
1406 3096 1492 3143 aevo

179 3179 331 3245 iudicum
349 3179 393 3244 ad
410 3178 660 3246 mendicitatem
677 3181 747 3246 1111
759 3188 858 3248 crant
873 3182 1015 3249 redacti.
1035 3184 1304 3270 Negligebantur
1319 3204 1397 3251 cum
1409 3182 1493 3271 ipsis

180 3284 284 3371 asyla.
312 3288 390 3350 Erat
416 3284 565 3372 prolecto
587 3283 692 3367 ratio,
719 3309 780 3352 eur
814 3310 934 3355 corum
960 3291 1175 3357 sanctitatem
1202 3297 1319 3383 noster
1342 3291 1494 3378 scriptor

179 3391 450 3460 commendaret.

189 3564 192 3569 ⁴
223 3501 318 3563 Dent.
338 3503 474 3580 19,1-13
493 3520 561 3565 101
577 3497 778 3567 inscribitur
797 3499 864 3582 111,
886 3501 944 3567 scd
963 3525 1085 3585 sermo,
1108 3517 1166 3566 111
1183 3504 1227 3591 (v.
1244 3504 1290 3593 1),
1306 3502 1399 3593 quod
1411 3508 1492 3592 apte

177 3604 390 3669 transtuleris
404 3604 493 3688 legis
509 3604 785 3693 explicationem.
804 3612 854 3687 Et,
873 3609 922 3674 uti
943 3615 1032 3691 15‚5.
1053 3617 1093 3676 15
1110 3609 1294 3700 ecple'cctio
1312 3610 1358 3699 (v.
1381 3608 1490 3698 2111)

177 3707 220 3773 dc
245 3730 333 3773 anno
363 3709 570 3776 remissionis
595 3711 708 3778 verbis
733 3740 748 3773 u
774 3717 846 3799 Ego
875 3714 1003 3781 mando
1026 3716 1090 3782 tibi
1116 3716 1377 3807 explicationem
1402 3716 1493 3782 banc

178 3812 279 3880 hodie
299 3842 315 3875 »
333 3837 414 3880 vera
430 3837 500 3881 esse
516 3815 569 3882 lex
592 3818 847 3906 pronuntiatur,
872 3819 919 3887 ita
936 3821 970 3888 h.
988 3821 1011 3888 l.
1033 3844 1065 3890 v.
1083 3831 1101 3887 7
1119 3822 1302 3912 applicatio
1317 3821 1359 3888 de
1374 3821 1493 3889 civita-

177 3920 269 3986 tibus
295 3921 421 4008 relugii
448 3920 571 3987 iisdem
599 3924 851 4013 propemodum
882 3927 995 3994 verbis
1017 3928 1061 3996 ad
1086 3929 1292 4016 dignitatem
1306 3929 1396 4016 legis
1413 3950 1493 3995 eve-

178 4026 288 4107 hitur3
306 4028 348 4094 11.
370 4034 496 4106 tamen,
520 4049 608 4116 quac
631 4029 783 4098 dicemus
805 4031 850 4098 ad
869 4056 901 4099 r.
929 4041 960 4099 7.
988 4035 1052 4100 Sed
1071 4035 1136 4124 ipsi
1154 4035 1372 4125 explicationi
1391 4057 1493 4125 prae-

178 4130 326 4196 mittitur
341 4132 505 4221 prologus
520 4155 551 4199 1.
568 4139 639 4199 1-3.
655 4137 714 4201 Ubi
730 4159 760 4202 v.
775 4143 795 4202 2
812 4139 959 4228 scriptor
971 4141 1138 4207 sermonis
1152 4141 1268 4208 thema
1284 4141 1466 4208 annuntiat
1482 4165 1489 4209 :

181 4263 196 4294 a
223 4241 303 4301 Tres
318 4238 469 4304 civitates
484 4239 660 4328 separabis
677 4241 739 4307 tibi
757 4271 787 4308 ».
803 4244 893 4311 Alias
909 4249 1010 4312 etiam
1028 4248 1202 4314 consuevit
1214 4248 1327 4337 legem
1338 4247 1493 4337 aliquam

179 4342 362 4408 mosaicam
383 4350 441 4409 aut
457 4350 563 4411 totam
579 4352 638 4412 aut
660 4350 865 4439 compendio
888 4354 1027 4434 reterre,
1050 4353 1106 4420 cui
1125 4376 1202 4421 suas
1217 4354 1297 4421 dcin
1317 4354 1493 4444 appendat

178 4448 425 4539 applicationes
439 4456 472 4516 et
485 4451 751 4541 explicationes:
772 4481 803 4523 v.
824 4481 850 4524 s.
869 4483 900 4548 p.
919 4467 982 4525 ‘279
998 4483 1071 4550 sqq.

226 4557 306 4646 Cup.
335 4558 416 4621 XIX
443 4581 474 4623 v.
502 4564 517 4623 1
545 4586 560 4618 «
588 4560 672 4625 Crem
697 4562 939 4651 disperdiderit
962 4567 1126 4634 Derideas
1149 4571 1238 4635 Deus
1259 4582 1337 4634 treus
1360 4581 1490 4657 pectre,

177 4686 322 4751 priorum
353 4665 414 4730 tibi
446 4662 636 4732 eradico-as
662 4681 709 4732 ert
744 4681 891 4757 terram,
926 4683 958 4739 11
987 4673 1177 4762 possederis
1207 4698 1280 4742 eoin
1314 4674 1491 4741 111111111-
