3366 5346
182 269 241 329 391
629 281 863 327 consacraneus
885 282 1043 329 sauuums.

181 418 394 499 obsecutum,
412 414 471 481 sed
491 413 643 503 graiiter
660 418 898 483 contumacem
917 438 951 483 se
972 413 1177 498 exhibuisse,
1199 415 1268 483 lere
1285 415 1394 482 etiam
1418 437 1500 483 eon-

178 523 339 592 tumelias
351 521 388 589 in
400 543 457 588 eos
471 520 629 589 effutiisse
644 519 735 610 (Lev.
753 522 861 612 20,9).
875 521 1020 590 adverte
1034 527 1225 613 praeterea,
1241 521 1328 589 haec
1344 521 1407 589 ubi
1422 543 1499 589 om-

178 631 236 698 nia
263 628 469 710 obtinerent,
496 626 630 694 nullum
658 627 761 694 luisse
785 629 985 719 parentibus
1006 631 1060 697 ius
1083 651 1215 720 poenae
1236 630 1305 696 suis
1332 628 1498 696 manibus

177 735 399 824 infligendae,
423 732 483 800 sed
502 738 635 800 tantum
649 732 705 801 ius
731 734 793 801 filii
812 758 919 825 penes
947 735 1076 803 iudices
1099 733 1339 817 denuntiandi,
1364 735 1418 803 ius
1442 735 1497 803 in-

178 865 294 934 quam,
314 840 421 908 verba
445 839 574 930 quippe
593 863 626 908 v.
651 847 691 908 19
715 864 765 931 sq.
790 865 859 910 uon
877 843 1067 910 necessario
1086 847 1209 910 sonant
1228 841 1493 930 obligationem.

177 948 344 1018 Facienda
358 952 473 1015 autem
484 946 548 1014 ista
564 946 777 1015 denuntiatio
791 948 836 1016 ab
847 962 992 1041 atroque
1006 955 1149 1043 parente
1164 947 1406 1039 (1111111111),
1425 973 1495 1040 quo

178 1054 376 1125 alterutrius
392 1053 523 1121 invidia
542 1054 790 1141 excluderetur,
808 1061 841 1122 et
855 1057 939 1124 haec
953 1056 1057 1124 etiam
1073 1078 1175 1124 causa
1193 1055 1341 1123 duorum
1356 1057 1495 1124 testium

179 1162 373 1232 testimonio
386 1160 598 1228 definiretur.
614 1161 829 1250 Sequebatur
840 1162 986 1230 iuridica
1000 1185 1121 1232 causae
1135 1163 1352 1249 examinatio,
1373 1164 1411 1230 in
1425 1185 1496 1252 qua

181 1270 271 1338 lilius
286 1291 344 1337 eos
356 1268 488 1335 habens
506 1272 729 1351 accusatores,
747 1291 831 1359 quos
847 1274 971 1337 natura
990 1271 1055 1338 sibi
1067 1274 1231 1360 patronos
1248 1275 1283 1337 et
1298 1268 1497 1337 defensores

181 1375 400 1463 designasset,
418 1373 546 1442 iudices
569 1373 761 1465 reperiebat
775 1377 954 1466 proniores
972 1376 1016 1444 ad
1035 1375 1301 1463 indulgentiam.
1319 1376 1495 1466 111111111-

180 1483 265 1550 bant
283 1482 336 1550 illi
350 1470 484 1563 sedulo,
502 1502 585 1548 num
600 1487 758 1572 parentes
774 1482 886 1550 filium
909 1482 1095 1570 diligenter
1115 1483 1316 1551 educassent
1339 1484 1448 1573 (Ios),
1464 1484 1497 1550 ei

182 1589 339 1680 exempla
353 1588 590 1677 praebuissent
604 1587 694 1654 vitae
708 1589 845 1656 sobriae
862 1596 895 1656 et
914 1589 1003 1658 bene
1019 1596 1186 1672 moratae,
1204 1611 1282 1657 eum
1299 1590 1377 1658 satis
1392 1611 1497 1680 saepe

180 1695 327 1786 satisque
344 1694 512 1760 instanter
522 1694 820 1763 com'monuissent.
843 1696 968 1775 Quodsi
981 1696 1019 1762 in
1035 1697 1160 1763 horum
1175 1696 1293 1787 aliquo
1306 1694 1402 1763 dubii
1414 1696 1497 1762 sub-

181 1810 265 1872 esset
286 1801 430 1891 atiquid,
448 1799 651 1868 crediderim
676 1801 804 1870 iudices
822 1802 932 1871 filium
951 1802 1149 1870 dimissuros
1164 1803 1270 1871 luisse
1285 1803 1395 1894 prima
1417 1801 1495 1870 vice

181 1932 297 1978 severe
310 1909 536 1989 admonitum,
553 1912 590 1975 ut
599 1905 664 1974 sibi
680 1908 717 1975 in
732 1912 908 1999 posterum
924 1915 1068 1977 caveret.

227 2017 369 2084 Videtur
383 2014 470 2082 mihi
486 2015 639 2104 prolecto
657 2015 743 2083 haec
761 2016 814 2083 tex
828 2016 943 2084 affinis
958 2037 1029 2085 esse
1049 2016 1136 2104 legis
1148 2021 1247 2082 Num.
1265 2021 1342 2098 5,11
1359 2036 1435 2106 sqq.
1454 2015 1497 2082 de

184 2123 366 2212 zelotypia.
390 2122 443 2188 Uti
467 2120 529 2187 illa
548 2120 684 2187 videtur
703 2121 844 2211 quidem
864 2124 901 2190 in
918 2145 1039 2190 uxores
1059 2145 1128 2190 esse
1147 2128 1286 2202 statuta,
1307 2144 1428 2190 revera
1447 2127 1496 2189 ta-

187 2252 265 2294 men
280 2250 401 2294 uxores
415 2227 460 2292 ab
481 2225 611 2314 iniquis
633 2227 835 2294 maritorum
855 2228 1105 2319 suspicionibus
1128 2228 1295 2311 defendit,
1312 2228 1362 2296 ita
1381 2234 1498 2296 nostra

188 2335 240 2401 lex
265 2333 477 2400 severissime
502 2331 642 2421 quidem
672 2332 807 2400 videtur
836 2334 874 2402 in
905 2333 1072 2425 quosdam
1093 2335 1184 2402 filios
1207 2335 1496 2423 animadvertere,

186 2462 304 2531 reapse
317 2445 434 2505 tamen
448 2437 627 2528 antiquum
647 2445 830 2529 pareutum
846 2443 882 2508 iu
902 2440 991 2508 lilios
1007 2441 1059 2509 ins
1074 2441 1164 2509 vitae
1179 2448 1212 2510 et
1227 2441 1346 2509 mortis
1363 2441 1498 2532 sapien·

185 2546 278 2614 tibus
291 2545 459 2613 limitibus
483 2542 742 2613 circumscribit.
765 2547 891 2615 iuverit
908 2548 1012 2616 etiam
1036 2554 1168 2632 notare,
1189 2549 1279 2616 hanc
1300 2549 1413 2636 legem
1435 2548 1499 2615 im-

186 2654 333 2722 mediate
358 2651 462 2719 scribi
488 2657 564 2741 post
591 2651 699 2736 illam,
729 2676 798 2743 qua
820 2677 852 2722 v.
885 2661 985 2722 15-17
1011 2660 1163 2736 cavetur,
1190 2677 1235 2722 ue
1263 2655 1308 2721 ob
1331 2653 1499 2721 invidiam

185 2766 367 2852 parentum
378 2759 469 2826 lilius
484 2757 758 2849 primogenitura
770 2762 938 2851 privetur.
952 2767 1114 2828 Poterant
1126 2767 1242 2828 autem
1256 2766 1415 2852 parentes
1430 2761 1499 2828 ini-

184 2868 257 2958 qui,
274 2874 312 2935 ut
331 2866 442 2933 filium
457 2865 526 2930 sive
549 2865 824 2954 primogenitura
842 2868 913 2935 sive
935 2890 996 2935 sua
1012 2866 1234 2935 haereditatis
1252 2867 1409 2958 portione
1426 2869 1500 2957 pri-

183 2981 315 3056 varent,
336 2970 563 3063 praetendere
585 2993 664 3038 eum
684 2974 730 3040 ob
751 2973 906 3064 perditos
923 2997 1035 3041 mores
1054 2996 1127 3041 esse
1151 2973 1411 3042 excludendum.
1435 2976 1498 3040 Cui

108 3102 112 3114 ¹
184 3086 367 3170 parentum
382 3077 541 3144 licentiae
556 3075 641 3144 haee
656 3079 709 3145 lex
728 3079 874 3146 obsistit.

230 3210 262 3255 v.
284 3193 325 3254 18
343 3181 593 3268 1111111111.
612 3190 663 3252 Ps.
690 3192 733 3253 77
753 3187 833 3276 [78],
856 3193 895 3270 8;
914 3192 977 3254 ler.
1000 3188 1093 3277 513)
1115 3192 1165 3254 est
1182 3193 1212 3256 ἓν
1233 3190 1385 3255 11111.
1403 3184 1502 3251 Prior

187 3317 251 3360 vox
264 3293 425 3362 scribitur
437 3295 480 3362 de
498 3317 600 3363 vacca
612 3298 711 3361 Prov.
731 3300 828 3376 7,11;
846 3293 889 3361 de
902 3295 1080 3361 meretrice
1094 3299 1145 3360 Ps.
1164 3302 1207 3361 67
1221 3292 1304 3383 (68),
1323 3296 1498 3366 719111,

103 3468 115 3487 ,
187 3401 230 3469 (11
246 3403 458 3471 coutumacia
471 3403 506 3470 iu
519 3409 626 3471 Deum
639 3401 800 3469 admissa.
816 3423 849 3468 v.
867 3406 937 3468 18«
953 3401 994 3468 Si
1006 3401 1166 3492 pepererit
1181 3401 1281 3468 tomo
1295 3398 1501 3489 (111111111-

188 3522 356 3577 tumacem
372 3523 405 3577 et
419 3525 632 3601 protervum,
650 3508 713 3599 qai
728 3530 798 3574 raon
815 3506 939 3575 audiat
955 3509 1065 3599 patris
1080 3520 1143 3575 aut
1157 3507 1278 3574 matris
1297 3504 1500 3596 inperium,

188 3629 219 3683 et
233 3617 396 3683 coercitus
412 3617 547 3684 obedire
560 3615 801 3706 contempserit
816 3643 845 3698 o,
862 3654 904 3665 -
917 3614 941 3681 i.
955 3637 986 3682 1.
1000 3615 1162 3683 monitus.
1180 3630 1231 3680 'tor
1248 3612 1383 3680 edicere
1397 3611 1501 3679 casti-

187 3723 363 3809 gationem
379 3725 592 3814 corporalem
609 3723 711 3813 (Da),
729 3744 799 3790 non
813 3720 962 3789 allicitur
977 3744 1017 3787 ex
1029 3729 1104 3804 8,5;
1121 3727 1221 3788 Prov.
1245 3724 1363 3801 19,18;
1382 3724 1499 3801 21117,

186 3853 299 3921 neque
323 3830 472 3898 infertur
501 3853 519 3897 e
547 3835 642 3897 Prov.
678 3833 795 3911 13,2t;
822 3834 1069 3912 22,15;23,13
1097 3850 1169 3917 sq.;
1202 3833 1371 3908 11115-
1401 3831 1502 3892 1119

188 3967 203 3999 «
230 3936 485 4029 apprehendent
505 3959 582 4002 earm
602 3949 634 4002 et
652 3934 778 4002 deceant
795 3934 843 4001 cd
856 3933 1004 4001 seniores
1027 3934 1178 4001 civitatis
1197 3933 1291 3999 illius
1306 3946 1339 3998 et
1357 3929 1406 3998 od
1415 3952 1503 4020 por·

187 4057 257 4111 tona
275 4044 398 4110 iudicii
419 4072 448 4111 ».
467 4044 561 4120 Quod
581 4047 718 4131 praeter
733 4042 883 4109 seniores
903 4042 937 4106 b.
956 4041 981 4108 l.
1005 4047 1124 4121 22,15;
1143 4047 1240 4122 25,7;
1258 4039 1351 4107 Ruth
1373 4042 1427 4119 t,1
1445 4058 1498 4126 sq.

189 4156 227 4216 11
249 4151 410 4217 atteratur
436 4149 539 4217 etiam
555 4161 673 4239 porta,
697 4144 903 4215 crediderim
928 4170 999 4215 non
1021 4149 1139 4214 omnia
1163 4146 1355 4214 necessario
1370 4141 1502 4211 iudicia

119 4286 121 4291 ¹
189 4253 308 4321 habita
323 4278 393 4322 esse
407 4256 445 4323 in
467 4255 591 4345 portis,
613 4255 672 4322 sed
691 4254 752 4322 illa
771 4253 903 4344 utique,
923 4277 1011 4344 quae
1025 4260 1137 4321 essent
1161 4253 1203 4319 de
1224 4251 1334 4319 causis
1344 4249 1504 4340 familias

190 4361 404 4452 potissimum
428 4362 688 4450 attingentibus.
714 4361 776 4428 Ubi
795 4383 897 4428 causa
921 4361 1090 4448 agebatur
1108 4359 1220 4446 magis
1233 4358 1383 4450 publice.
1401 4360 1499 4434 11111,

191 4468 283 4559 quod
295 4466 440 4535 textibus
452 4468 599 4535 laudatis
613 4469 729 4557 (etiam
740 4467 829 4536 Ruth
842 4473 910 4549 t,l.
926 4467 979 4557 11)
993 4489 1129 4556 semper
1142 4466 1327 4534 efferantur
1338 4461 1500 4543 sectarer,

192 4582 226 4645 ct
239 4597 416 4667 nunquam
433 4573 573 4658 iudicer,
591 4574 701 4641 intere
722 4575 758 4640 iu
776 4573 870 4640 hisce
889 4573 999 4640 causis
1012 4572 1169 4662 sornilics
1183 4571 1418 4662 spectantibus
1429 4590 1503 4636 non

194 4684 322 4753 iudices
346 4704 544 4752 communes
567 4681 684 4771 (tata
705 4678 798 4769 sqq.)
822 4678 880 4745 sed
901 4702 972 4761 eos,
996 4680 1055 4770 qui
1082 4679 1229 4746 scitiores
1253 4683 1365 4747 esseut
1387 4683 1421 4743 et
1438 4697 1503 4743 no·
