3366 5346
229 286 288 344 sat
601 301 676 344 acm
700 301 833 346 certain
855 301 918 345 orer
941 301 1033 345 rima
1054 301 1170 345 uoisrs.

230 455 358 502 omnes,
381 457 411 499 v.
432 441 474 499 ΞΟ
501 461 516 494 «
535 437 579 500 Et
601 434 651 500 ait
667 457 680 501 .·
695 434 906 502 Abseomtom
919 435 1048 522 sociem
1068 456 1178 500 ciream
1198 436 1240 500 ab
1260 433 1308 500 eis
1325 462 1355 514 »,
1375 461 1390 494 α
1416 452 1542 498 eorum

229 562 345 630 preces
364 563 434 608 non
455 541 592 607 audiam
615 569 630 600 ν)
658 541 811 631 (Colla),
828 544 910 609 hine
941 572 956 604 (ι
981 541 1134 609 misereri
1159 546 1192 608 et
1218 541 1418 608 benefacere
1450 537 1543 605 desi-

229 669 310 713 nam
334 675 349 707 »
369 646 503 737 (Meta),
523 674 538 708 «
566 660 597 712 et
619 643 839 714 considerabo
859 648 1041 715 novissima
1059 671 1174 714 cortem
1196 676 1225 728 a,
1248 675 1263 708 «
1281 647 1376 714 nulla
1395 646 1545 712 misera-

229 753 320 820 tione
335 758 445 820 taetus
465 753 639 842 aspiciam,
658 777 846 845 eorumque
866 757 992 823 exitum
1012 755 1132 822 ridebo
1156 783 1170 815 ι»
1193 754 1347 843 (Colca).
1365 753 1411 819 cf.
1431 775 1461 818 v.
1481 758 1540 818 29.

229 864 285 927 Est
303 860 471 949 expressio
491 861 855 951 anthropomorphica,
874 884 978 953 quam
995 862 1213 952 supprimunt
1230 863 1313 927 LXh
1337 864 1545 950 punctantes

229 965 356 1054 hiphil.
372 968 473 1032 Hedr.
495 987 502 1034 :
520 964 608 1055 qaid
625 967 810 1034 novissimo
830 990 959 1045 corum,
977 997 992 1028 «
1010 967 1094 1058 quid
1109 968 1146 1034 in
1165 990 1225 1033 suo
1244 967 1311 1034 fine
1329 965 1509 1056 patientur
1527 994 1543 1023 »

230 1072 336 1160 (Vct.)
358 1094 366 1141 :
382 1072 564 1140 novissima
578 1076 768 1163 apostasiae
784 1081 832 1142 est
846 1075 946 1142 ruina
961 1074 1125 1165 apostatis
1138 1074 1279 1155 inflicta,
1297 1095 1400 1164 quam
1422 1071 1543 1161 utiquc

229 1172 456 1268 consequetur
491 1180 589 1246 venia
620 1182 874 1270 poenitentibus
903 1203 1077 1263 concessa;
1104 1205 1168 1248 vox
1196 1180 1380 1247 norissima
1405 1178 1463 1246 hic
1489 1177 1544 1244 uti

229 1284 313 1351 alibi
337 1284 494 1372 designat
512 1285 561 1368 id,
584 1286 678 1375 quod
707 1286 859 1366 relative,
884 1311 951 1354 non
976 1288 1068 1377 qnod
1092 1288 1248 1355 absolute
1273 1287 1432 1355 ultimum
1460 1286 1544 1353 erit.

231 1419 246 1452 «
273 1392 457 1459 Generatio
480 1394 570 1459 enim
586 1416 745 1483 praeversa
766 1407 814 1461 est
835 1423 850 1457 »
870 1396 927 1483 (cf.
948 1418 980 1464 v.
1001 1395 1034 1482 5)
1055 1424 1070 1456 «
1087 1408 1118 1461 e!
1135 1393 1287 1483 infideles·
1306 1392 1376 1484 filii
1394 1420 1409 1453 o
1426 1391 1484 1458 [lei
1500 1392 1544 1456 fi-

230 1497 317 1564 delis
338 1500 383 1587 (v.
404 1500 451 1589 5).

275 1606 434 1693 Sequitur
449 1628 560 1694 poena
584 1607 653 1673 illis
676 1630 695 1674 a
718 1613 784 1674 Deo
804 1609 1056 1695 infligendae.
1078 1615 1117 1674 at
1137 1638 1152 1666 α
1177 1608 1246 1697 lpsi
1263 1629 1315 1672 mc
1332 1628 1547 1696 proraeque-

230 1723 312 1775 rrtnt
326 1712 363 1776 in
379 1733 428 1795 eo,
448 1713 508 1800 qui
525 1735 593 1778 nou
609 1725 683 1779 erat
699 1717 802 1796 Deos,
819 1727 851 1780 et
872 1715 1094 1781 irritaverunt
1114 1715 1151 1779 in
1166 1713 1375 1780 eerritotidur
1394 1712 1465 1778 suis
1486 1734 1499 1778 .·
1514 1724 1548 1777 rt

231 1839 293 1905 epo
304 1821 497 1906 provocabo
513 1814 568 1886 eds
591 1819 629 1884 in
646 1843 696 1904 eo,
716 1820 779 1909 qui
797 1844 864 1888 aon
884 1835 932 1888 est
947 1820 1096 1911 popolus
1117 1821 1203 1887 etin
1222 1833 1323 1910 pente
1340 1819 1444 1886 stulto
1464 1819 1549 1885 irri-

232 1922 308 1990 tado
326 1922 405 1990 illos
429 1953 458 1992 ».
477 1929 585 1992 Unum
607 1925 769 2016 idemque
788 1935 866 1995 sunt
882 1927 993 1996 cultus
1011 1927 1161 1994 ›roa-uei
1179 1935 1211 1994 et
1226 1927 1440 1994 idololatriae
1461 1925 1549 1991 ino-

230 2030 365 2112 m’totes,
383 2033 535 2121 itemque
557 2033 795 2123 eron-populus
817 2043 850 2101 et
872 2058 955 2124 qens
978 2034 1095 2102 attrito.
1113 2033 1297 2102 Antithesis
1319 2038 1368 2100 est
1390 2034 1425 2098 in
1447 2054 1551 2122 repe-

232 2136 301 2204 titis
323 2137 437 2204 verbis
465 2154 523 2230 asp
545 2146 579 2206 et
599 2155 668 2212 0¹12,
690 2141 726 2206 in
749 2143 913 2231 oppositis
938 2135 1085 2208 inuicem
1116 2130 1155 2204 ha
1171 2129 1209 2204 ai
1240 2145 1272 2207 et
1296 2156 1339 2207 nu
1355 2127 1406 2207 ab,
1422 2128 1486 2202 bna
1515 2143 1552 2204 et

230 2232 301 2315 523
318 2266 397 2309 cum
416 2240 469 2315 ha:
492 2246 528 2311 h.
550 2247 574 2311 l.
597 2248 640 2311 cl.
660 2247 742 2312 item
757 2246 837 2320 52:27
853 2271 885 2313 v.
911 2255 950 2313 15
970 2271 978 2312 :
1000 2247 1094 2313 stulti
1110 2268 1188 2313 oum
1207 2247 1285 2323 sint,
1303 2247 1403 2312 stulte
1421 2250 1546 2332 agunt.

232 2360 344 2421 Poena
362 2354 469 2440 igitur
487 2354 573 2419 baec
595 2354 671 2434 erit,
690 2359 737 2435 ut,
758 2355 844 2419 sicut
865 2353 967 2437 lsrael
982 2359 1048 2420 Deo
1063 2354 1098 2418 in
1121 2359 1213 2418 terra
1233 2358 1349 2419 sancta
1370 2351 1550 2441 praetule-

232 2462 277 2527 rit
297 2465 508 2547 ,non-ueum,
529 2461 577 2527 ita
598 2460 643 2526 ib.
672 2464 755 2527 [leus
779 2461 936 2527 lsraelem
958 2460 1175 2527 subiecturus
1197 2460 1239 2525 sit
1263 2457 1473 2548 aon-populo
1500 2465 1569 2546 et„

232 2569 319 2634 sicut
340 2567 441 2634 lsrael
465 2566 568 2633 stulte
586 2567 748 2635 obiecerit
770 2571 886 2647 Deum,
910 2569 957 2633 ita
978 2572 1064 2634 Deus
1085 2566 1297 2633 subiecturus
1321 2565 1363 2631 sit
1387 2564 1550 2631 lsraelem

232 2675 331 2763 penti
351 2673 487 2740 stultae.
515 2679 609 2740 llunc
635 2673 774 2741 obvium
801 2680 909 2740 textus
932 2695 1067 2739 sensum
1092 2674 1196 2739 etiam
1224 2679 1339 2738 tuetur
1364 2676 1396 2738 S.
1422 2671 1551 2737 Paulus

233 2787 329 2849 llom.
358 2788 457 2864 10,19
494 2781 552 2869 (cl.
584 2784 622 2847 a.
660 2779 832 2868 Cornely).
864 2779 1143 2867 alienigenarum
1181 2778 1330 2844 stultitia
1359 2778 1553 2868 explicatur

234 2910 265 2953 v.
290 2892 406 2954 28-31.
425 2886 598 2966 Quomodo
614 2892 729 2953 autem
745 2886 850 2953 iidem
865 2885 1121 2976 tion-populus?
1140 2890 1226 2952 Sane
1241 2885 1386 2974 populus
1405 2889 1437 2950 ct
1459 2906 1552 2951 non-

234 2995 381 3083 populus
408 2995 443 3060 h.
469 2993 658 3060 incidam
682 3002 730 3059 est
749 2993 865 3081 (Post.)
889 2998 991 3081 atque
1014 3022 1028 3054 «
1048 2991 1196 3082 populus
1217 3013 1312 3059 meus
1333 3019 1348 3052 o
1369 2996 1401 3057 et
1423 3020 1438 3053 ι(
1461 3012 1551 3058 non-

234 3100 384 3188 populus
395 3121 489 3165 meus
506 3129 521 3158 »
540 3122 548 3163 ι
566 3100 641 3165 loco
652 3099 769 3187 populi
786 3099 839 3164 sui
854 3099 952 3165 electi
964 3098 1153 3164 dominium
1167 3104 1278 3164 terrae
1291 3102 1551 3164 sanctaetrans-

235 3206 320 3271 leret
337 3211 422 3273 [leus
438 3207 473 3271 in
491 3205 669 3294 populum,
690 3227 790 3294 quem
807 3205 872 3271 sibi
892 3204 1085 3293 specialiter
1101 3227 1170 3271 non
1186 3204 1300 3290 clegit.

335 3456 443 3516 Stropha
457 3456 590 3503 mutatoria
604 3456 710 3503 secunda
727 3474 732 3502 ε
749 3456 826 3502 Iahve
839 3456 865 3501 in
880 3456 997 3502 Israelem
1013 3455 1150 3514 indignatio
1164 3455 1311 3501 describitur
1326 3470 1349 3501 v.
1365 3456 1447 3500 raet.

280 3630 364 3713 stry.
390 3663 433 3674 -
457 3625 548 3711 lgnis
571 3624 679 3690 divini
706 3624 831 3691 furoris
854 3625 896 3690 ad
925 3645 1061 3689 omnem
1086 3623 1201 3691 locum
1232 3623 1414 3713 pertingit,
1437 3623 1553 3691 omnis

236 3732 372 3819 generis
393 3730 484 3797 mala
507 3731 651 3817 infligit,
673 3738 782 3798 totum
806 3732 946 3798 omnino
975 3729 1142 3820 populum
1171 3736 1396 3811 consumeret,
1417 3728 1482 3801 nisi
1512 3730 1551 3795 id

234 3860 341 3906 unum
356 3838 481 3904 lahvon
501 3837 688 3919 cohiberet,
707 3843 836 3904 tantam
853 3838 988 3904 ruinam
1008 3835 1163 3903 inimicos
1180 3859 1251 3903 non
1272 3838 1385 3918 labve,
1403 3834 1463 3903 sed
1479 3837 1553 3903 suis

235 3946 364 4012 viribus
383 3946 454 4011 lore
470 3944 705 4011 attributuros.

280 4053 393 4118 Oratio
408 4074 439 4118 v.
458 4057 500 4116 22
520 4051 656 4116 orditur
676 4074 704 4123 a:
720 4051 934 4141 explieativo.
954 4051 1063 4117 l'erba
1080 4050 1280 4118 scribuntur
1297 4053 1428 4117 fornice
1447 4072 1549 4142 prae-

235 4159 367 4240 teritae,
383 4165 420 4224 ut
442 4157 660 4223 comminatio
688 4158 784 4246 quasi
812 4157 880 4224 iam
905 4160 1034 4237 etl‘eeta,
1054 4181 1136 4243 crgo
1162 4159 1344 4224 certissime
1368 4155 1553 4224 ellicienda

236 4264 449 4331 exhibeatur.
476 4269 564 4340 Quas
586 4263 630 4329 ob
652 4266 780 4330 formas
803 4264 919 4331 llillm.
945 4289 976 4329 v.
1006 4271 1049 4330 22
1073 4265 1195 4353 accipit
1217 4287 1279 4352 pro
1299 4263 1454 4350 generali
1472 4285 1553 4330 sen-

237 4373 354 4455 tentia,
371 4394 458 4461 quae
475 4372 644 4437 dictorum
660 4395 693 4438 v.
715 4379 755 4437 21
778 4372 946 4438 rationem
967 4394 984 4437 e
1002 4371 1127 4437 suroris
1144 4372 1250 4437 divini
1266 4370 1429 4437 violentia
1450 4392 1552 4461 repe·

237 4484 286 4546 tat
303 4501 311 4546 τ
329 4480 449 4569 Utique
471 4478 668 4568 provocabo
689 4501 756 4557 eos,
777 4479 901 4545 etenim
919 4479 1009 4565 ignis
1028 4500 1048 4543 a
1066 4500 1119 4543 me
1141 4499 1299 4544 aecensus
1322 4477 1464 4543 devorat
1485 4484 1550 4544 etc.

237 4588 277 4675 ld
290 4610 359 4653 non
378 4587 569 4654 necessario
591 4584 789 4665 adstruitur,
806 4593 838 4650 ct
858 4586 1047 4650 orationem
1073 4583 1196 4651 cantici
1217 4583 1332 4650 reddit
1355 4583 1554 4673 impeditio·

237 4717 323 4761 rem.
342 4718 373 4761 v.
391 4702 433 4761 ⁶22
457 4724 472 4755 «
488 4695 579 4783 lphis
602 4714 762 4759 aecensus
784 4704 833 4757 est
851 4691 888 4756 in.
905 4694 1021 4780 surore
1038 4714 1110 4757 uteo
1133 4721 1148 4751 »
1171 4730 1212 4740 -
1238 4718 1253 4750 α
1276 4691 1370 4757 luror
1394 4713 1490 4758 meus
1514 4691 1552 4758 in
