3366 5346
182 289 221 347 aa
734 300 938 344 mraonucno.

228 445 281 504 16.
308 441 564 503 Paxmrnucnus
589 453 830 502 snammrauus
857 473 897 484 -
917 434 1087 515 Quaestio,
1110 436 1248 524 quando
1272 438 1397 527 scripta
1420 461 1497 504 mo-

182 545 270 610 saica
290 544 327 609 in
351 542 614 632 pentateuchum
640 539 849 622 coaluerint,
867 540 985 629 nequit
1011 540 1146 628 seiungi
1175 543 1218 608 ab
1243 544 1351 610 altera
1373 568 1498 634 quaes·

183 652 291 730 tione,
326 648 464 738 quando
502 653 596 713 ortus
627 647 670 712 sit
704 647 954 735 pentateuchus
994 648 1239 730 samaritanus
1270 651 1292 717 i.
1324 674 1353 718 e.
1387 659 1499 720 textus

183 757 348 823 hebraeus
362 753 468 822 literis
482 752 698 821 samaritanis
720 753 910 842 descriptus
925 753 1056 843 (Sam).
1076 755 1138 833 oui
1151 761 1258 823 textus
1276 764 1324 822 cst
1335 758 1497 826 substan-

182 863 308 930 tialiter
320 885 407 928 unus
420 883 498 929 cum
512 866 631 926 nostro
646 860 748 927 llcbr.
764 867 797 926 ct
818 881 895 927 cum
912 864 1008 942 LXX;
1024 884 1127 952 quem
1146 862 1175 927 si
1191 863 1267 952 quis
1282 865 1497 933 demonstra·

182 971 266 1036 verit
293 969 351 1036 diu
379 975 456 1035 ante
482 966 640 1034 exsilium
668 967 847 1048 exstitisse,
864 967 953 1033 illud
979 967 1062 1034 item
1091 968 1361 1037 demonstratum
1387 973 1494 1040 habe-

181 1076 241 1157 bit,
266 1075 325 1143 diu
349 1083 428 1142 ante
448 1074 601 1141 exsilium
623 1072 787 1139 exstitisse
811 1075 1079 1162 pentateuchum
1099 1076 1299 1144 hebraeum.
1326 1083 1429 1146 Porro
1450 1081 1494 1148 de

180 1192 350 1272 tempore,
374 1204 442 1270 quo
467 1186 561 1246 ortus
579 1181 622 1247 sit
643 1184 749 1260 Sam,
772 1180 944 1247 habentur
965 1181 1143 1271 opiniones
1168 1189 1237 1248 tres
1257 1204 1264 1250 :
1281 1184 1325 1250 cf.
1348 1188 1494 1273 Cornelis

180 1295 191 1355 l
221 1296 284 1356 266
305 1311 380 1378 sqq.
405 1287 470 1353 Alii
498 1291 636 1353 censent
659 1285 741 1352 inde
764 1308 784 1351 a
812 1286 990 1353 lerohoam
1012 1290 1280 1377 pentateuchum
1305 1313 1410 1381 penes
1434 1291 1494 1358 de·

178 1418 251 1462 cem
271 1395 381 1462 trihus
400 1415 534 1483 semper
551 1392 670 1473 fuisse3
690 1391 747 1458 alii
768 1398 843 1481 post
863 1392 1072 1461 destructam
1090 1395 1277 1462 Samariam
1294 1421 1333 1463 co
1349 1397 1493 1466 allatum

179 1525 247 1567 csse
269 1525 332 1590 per
351 1500 560 1568 sacerdotem
584 1498 701 1581 illum,
728 1499 771 1565 dc
796 1506 904 1588 quot
927 1504 1010 1586 Reg.
1035 1507 1155 1583 17,27;
1178 1502 1236 1569 atii
1250 1504 1389 1571 tandem
1405 1506 1493 1573 alla-

181 1613 251 1673 tum
274 1630 343 1673 esse
366 1613 520 1695 tempore
543 1604 725 1672 Alexandri
750 1606 862 1691 tlagni
882 1628 903 1671 a
919 1612 1068 1674 tlanasse
1084 1609 1276 1690 sacerdote,
1294 1611 1387 1677 laddi
1403 1635 1494 1701 pon-

178 1713 277 1780 tificis
291 1716 413 1791 fratre,
437 1714 496 1801 qui
520 1711 760 1798 Hierosolymis
775 1713 942 1801 profugus
957 1713 1193 1801 pontificatum
1213 1719 1359 1806 suscepit
1370 1719 1493 1809 templi

179 1842 295 1887 recens
314 1819 485 1886 aedificati
509 1819 546 1884 in
565 1824 681 1884 monte
709 1818 866 1885 Gerizim.
892 1823 936 1885 [te
959 1842 1027 1909 quo
1051 1820 1124 1887 fuse
1143 1824 1210 1890 lor.
1231 1828 1310 1891 Ant.
1327 1807 1380 1892 hl.
1398 1831 1431 1892 8.
1455 1833 1489 1893 t.

178 1932 291 2017 Neque
307 1933 422 1993 tamen
438 1948 478 1992 eo
495 1925 587 2008 loco,
604 1947 715 2013 neque
731 1932 750 1992 t
764 1930 849 2012 ch.
874 1932 914 1991 17
933 1925 1015 1992 libri
1029 1929 1159 1995 mentio
1174 1929 1333 1998 habetur.

219 2039 296 2101 Post
322 2039 455 2122 captam
492 2031 681 2098 Samariam
709 2053 767 2097 rex
794 2035 1009 2119 Assyriorum
1041 2035 1172 2102 incolas
1195 2037 1410 2124 potissimum
1433 2061 1494 2105 ur-

176 2140 273 2206 bium
288 2139 439 2228 captivos
451 2138 609 2217 abduxit,
633 2155 849 2228 paganorum
871 2144 922 2205 sat
946 2139 1072 2207 multos
1092 2163 1271 2209 remancre
1291 2166 1407 2231 passus
1427 2151 1489 2214 est.

178 2251 215 2311 tn
239 2244 340 2311 urbes
365 2250 480 2311 autem
513 2266 576 2332 pro
603 2243 764 2310 Hebraeis
788 2244 944 2311 submisit
971 2247 1155 2326 Cuthaeos,
1183 2254 1313 2316 Avaeos
1336 2256 1370 2316 et
1393 2256 1491 2319 Ema-

177 2352 306 2418 thaeos.
321 2356 543 2417 Accesserant
555 2349 771 2438 postmodum
787 2349 862 2431 alii,
878 2356 916 2416 ut
933 2357 947 2416 1
966 2353 1060 2419 Fsdr.
1077 2360 1133 2434 t,9
1147 2376 1198 2443 sq.
1212 2355 1332 2423 deceni
1347 2359 1491 2425 omnino

176 2462 296 2544 gentes
309 2462 559 2524 recenseantur.
582 2455 690 2541 lgitur
704 2455 910 2523 Samaritani
927 2457 963 2523 hi
981 2459 1186 2547 posteriores
1200 2461 1255 2527 m'x
1271 2485 1354 2550 gens
1369 2464 1490 2532 eadem

174 2563 279 2632 luisse
308 2563 474 2630 affirmari
506 2567 663 2652 possunt,
688 2569 791 2652 atque
818 2565 1028 2654 antiquiores
1060 2567 1160 2653 regni
1193 2568 1490 2638 decemtribuum

176 2671 279 2739 cives.
301 2672 396 2749 Quod
417 2678 433 2738 1
457 2669 555 2738 Esdr.
576 2675 633 2752 td
655 2669 826 2757 cupierint
843 2693 921 2739 cum
946 2672 1080 2739 ludaeis
1108 2696 1126 2740 e
1146 2675 1333 2761 Babylonia
1356 2678 1491 2746 reduci·

176 2779 239 2845 bus
255 2780 292 2845 in
311 2799 417 2845 unam
436 2783 575 2864 gentem
601 2777 768 2843 confundi
785 2799 910 2866 eosque
935 2779 971 2843 in
990 2779 1120 2868 templo
1147 2784 1371 2850 restaurando
1390 2785 1490 2851 adiu-

176 2908 272 2963 rare,
294 2885 331 2949 id
347 2906 417 2949 non
438 2891 506 2948 tam
529 2906 547 2947 e
574 2883 743 2968 religione
758 2882 875 2949 secisse
891 2885 1053 2951 censendi
1075 2891 1169 2967 sunt,
1197 2911 1301 2977 quam
1325 2897 1361 2957 ut
1380 2891 1488 2980 parti-

176 2993 267 3078 cipes
299 2991 421 3055 fierent
448 2988 712 3076 privilegiorum
741 2990 774 3054 in
801 2989 943 3056 ludaeos
967 3014 987 3057 a
1010 2996 1097 3079 Cyro
1126 2994 1345 3078 collatorum,
1376 3019 1488 3087 neque

176 3095 363 3184 aliquando
392 3101 598 3181 cogerentur
625 3094 694 3161 suis
724 3094 853 3161 finibus
883 3096 1003 3163 cedere
1028 3097 1067 3165 in
1095 3101 1241 3185 gratiam
1270 3104 1486 3172 ludaeorum.

175 3207 270 3268 Certe
285 3201 372 3268 nihil
387 3202 424 3267 in
439 3199 585 3266 textibus
603 3200 734 3289 prodit,
752 3208 891 3287 gentem
917 3204 1209 3275 Samaritanorum
1231 3217 1290 3275 aut
1314 3217 1392 3278 ante
1412 3233 1488 3278 eam

176 3309 275 3396 regni
300 3307 472 3376 Samariae
509 3306 599 3374 cives
631 3307 734 3374 luisse
768 3330 944 3377 sacrorum
973 3312 1074 3377 tahve
1099 3313 1348 3402 scriptorumve
1371 3319 1488 3405 ttloysis

175 3415 296 3483 eximie
326 3415 504 3482 studiosos.
535 3413 805 3481 Admirationem
841 3416 922 3483 facit
953 3417 1108 3500 eosdem,
1135 3423 1193 3509 qui
1226 3422 1357 3489 cultum
1385 3424 1487 3491 lahve

174 3529 369 3590 constanter
387 3523 614 3590 admiscerent
638 3519 869 3601 idololatriae,
884 3522 922 3588 in
948 3524 1047 3589 thora
1065 3525 1223 3614 pluribus
1248 3529 1392 3597 saeculis
1405 3553 1487 3597 con·

117 3696 122 3704 ,
174 3630 340 3695 servanda
356 3629 457 3695 fuisse
477 3635 548 3696 tam
570 3627 692 3695 eximie
709 3627 911 3714 diligentes,
934 3633 971 3694 ut
992 3634 1082 3698 Sam.
1104 3635 1295 3718 generatim
1315 3636 1488 3727 inspectus

175 3735 243 3802 dici
271 3741 375 3826 queat
403 3757 490 3800 unus
518 3736 680 3824 idemque
699 3756 778 3802 cum
804 3740 920 3800 nostro
942 3736 1093 3803 Hebraeo
1121 3744 1241 3808 textus.
1263 3743 1410 3811 Thoram
1433 3751 1488 3812 Es·

174 3843 269 3927 dras,
290 3866 358 3933 qua
384 3841 418 3908 in
451 3864 487 3907 re
517 3841 719 3908 ludaeorum
748 3840 972 3908 traditionem
996 3843 1132 3910 videtur
1151 3850 1354 3916 confirmare
1378 3858 1488 3918 textus

175 3974 269 4019 sacer
294 3956 336 4017 [v.
362 3972 398 4036 g.
431 3956 447 4015 1
479 3948 573 4017 Esdr.
607 3949 816 4039 r,11sqq.)‚
844 3971 914 4015 non
943 3951 1073 4039 reperit
1095 3951 1131 4018 in
1157 3954 1359 4031 Palaestina,
1387 3957 1488 4025 sede

175 4057 362 4144 Babylonia
379 4054 516 4124 attulit:
539 4061 576 4121 ut
599 4061 752 4143 tempore
775 4055 882 4121 multo
900 4055 1060 4143 longiore
1076 4065 1343 4146 perseveraverit
1358 4063 1394 4130 in
1409 4063 1488 4131 fini-

175 4165 239 4230 bus
259 4163 550 4229 Samaritanorum
575 4166 683 4228 textus
705 4163 823 4227 thorae
848 4163 902 4228 vix
928 4184 1001 4230 non
1029 4166 1190 4248 intactus,
1211 4167 1249 4233 id
1267 4191 1338 4235 non
1364 4171 1489 4240 sufficit

176 4270 325 4356 gratuito
341 4270 530 4350 affirmare,
548 4269 608 4334 scd
626 4267 744 4334 solidis
759 4268 949 4335 rationibus
965 4270 1216 4339 demonstretur
1231 4283 1375 4365 oportet.

220 4381 302 4443 Cum
318 4375 459 4442 Cuthaei
472 4375 610 4465 aliique,
629 4374 741 4465 quiin
760 4380 852 4441 terra
868 4376 968 4442 lahve
984 4379 1124 4466 propria
1138 4379 1245 4447 libere
1261 4383 1487 4467 indulgebant

175 4483 402 4561 idololatriae,
420 4482 666 4549 infestarentur
686 4505 706 4548 a
726 4481 902 4564 leonibus,
920 4505 979 4548 rex
993 4486 1222 4571 Assyriorum,
1238 4494 1275 4554 ut
1289 4513 1366 4556 suos
1383 4490 1427 4557 ab
1447 4513 1487 4558 ca

175 4592 391 4659 intestatione
415 4588 598 4670 liberaret,
624 4611 692 4655 non
714 4595 752 4655 ut
773 4590 918 4677 paganis
941 4589 1101 4657 hebraeis
1120 4594 1267 4679 gratiam
1292 4597 1483 4679 exhiheret,

178 4699 267 4766 misit
288 4697 502 4767 sacerdotem
523 4719 642 4780 uuum,
660 4694 875 4786 probabilius
895 4719 964 4762 uon
984 4697 1149 4784 Levitom,
1173 4704 1230 4791 qui
1253 4725 1310 4769 eos
1329 4705 1487 4772 edoceret
