<?xml version="1.0" encoding="UTF-8"?>
<!DOCTYPE html PUBLIC "-//W3C//DTD XHTML 1.0 Transitional//EN"
    "http://www.w3.org/TR/xhtml1/DTD/xhtml1-transitional.dtd">
<html xmlns="http://www.w3.org/1999/xhtml" xml:lang="en" lang="en">
 <head>
  <title>
</title>
<meta http-equiv="Content-Type" content="text/html;charset=utf-8" />
  <meta name='ocr-system' content='tesseract 3.04.00' />
  <meta name='ocr-capabilities' content='ocr_page ocr_carea ocr_par ocr_line ocrx_word'/>
</head>
<body>
  <div class='ocr_page' id='page_1' title='image "./commentariusind00hummgoog/commentariusind00hummgoog_0292.png"; bbox 0 0 3366 5346; ppageno 0'>
   <div class='ocr_carea' id='block_1_1' title="bbox 702 311 1499 381">
    <p class='ocr_par' dir='ltr' id='par_1_1' title="bbox 702 311 1499 381">
     <span class='ocr_line' id='line_1_1' title="bbox 702 311 1499 381; baseline 0.011 -13"><span class='ocrx_word' id='word_1_1' title='bbox 702 326 790 370; x_wconf 78' lang='lat' dir='ltr'><strong>nour.</strong></span> <span class='ocrx_word' id='word_1_2' title='bbox 816 311 888 381; x_wconf 62' lang='lat' dir='ltr'><strong>tin</strong></span> <span class='ocrx_word' id='word_1_3' title='bbox 907 327 969 378; x_wconf 84' lang='lat' dir='ltr'><strong>soe.</strong></span> <span class='ocrx_word' id='word_1_4' title='bbox 1444 319 1499 377; x_wconf 71' lang='lat'><strong>271</strong></span> 
     </span>
    </p>
   </div>
   <div class='ocr_carea' id='block_1_2' title="bbox 181 459 1597 4590">
    <p class='ocr_par' dir='ltr' id='par_1_2' title="bbox 181 459 1504 3315">
     <span class='ocr_line' id='line_1_2' title="bbox 181 459 1501 553; baseline 0.004 -26"><span class='ocrx_word' id='word_1_5' title='bbox 181 463 352 528; x_wconf 83' lang='lat' dir='ltr'><strong>sciverunt</strong></span> <span class='ocrx_word' id='word_1_6' title='bbox 377 483 492 549; x_wconf 91' lang='lat' dir='ltr'><strong>nequo</strong></span> <span class='ocrx_word' id='word_1_7' title='bbox 510 459 671 526; x_wconf 82' lang='lat' dir='ltr'><strong>viderunt</strong></span> <span class='ocrx_word' id='word_1_8' title='bbox 686 459 916 526; x_wconf 89' lang='lat' dir='ltr'><strong>eruditionem</strong></span> <span class='ocrx_word' id='word_1_9' title='bbox 935 459 1037 525; x_wconf 85' lang='lat' dir='ltr'><strong>labvc</strong></span> <span class='ocrx_word' id='word_1_10' title='bbox 1058 465 1137 542; x_wconf 81' lang='lat' dir='ltr'><strong>eto,</strong></span> <span class='ocrx_word' id='word_1_11' title='bbox 1160 461 1220 527; x_wconf 91' lang='lat' dir='ltr'><strong>scd</strong></span> <span class='ocrx_word' id='word_1_12' title='bbox 1240 463 1347 529; x_wconf 90' lang='lat' dir='ltr'><strong>oculis</strong></span> <span class='ocrx_word' id='word_1_13' title='bbox 1369 464 1436 553; x_wconf 91' lang='lat' dir='ltr'><strong>ipsi</strong></span> <span class='ocrx_word' id='word_1_14' title='bbox 1451 467 1501 532; x_wconf 93' lang='lat' dir='ltr'><strong>vi-</strong></span> 
     </span>
     <span class='ocr_line' id='line_1_3' title="bbox 182 565 1502 661; baseline 0.003 -27"><span class='ocrx_word' id='word_1_15' title='bbox 182 569 288 635; x_wconf 86' lang='lat' dir='ltr'><strong>distis.</strong></span> <span class='ocrx_word' id='word_1_16' title='bbox 307 573 344 633; x_wconf 92' lang='lat' dir='ltr'><strong>ln</strong></span> <span class='ocrx_word' id='word_1_17' title='bbox 366 566 457 656; x_wconf 91' lang='lat' dir='ltr'><strong>quod</strong></span> <span class='ocrx_word' id='word_1_18' title='bbox 477 565 598 633; x_wconf 80' lang='lat' dir='ltr'><strong>recidit</strong></span> <span class='ocrx_word' id='word_1_19' title='bbox 615 566 688 633; x_wconf 81' lang='lat' dir='ltr'><strong>Coi.</strong></span> <span class='ocrx_word' id='word_1_20' title='bbox 714 588 721 634; x_wconf 92' lang='lat'>:</span> <span class='ocrx_word' id='word_1_21' title='bbox 744 567 868 632; x_wconf 84' lang='lat' dir='ltr'><strong>Scitote</strong></span> <span class='ocrx_word' id='word_1_22' title='bbox 887 565 1010 647; x_wconf 90' lang='lat' dir='ltr'><strong>hodie,</strong></span> <span class='ocrx_word' id='word_1_23' title='bbox 1029 566 1122 655; x_wconf 91' lang='lat' dir='ltr'><strong>quod</strong></span> <span class='ocrx_word' id='word_1_24' title='bbox 1140 591 1208 634; x_wconf 93' lang='lat' dir='ltr'><strong>non</strong></span> <span class='ocrx_word' id='word_1_25' title='bbox 1226 569 1289 634; x_wconf 86' lang='lat' dir='ltr'><strong>filii</strong></span> <span class='ocrx_word' id='word_1_26' title='bbox 1311 571 1423 651; x_wconf 84' lang='lat' dir='ltr'><strong>vestri,</strong></span> <span class='ocrx_word' id='word_1_27' title='bbox 1441 573 1502 661; x_wconf 90' lang='lat' dir='ltr'><strong>qni</strong></span> 
     </span>
     <span class='ocr_line' id='line_1_4' title="bbox 183 671 1494 762; baseline 0.005 -22"><span class='ocrx_word' id='word_1_28' title='bbox 183 698 253 740; x_wconf 94' lang='lat' dir='ltr'><strong>non</strong></span> <span class='ocrx_word' id='word_1_29' title='bbox 268 672 439 740; x_wconf 89' lang='lat' dir='ltr'><strong>sciverunt</strong></span> <span class='ocrx_word' id='word_1_30' title='bbox 454 683 533 755; x_wconf 77' lang='lat' dir='ltr'><strong>ete,</strong></span> <span class='ocrx_word' id='word_1_31' title='bbox 550 672 610 738; x_wconf 90' lang='lat' dir='ltr'><strong>sed</strong></span> <span class='ocrx_word' id='word_1_32' title='bbox 624 695 683 738; x_wconf 89' lang='lat' dir='ltr'><strong>vos</strong></span> <span class='ocrx_word' id='word_1_33' title='bbox 699 672 764 762; x_wconf 89' lang='lat' dir='ltr'><strong>ipsi</strong></span> <span class='ocrx_word' id='word_1_34' title='bbox 781 671 891 739; x_wconf 89' lang='lat' dir='ltr'><strong>oculis</strong></span> <span class='ocrx_word' id='word_1_35' title='bbox 908 672 1028 738; x_wconf 84' lang='lat' dir='ltr'><strong>vestris</strong></span> <span class='ocrx_word' id='word_1_36' title='bbox 1043 673 1176 740; x_wconf 89' lang='lat' dir='ltr'><strong>vidistis</strong></span> <span class='ocrx_word' id='word_1_37' title='bbox 1191 676 1367 762; x_wconf 82' lang='lat' dir='ltr'><strong>magnalia</strong></span> <span class='ocrx_word' id='word_1_38' title='bbox 1381 679 1494 746; x_wconf 87' lang='lat' dir='ltr'><strong>labve.</strong></span> 
     </span>
     <span class='ocr_line' id='line_1_5' title="bbox 182 778 1502 868; baseline 0.004 -22"><span class='ocrx_word' id='word_1_39' title='bbox 182 786 265 846; x_wconf 84' lang='lat' dir='ltr'><strong>Prae</strong></span> <span class='ocrx_word' id='word_1_40' title='bbox 291 779 484 846; x_wconf 91' lang='lat' dir='ltr'><strong>iunioribus</strong></span> <span class='ocrx_word' id='word_1_41' title='bbox 515 778 703 867; x_wconf 75' lang='lat' dir='ltr'><strong>alloquitur</strong></span> <span class='ocrx_word' id='word_1_42' title='bbox 727 779 822 857; x_wconf 90' lang='lat' dir='ltr'><strong>illos,</strong></span> <span class='ocrx_word' id='word_1_43' title='bbox 856 779 916 868; x_wconf 92' lang='lat' dir='ltr'><strong>qui</strong></span> <span class='ocrx_word' id='word_1_44' title='bbox 937 784 1038 845; x_wconf 89' lang='lat' dir='ltr'><strong>testes</strong></span> <span class='ocrx_word' id='word_1_45' title='bbox 1066 780 1194 846; x_wconf 82' lang='lat' dir='ltr'><strong>oculati</strong></span> <span class='ocrx_word' id='word_1_46' title='bbox 1219 783 1377 850; x_wconf 81' lang='lat' dir='ltr'><strong>exstitere</strong></span> <span class='ocrx_word' id='word_1_47' title='bbox 1402 784 1502 851; x_wconf 83' lang='lat' dir='ltr'><strong>exodi</strong></span> 
     </span>
     <span class='ocr_line' id='line_1_6' title="bbox 181 884 1500 975; baseline 0.002 -23"><span class='ocrx_word' id='word_1_48' title='bbox 181 887 401 975; x_wconf 72' lang='lat' dir='ltr'><strong>aegyptiacae</strong></span> <span class='ocrx_word' id='word_1_49' title='bbox 422 891 455 951; x_wconf 92' lang='lat' dir='ltr'><strong>et</strong></span> <span class='ocrx_word' id='word_1_50' title='bbox 480 885 679 951; x_wconf 80' lang='lat' dir='ltr'><strong>rebellionis</strong></span> <span class='ocrx_word' id='word_1_51' title='bbox 703 889 798 967; x_wconf 86' lang='lat' dir='ltr'><strong>Cure,</strong></span> <span class='ocrx_word' id='word_1_52' title='bbox 823 907 892 951; x_wconf 90' lang='lat' dir='ltr'><strong>uno</strong></span> <span class='ocrx_word' id='word_1_53' title='bbox 912 884 1017 952; x_wconf 90' lang='lat' dir='ltr'><strong>verbo</strong></span> <span class='ocrx_word' id='word_1_54' title='bbox 1041 885 1245 975; x_wconf 80' lang='lat' dir='ltr'><strong>disciplinae</strong></span> <span class='ocrx_word' id='word_1_55' title='bbox 1273 888 1385 974; x_wconf 76' lang='lat' dir='ltr'><strong>tulere,</strong></span> <span class='ocrx_word' id='word_1_56' title='bbox 1408 906 1500 964; x_wconf 67' lang='lat' dir='ltr'><strong>rein,</strong></span> 
     </span>
     <span class='ocr_line' id='line_1_7' title="bbox 182 990 1503 1081; baseline 0.006 -26"><span class='ocrx_word' id='word_1_57' title='bbox 182 1014 287 1081; x_wconf 80' lang='lat' dir='ltr'><strong>quam</strong></span> <span class='ocrx_word' id='word_1_58' title='bbox 302 1013 421 1058; x_wconf 87' lang='lat' dir='ltr'><strong>vocem</strong></span> <span class='ocrx_word' id='word_1_59' title='bbox 444 998 534 1058; x_wconf 89' lang='lat' dir='ltr'><strong>recte</strong></span> <span class='ocrx_word' id='word_1_60' title='bbox 550 998 688 1058; x_wconf 89' lang='lat' dir='ltr'><strong>vertunt</strong></span> <span class='ocrx_word' id='word_1_61' title='bbox 712 993 803 1057; x_wconf 84' lang='lat' dir='ltr'><strong>LXX</strong></span> <span class='ocrx_word' id='word_1_62' title='bbox 820 999 965 1072; x_wconf 69' lang='grc' dir='ltr'>παιδείαν,</span> <span class='ocrx_word' id='word_1_63' title='bbox 988 990 1109 1060; x_wconf 79' lang='lat' dir='ltr'><strong>ctatd.</strong></span> <span class='ocrx_word' id='word_1_64' title='bbox 1134 992 1374 1078; x_wconf 84' lang='lat' dir='ltr'><strong>eruditionem,</strong></span> <span class='ocrx_word' id='word_1_65' title='bbox 1390 996 1503 1064; x_wconf 91' lang='lat' dir='ltr'><strong>minus</strong></span> 
     </span>
     <span class='ocr_line' id='line_1_8' title="bbox 183 1096 1503 1189; baseline 0.005 -25"><span class='ocrx_word' id='word_1_66' title='bbox 183 1105 272 1164; x_wconf 85' lang='lat' dir='ltr'><strong>recte</strong></span> <span class='ocrx_word' id='word_1_67' title='bbox 288 1100 413 1186; x_wconf 78' lang='lat' dir='ltr'><strong>Bonfr.</strong></span> <span class='ocrx_word' id='word_1_68' title='bbox 433 1098 684 1188; x_wconf 90' lang='lat' dir='ltr'><strong>«punitionem</strong></span> <span class='ocrx_word' id='word_1_69' title='bbox 703 1125 731 1164; x_wconf 87' lang='lat'><strong>›&gt;.</strong></span> <span class='ocrx_word' id='word_1_70' title='bbox 750 1101 867 1184; x_wconf 79' lang='lat' dir='ltr'><strong>Agunt</strong></span> <span class='ocrx_word' id='word_1_71' title='bbox 881 1096 1021 1188; x_wconf 89' lang='lat' dir='ltr'><strong>quidem</strong></span> <span class='ocrx_word' id='word_1_72' title='bbox 1037 1120 1069 1164; x_wconf 92' lang='lat' dir='ltr'><strong>v.</strong></span> <span class='ocrx_word' id='word_1_73' title='bbox 1089 1106 1148 1164; x_wconf 86' lang='grc'><strong>3-6</strong></span> <span class='ocrx_word' id='word_1_74' title='bbox 1164 1100 1208 1165; x_wconf 91' lang='lat' dir='ltr'><strong>de</strong></span> <span class='ocrx_word' id='word_1_75' title='bbox 1231 1101 1410 1189; x_wconf 88' lang='lat' dir='ltr'><strong>punitione</strong></span> <span class='ocrx_word' id='word_1_76' title='bbox 1439 1109 1503 1170; x_wconf 86' lang='lat' dir='ltr'><strong>Ae-</strong></span> 
     </span>
     <span class='ocr_line' id='line_1_9' title="bbox 181 1203 1504 1294; baseline 0.005 -24"><span class='ocrx_word' id='word_1_77' title='bbox 181 1206 380 1294; x_wconf 76' lang='lat' dir='ltr'><strong>gyptiorum</strong></span> <span class='ocrx_word' id='word_1_78' title='bbox 396 1211 430 1270; x_wconf 92' lang='lat' dir='ltr'><strong>et</strong></span> <span class='ocrx_word' id='word_1_79' title='bbox 450 1209 545 1287; x_wconf 87' lang='lat' dir='ltr'><strong>Core,</strong></span> <span class='ocrx_word' id='word_1_80' title='bbox 562 1204 621 1271; x_wconf 92' lang='lat' dir='ltr'><strong>sed</strong></span> <span class='ocrx_word' id='word_1_81' title='bbox 633 1206 717 1272; x_wconf 87' lang='lat' dir='ltr'><strong>haec</strong></span> <span class='ocrx_word' id='word_1_82' title='bbox 732 1203 866 1294; x_wconf 92' lang='lat' dir='ltr'><strong>punitio</strong></span> <span class='ocrx_word' id='word_1_83' title='bbox 882 1204 947 1270; x_wconf 88' lang='lat' dir='ltr'><strong>fuit</strong></span> <span class='ocrx_word' id='word_1_84' title='bbox 962 1205 1096 1271; x_wconf 87' lang='lat' dir='ltr'><strong>lsraelis</strong></span> <span class='ocrx_word' id='word_1_85' title='bbox 1114 1205 1276 1272; x_wconf 80' lang='lat' dir='ltr'><strong>eruditio.</strong></span> <span class='ocrx_word' id='word_1_86' title='bbox 1294 1208 1504 1276; x_wconf 82' lang='lat' dir='ltr'><strong>Eruditionis</strong></span> 
     </span>
     <span class='ocr_line' id='line_1_10' title="bbox 182 1296 1502 1400; baseline 0.006 -26"><span class='ocrx_word' id='word_1_87' title='bbox 182 1332 263 1377; x_wconf 89' lang='lat' dir='ltr'><strong>vero</strong></span> <span class='ocrx_word' id='word_1_88' title='bbox 279 1312 346 1378; x_wconf 93' lang='lat' dir='ltr'><strong>duo</strong></span> <span class='ocrx_word' id='word_1_89' title='bbox 362 1311 477 1397; x_wconf 84' lang='lat' dir='ltr'><strong>seligit</strong></span> <span class='ocrx_word' id='word_1_90' title='bbox 492 1316 608 1378; x_wconf 87' lang='lat' dir='ltr'><strong>orator</strong></span> <span class='ocrx_word' id='word_1_91' title='bbox 627 1311 757 1400; x_wconf 86' lang='lat' dir='ltr'><strong>capita,</strong></span> <span class='ocrx_word' id='word_1_92' title='bbox 774 1332 923 1400; x_wconf 85' lang='lat' dir='ltr'><strong>quorum</strong></span> <span class='ocrx_word' id='word_1_93' title='bbox 943 1312 1102 1390; x_wconf 89' lang='lat' dir='ltr'><strong>alterum,</strong></span> <span class='ocrx_word' id='word_1_94' title='bbox 1124 1296 1327 1380; x_wconf 87' lang='lat' dir='ltr'><strong>seditionem</strong></span> <span class='ocrx_word' id='word_1_95' title='bbox 1342 1320 1442 1382; x_wconf 90' lang='lat' dir='ltr'><strong>Num.</strong></span> <span class='ocrx_word' id='word_1_96' title='bbox 1461 1323 1502 1383; x_wconf 89' lang='grc'><strong>16</strong></span> 
     </span>
     <span class='ocr_line' id='line_1_11' title="bbox 182 1417 1503 1507; baseline 0.005 -25"><span class='ocrx_word' id='word_1_97' title='bbox 182 1417 359 1506; x_wconf 90' lang='lat' dir='ltr'><strong>hucusque</strong></span> <span class='ocrx_word' id='word_1_98' title='bbox 383 1417 597 1498; x_wconf 79' lang='lat' dir='ltr'><strong>nullatenuS,</strong></span> <span class='ocrx_word' id='word_1_99' title='bbox 623 1418 730 1507; x_wconf 71' lang='lat' dir='ltr'><strong>prius</strong></span> <span class='ocrx_word' id='word_1_100' title='bbox 764 1417 945 1484; x_wconf 82' lang='lat' dir='ltr'><strong>transitum</strong></span> <span class='ocrx_word' id='word_1_101' title='bbox 972 1417 1068 1484; x_wconf 81' lang='lat' dir='ltr'><strong>Maris</strong></span> <span class='ocrx_word' id='word_1_102' title='bbox 1091 1419 1199 1486; x_wconf 84' lang='lat' dir='ltr'><strong>Rubri</strong></span> <span class='ocrx_word' id='word_1_103' title='bbox 1228 1420 1340 1486; x_wconf 90' lang='lat' dir='ltr'><strong>obiter</strong></span> <span class='ocrx_word' id='word_1_104' title='bbox 1369 1426 1503 1488; x_wconf 87' lang='lat' dir='ltr'><strong>tantum</strong></span> 
     </span>
     <span class='ocr_line' id='line_1_12' title="bbox 182 1523 1503 1616; baseline 0.004 -27"><span class='ocrx_word' id='word_1_105' title='bbox 182 1524 345 1609; x_wconf 82' lang='lat' dir='ltr'><strong>attigerat</strong></span> <span class='ocrx_word' id='word_1_106' title='bbox 368 1543 425 1590; x_wconf 83' lang='lat' dir='ltr'><strong>:v.</strong></span> <span class='ocrx_word' id='word_1_107' title='bbox 448 1531 467 1591; x_wconf 90' lang='grc'>3</span> <span class='ocrx_word' id='word_1_108' title='bbox 490 1551 505 1584; x_wconf 95' lang='lat'>«</span> <span class='ocrx_word' id='word_1_109' title='bbox 532 1524 633 1613; x_wconf 76' lang='lat' dir='ltr'><strong>siqua</strong></span> <span class='ocrx_word' id='word_1_110' title='bbox 652 1536 684 1590; x_wconf 88' lang='lat' dir='ltr'><strong>et</strong></span> <span class='ocrx_word' id='word_1_111' title='bbox 707 1546 821 1612; x_wconf 79' lang='lat' dir='ltr'><strong>opero,</strong></span> <span class='ocrx_word' id='word_1_112' title='bbox 841 1546 929 1612; x_wconf 79' lang='lat' dir='ltr'><strong>qttue</strong></span> <span class='ocrx_word' id='word_1_113' title='bbox 950 1524 1022 1611; x_wconf 80' lang='lat' dir='ltr'><strong>sesi</strong></span> <span class='ocrx_word' id='word_1_114' title='bbox 1044 1525 1081 1590; x_wconf 91' lang='lat' dir='ltr'><strong>in</strong></span> <span class='ocrx_word' id='word_1_115' title='bbox 1106 1523 1218 1590; x_wconf 85' lang='lat' dir='ltr'><strong>medio</strong></span> <span class='ocrx_word' id='word_1_116' title='bbox 1237 1527 1389 1616; x_wconf 70' lang='lat' dir='ltr'><strong>Aeqppti</strong></span> <span class='ocrx_word' id='word_1_117' title='bbox 1415 1527 1503 1594; x_wconf 79' lang='lat' dir='ltr'><strong>Plio-</strong></span> 
     </span>
     <span class='ocr_line' id='line_1_13' title="bbox 182 1630 1502 1720; baseline 0.004 -24"><span class='ocrx_word' id='word_1_118' title='bbox 182 1632 285 1697; x_wconf 86' lang='lat' dir='ltr'><strong>rooni</strong></span> <span class='ocrx_word' id='word_1_119' title='bbox 304 1630 380 1718; x_wconf 74' lang='lat' dir='ltr'><strong>reqi</strong></span> <span class='ocrx_word' id='word_1_120' title='bbox 402 1643 435 1696; x_wconf 88' lang='lat' dir='ltr'><strong>et</strong></span> <span class='ocrx_word' id='word_1_121' title='bbox 456 1630 637 1696; x_wconf 77' lang='lat' dir='ltr'><strong>teniversoe</strong></span> <span class='ocrx_word' id='word_1_122' title='bbox 661 1643 771 1696; x_wconf 87' lang='lat' dir='ltr'><strong>terroe</strong></span> <span class='ocrx_word' id='word_1_123' title='bbox 789 1630 861 1696; x_wconf 82' lang='lat' dir='ltr'><strong>eius</strong></span> <span class='ocrx_word' id='word_1_124' title='bbox 887 1658 927 1711; x_wconf 84' lang='lat' dir='ltr'><strong>n,</strong></span> <span class='ocrx_word' id='word_1_125' title='bbox 944 1652 976 1697; x_wconf 84' lang='lat' dir='ltr'><strong>v.</strong></span> <span class='ocrx_word' id='word_1_126' title='bbox 999 1638 1050 1698; x_wconf 78' lang='lat' dir='ltr'><strong>t«</strong></span> <span class='ocrx_word' id='word_1_127' title='bbox 1072 1632 1234 1720; x_wconf 79' lang='lat' dir='ltr'><strong>oninique</strong></span> <span class='ocrx_word' id='word_1_128' title='bbox 1251 1633 1419 1699; x_wconf 76' lang='lat' dir='ltr'><strong>exercitui</strong></span> <span class='ocrx_word' id='word_1_129' title='bbox 1435 1637 1502 1701; x_wconf 79' lang='lat' dir='ltr'><strong>Ae-</strong></span> 
     </span>
     <span class='ocr_line' id='line_1_14' title="bbox 181 1736 1500 1830; baseline 0.005 -30"><span class='ocrx_word' id='word_1_130' title='bbox 181 1737 396 1826; x_wconf 74' lang='lat' dir='ltr'><strong>ppptiomon,</strong></span> <span class='ocrx_word' id='word_1_131' title='bbox 431 1749 464 1802; x_wconf 86' lang='lat' dir='ltr'><strong>et</strong></span> <span class='ocrx_word' id='word_1_132' title='bbox 493 1737 587 1826; x_wconf 88' lang='lat' dir='ltr'><strong>equis</strong></span> <span class='ocrx_word' id='word_1_133' title='bbox 614 1760 655 1802; x_wconf 85' lang='lat' dir='ltr'><strong>oe</strong></span> <span class='ocrx_word' id='word_1_134' title='bbox 685 1737 841 1802; x_wconf 81' lang='lat' dir='ltr'><strong>curribus</strong></span> <span class='ocrx_word' id='word_1_135' title='bbox 864 1758 877 1800; x_wconf 91' lang='grc'><strong>.·</strong></span> <span class='ocrx_word' id='word_1_136' title='bbox 897 1736 1068 1826; x_wconf 80' lang='lat' dir='ltr'><strong>qrtomodo</strong></span> <span class='ocrx_word' id='word_1_137' title='bbox 1091 1739 1288 1827; x_wconf 85' lang='lat' dir='ltr'><strong>operuerint</strong></span> <span class='ocrx_word' id='word_1_138' title='bbox 1312 1762 1366 1806; x_wconf 88' lang='lat' dir='ltr'><strong>eos</strong></span> <span class='ocrx_word' id='word_1_139' title='bbox 1389 1763 1500 1830; x_wconf 80' lang='lat' dir='ltr'><strong>oqttae</strong></span> 
     </span>
     <span class='ocr_line' id='line_1_15' title="bbox 183 1841 1501 1932; baseline 0.002 -22"><span class='ocrx_word' id='word_1_140' title='bbox 183 1843 290 1910; x_wconf 83' lang='lat' dir='ltr'><strong>Muris</strong></span> <span class='ocrx_word' id='word_1_141' title='bbox 309 1841 427 1923; x_wconf 65' lang='lat' dir='ltr'><strong>nestri,</strong></span> <span class='ocrx_word' id='word_1_142' title='bbox 455 1865 532 1908; x_wconf 86' lang='lat' dir='ltr'><strong>eum</strong></span> <span class='ocrx_word' id='word_1_143' title='bbox 556 1866 611 1908; x_wconf 83' lang='lat' dir='ltr'><strong>ros</strong></span> <span class='ocrx_word' id='word_1_144' title='bbox 630 1855 928 1932; x_wconf 79' lang='lat' dir='ltr'><strong>persequerentur,</strong></span> <span class='ocrx_word' id='word_1_145' title='bbox 947 1855 979 1908; x_wconf 91' lang='lat' dir='ltr'><strong>et</strong></span> <span class='ocrx_word' id='word_1_146' title='bbox 1006 1842 1169 1910; x_wconf 79' lang='lat' dir='ltr'><strong>deleverit</strong></span> <span class='ocrx_word' id='word_1_147' title='bbox 1184 1867 1239 1910; x_wconf 88' lang='lat' dir='ltr'><strong>eos</strong></span> <span class='ocrx_word' id='word_1_148' title='bbox 1259 1847 1428 1912; x_wconf 79' lang='lat' dir='ltr'><strong>Dominus</strong></span> <span class='ocrx_word' id='word_1_149' title='bbox 1444 1870 1501 1912; x_wconf 83' lang='lat' dir='ltr'><strong>us-</strong></span> 
     </span>
     <span class='ocr_line' id='line_1_16' title="bbox 183 1948 1501 2041; baseline 0.003 -26"><span class='ocrx_word' id='word_1_150' title='bbox 183 1973 248 2040; x_wconf 78' lang='lat' dir='ltr'><strong>pue</strong></span> <span class='ocrx_word' id='word_1_151' title='bbox 272 1950 307 2015; x_wconf 88' lang='lat' dir='ltr'><strong>in</strong></span> <span class='ocrx_word' id='word_1_152' title='bbox 329 1958 543 2038; x_wconf 81' lang='lat' dir='ltr'><strong>praesentem</strong></span> <span class='ocrx_word' id='word_1_153' title='bbox 563 1948 655 2015; x_wconf 87' lang='lat' dir='ltr'><strong>diem</strong></span> <span class='ocrx_word' id='word_1_154' title='bbox 673 1969 708 2028; x_wconf 78' lang='lat'><strong>»3</strong></span> <span class='ocrx_word' id='word_1_155' title='bbox 725 1987 769 1999; x_wconf 93' lang='grc'><strong>-</strong></span> <span class='ocrx_word' id='word_1_156' title='bbox 789 1951 890 2015; x_wconf 87' lang='lat' dir='ltr'><strong>Hebr.</strong></span> <span class='ocrx_word' id='word_1_157' title='bbox 914 1948 1029 2035; x_wconf 81' lang='lat' dir='ltr'><strong>:fecit</strong></span> <span class='ocrx_word' id='word_1_158' title='bbox 1048 1949 1243 2016; x_wconf 81' lang='lat' dir='ltr'><strong>redundare</strong></span> <span class='ocrx_word' id='word_1_159' title='bbox 1262 1974 1372 2041; x_wconf 81' lang='lat' dir='ltr'><strong>equos</strong></span> <span class='ocrx_word' id='word_1_160' title='bbox 1391 1952 1501 2019; x_wconf 71' lang='lat' dir='ltr'><strong>:lteris</strong></span> 
     </span>
     <span class='ocr_line' id='line_1_17' title="bbox 183 2054 1501 2148; baseline -0.002 -25"><span class='ocrx_word' id='word_1_161' title='bbox 183 2056 279 2145; x_wconf 78' lang='lat' dir='ltr'><strong>Srtplz</strong></span> <span class='ocrx_word' id='word_1_162' title='bbox 304 2077 418 2121; x_wconf 84' lang='lat' dir='ltr'><strong>eorum</strong></span> <span class='ocrx_word' id='word_1_163' title='bbox 432 2056 501 2139; x_wconf 82' lang='lat' dir='ltr'><strong>eis,·</strong></span> <span class='ocrx_word' id='word_1_164' title='bbox 523 2069 600 2145; x_wconf 65' lang='lat' dir='ltr'><strong>*pin</strong></span> <span class='ocrx_word' id='word_1_165' title='bbox 622 2054 760 2122; x_wconf 84' lang='lat' dir='ltr'><strong>videtur</strong></span> <span class='ocrx_word' id='word_1_166' title='bbox 776 2055 941 2144; x_wconf 90' lang='lat' dir='ltr'><strong>scriptum</strong></span> <span class='ocrx_word' id='word_1_167' title='bbox 961 2055 1006 2121; x_wconf 94' lang='lat' dir='ltr'><strong>ob</strong></span> <span class='ocrx_word' id='word_1_168' title='bbox 1030 2057 1260 2123; x_wconf 87' lang='lat' dir='ltr'><strong>assonantiam</strong></span> <span class='ocrx_word' id='word_1_169' title='bbox 1283 2079 1361 2123; x_wconf 93' lang='lat' dir='ltr'><strong>cum</strong></span> <span class='ocrx_word' id='word_1_170' title='bbox 1386 2074 1442 2148; x_wconf 57' lang='lat' dir='ltr'><strong>uto</strong></span> <span class='ocrx_word' id='word_1_171' title='bbox 1457 2097 1501 2108; x_wconf 90' lang='lat'><em>-</em></span> 
     </span>
     <span class='ocr_line' id='line_1_18' title="bbox 183 2159 1500 2251; baseline 0.002 -22"><span class='ocrx_word' id='word_1_172' title='bbox 183 2188 215 2229; x_wconf 89' lang='lat' dir='ltr'><strong>v.</strong></span> <span class='ocrx_word' id='word_1_173' title='bbox 238 2173 257 2230; x_wconf 86' lang='lat'>5</span> <span class='ocrx_word' id='word_1_174' title='bbox 286 2190 301 2223; x_wconf 78' lang='grc' dir='ltr'>α</span> <span class='ocrx_word' id='word_1_175' title='bbox 319 2162 477 2251; x_wconf 84' lang='lat' dir='ltr'><strong>uobisque</strong></span> <span class='ocrx_word' id='word_1_176' title='bbox 498 2184 588 2250; x_wconf 83' lang='lat' dir='ltr'><strong>quoe</strong></span> <span class='ocrx_word' id='word_1_177' title='bbox 604 2161 726 2250; x_wconf 78' lang='lat' dir='ltr'><strong>fecerit</strong></span> <span class='ocrx_word' id='word_1_178' title='bbox 748 2160 785 2227; x_wconf 90' lang='lat' dir='ltr'><strong>in</strong></span> <span class='ocrx_word' id='word_1_179' title='bbox 810 2159 1010 2247; x_wconf 76' lang='lat' dir='ltr'><strong>solitudine,</strong></span> <span class='ocrx_word' id='word_1_180' title='bbox 1039 2161 1144 2228; x_wconf 86' lang='lat' dir='ltr'><strong>donec</strong></span> <span class='ocrx_word' id='word_1_181' title='bbox 1160 2163 1321 2229; x_wconf 77' lang='lat' dir='ltr'><strong>uerriretis</strong></span> <span class='ocrx_word' id='word_1_182' title='bbox 1344 2164 1392 2230; x_wconf 75' lang='lat' dir='ltr'><strong>orl</strong></span> <span class='ocrx_word' id='word_1_183' title='bbox 1409 2165 1500 2231; x_wconf 69' lang='lat' dir='ltr'><strong>tione</strong></span> 
     </span>
     <span class='ocr_line' id='line_1_19' title="bbox 184 2267 1501 2360; baseline 0.001 -25"><span class='ocrx_word' id='word_1_184' title='bbox 184 2271 294 2335; x_wconf 85' lang='lat' dir='ltr'><strong>locum</strong></span> <span class='ocrx_word' id='word_1_185' title='bbox 324 2289 360 2347; x_wconf 77' lang='lat'><strong>»3</strong></span> <span class='ocrx_word' id='word_1_186' title='bbox 384 2290 532 2358; x_wconf 89' lang='lat' dir='ltr'><strong>—quae</strong></span> <span class='ocrx_word' id='word_1_187' title='bbox 552 2268 655 2335; x_wconf 85' lang='lat' dir='ltr'><strong>verba</strong></span> <span class='ocrx_word' id='word_1_188' title='bbox 675 2267 951 2357; x_wconf 89' lang='lat' dir='ltr'><strong>complectuntur</strong></span> <span class='ocrx_word' id='word_1_189' title='bbox 966 2290 1104 2335; x_wconf 89' lang='lat' dir='ltr'><strong>omnem</strong></span> <span class='ocrx_word' id='word_1_190' title='bbox 1124 2269 1354 2337; x_wconf 90' lang='lat' dir='ltr'><strong>eruditionem</strong></span> <span class='ocrx_word' id='word_1_191' title='bbox 1367 2294 1430 2360; x_wconf 91' lang='lat' dir='ltr'><strong>per</strong></span> <span class='ocrx_word' id='word_1_192' title='bbox 1448 2278 1501 2337; x_wconf 87' lang='lat' dir='ltr'><strong>to-</strong></span> 
     </span>
     <span class='ocr_line' id='line_1_20' title="bbox 183 2374 1499 2466; baseline 0.002 -25"><span class='ocrx_word' id='word_1_193' title='bbox 183 2381 256 2444; x_wconf 92' lang='lat' dir='ltr'><strong>tum</strong></span> <span class='ocrx_word' id='word_1_194' title='bbox 280 2375 472 2455; x_wconf 91' lang='lat' dir='ltr'><strong>desertum,</strong></span> <span class='ocrx_word' id='word_1_195' title='bbox 495 2380 654 2464; x_wconf 88' lang='lat' dir='ltr'><strong>portenta</strong></span> <span class='ocrx_word' id='word_1_196' title='bbox 682 2374 801 2441; x_wconf 84' lang='lat' dir='ltr'><strong>effecta</strong></span> <span class='ocrx_word' id='word_1_197' title='bbox 826 2381 897 2441; x_wconf 89' lang='lat' dir='ltr'><strong>tam</strong></span> <span class='ocrx_word' id='word_1_198' title='bbox 921 2374 959 2441; x_wconf 92' lang='lat' dir='ltr'><strong>in</strong></span> <span class='ocrx_word' id='word_1_199' title='bbox 984 2375 1140 2441; x_wconf 85' lang='lat' dir='ltr'><strong>favorem</strong></span> <span class='ocrx_word' id='word_1_200' title='bbox 1163 2398 1267 2464; x_wconf 93' lang='lat' dir='ltr'><strong>quam</strong></span> <span class='ocrx_word' id='word_1_201' title='bbox 1291 2378 1329 2442; x_wconf 92' lang='lat' dir='ltr'><strong>in</strong></span> <span class='ocrx_word' id='word_1_202' title='bbox 1352 2400 1499 2466; x_wconf 85' lang='lat' dir='ltr'><strong>poenam</strong></span> 
     </span>
     <span class='ocr_line' id='line_1_21' title="bbox 184 2481 1501 2572; baseline 0 -24"><span class='ocrx_word' id='word_1_203' title='bbox 184 2483 412 2548; x_wconf 87' lang='lat' dir='ltr'><strong>Hebraeorum</strong></span> <span class='ocrx_word' id='word_1_204' title='bbox 431 2481 533 2569; x_wconf 86' lang='lat' dir='ltr'><strong>(Keil)</strong></span> <span class='ocrx_word' id='word_1_205' title='bbox 553 2520 597 2530; x_wconf 96' lang='lat'>—</span> <span class='ocrx_word' id='word_1_206' title='bbox 613 2505 643 2547; x_wconf 91' lang='lat' dir='ltr'><strong>v.</strong></span> <span class='ocrx_word' id='word_1_207' title='bbox 665 2489 684 2547; x_wconf 88' lang='grc'><strong>6</strong></span> <span class='ocrx_word' id='word_1_208' title='bbox 707 2508 722 2542; x_wconf 90' lang='lat'><strong><em>«</em></strong></span> <span class='ocrx_word' id='word_1_209' title='bbox 741 2493 774 2546; x_wconf 88' lang='lat' dir='ltr'><strong>et</strong></span> <span class='ocrx_word' id='word_1_210' title='bbox 792 2510 805 2539; x_wconf 88' lang='lat'>»</span> <span class='ocrx_word' id='word_1_211' title='bbox 827 2503 915 2570; x_wconf 80' lang='lat' dir='ltr'><strong>qrtoe</strong></span> <span class='ocrx_word' id='word_1_212' title='bbox 925 2482 1051 2570; x_wconf 77' lang='lat' dir='ltr'><strong>feeerit</strong></span> <span class='ocrx_word' id='word_1_213' title='bbox 1068 2509 1084 2543; x_wconf 90' lang='lat'>«</span> <span class='ocrx_word' id='word_1_214' title='bbox 1101 2482 1237 2549; x_wconf 77' lang='lat' dir='ltr'><strong>Dotion</strong></span> <span class='ocrx_word' id='word_1_215' title='bbox 1255 2494 1358 2572; x_wconf 78' lang='lat' dir='ltr'><strong>otqrte</strong></span> <span class='ocrx_word' id='word_1_216' title='bbox 1372 2484 1501 2549; x_wconf 77' lang='lat' dir='ltr'><strong>Abiron</strong></span> 
     </span>
     <span class='ocr_line' id='line_1_22' title="bbox 183 2586 1502 2676; baseline 0.002 -24"><span class='ocrx_word' id='word_1_217' title='bbox 183 2588 266 2666; x_wconf 73' lang='lat' dir='ltr'><strong>liliis</strong></span> <span class='ocrx_word' id='word_1_218' title='bbox 284 2587 384 2654; x_wconf 83' lang='lat' dir='ltr'><strong>Eliob</strong></span> <span class='ocrx_word' id='word_1_219' title='bbox 404 2587 466 2675; x_wconf 84' lang='lat' dir='ltr'><strong>qui</strong></span> <span class='ocrx_word' id='word_1_220' title='bbox 486 2586 560 2674; x_wconf 76' lang='lat' dir='ltr'><strong>fuit</strong></span> <span class='ocrx_word' id='word_1_221' title='bbox 573 2586 669 2673; x_wconf 76' lang='lat' dir='ltr'><strong>filius</strong></span> <span class='ocrx_word' id='word_1_222' title='bbox 689 2589 816 2673; x_wconf 86' lang='lat' dir='ltr'><strong>Iluben,</strong></span> <span class='ocrx_word' id='word_1_223' title='bbox 835 2600 1047 2676; x_wconf 68' lang='lat' dir='ltr'><strong>quiasuperto</strong></span> <span class='ocrx_word' id='word_1_224' title='bbox 1066 2611 1122 2653; x_wconf 87' lang='lat' dir='ltr'><strong>ore</strong></span> <span class='ocrx_word' id='word_1_225' title='bbox 1144 2611 1202 2653; x_wconf 89' lang='lat' dir='ltr'><strong>suo</strong></span> <span class='ocrx_word' id='word_1_226' title='bbox 1221 2602 1311 2655; x_wconf 86' lang='lat' dir='ltr'><strong>terro</strong></span> <span class='ocrx_word' id='word_1_227' title='bbox 1326 2591 1502 2655; x_wconf 79' lang='lat' dir='ltr'><strong>obsorbuit</strong></span> 
     </span>
     <span class='ocr_line' id='line_1_23' title="bbox 184 2691 1501 2781; baseline 0.002 -22"><span class='ocrx_word' id='word_1_228' title='bbox 184 2716 262 2759; x_wconf 72' lang='lat' dir='ltr'><strong>oreon</strong></span> <span class='ocrx_word' id='word_1_229' title='bbox 277 2692 431 2759; x_wconf 70' lang='lat' dir='ltr'><strong>(teretibus</strong></span> <span class='ocrx_word' id='word_1_230' title='bbox 448 2720 478 2776; x_wconf 81' lang='lat' dir='ltr'><strong>o,</strong></span> <span class='ocrx_word' id='word_1_231' title='bbox 503 2720 519 2752; x_wconf 81' lang='lat' dir='ltr'><strong>u</strong></span> <span class='ocrx_word' id='word_1_232' title='bbox 548 2692 627 2758; x_wconf 86' lang='lat' dir='ltr'><strong>tiliis</strong></span> <span class='ocrx_word' id='word_1_233' title='bbox 647 2697 680 2758; x_wconf 91' lang='lat' dir='ltr'><strong>et</strong></span> <span class='ocrx_word' id='word_1_234' title='bbox 709 2691 849 2758; x_wconf 86' lang='lat' dir='ltr'><strong>familiis</strong></span> <span class='ocrx_word' id='word_1_235' title='bbox 866 2720 881 2752; x_wconf 85' lang='lat' dir='ltr'><strong>n</strong></span> <span class='ocrx_word' id='word_1_236' title='bbox 896 2693 1025 2781; x_wconf 69' lang='lat' dir='ltr'><strong>(Lep),</strong></span> <span class='ocrx_word' id='word_1_237' title='bbox 1046 2722 1060 2753; x_wconf 90' lang='lat'>«</span> <span class='ocrx_word' id='word_1_238' title='bbox 1082 2705 1114 2758; x_wconf 87' lang='lat' dir='ltr'><strong>et</strong></span> <span class='ocrx_word' id='word_1_239' title='bbox 1129 2694 1359 2760; x_wconf 84' lang='lat' dir='ltr'><strong>tabernuculis</strong></span> <span class='ocrx_word' id='word_1_240' title='bbox 1377 2707 1408 2759; x_wconf 90' lang='lat' dir='ltr'><strong>et</strong></span> <span class='ocrx_word' id='word_1_241' title='bbox 1422 2695 1501 2761; x_wconf 75' lang='lat' dir='ltr'><strong>nerii-</strong></span> 
     </span>
     <span class='ocr_line' id='line_1_24' title="bbox 185 2798 1500 2887; baseline 0.002 -21"><span class='ocrx_word' id='word_1_242' title='bbox 185 2823 280 2867; x_wconf 84' lang='lat' dir='ltr'><strong>·uersu</strong></span> <span class='ocrx_word' id='word_1_243' title='bbox 296 2798 490 2866; x_wconf 77' lang='lat' dir='ltr'><strong>substantia</strong></span> <span class='ocrx_word' id='word_1_244' title='bbox 509 2821 641 2881; x_wconf 85' lang='lat' dir='ltr'><strong>eorum,</strong></span> <span class='ocrx_word' id='word_1_245' title='bbox 663 2821 767 2887; x_wconf 78' lang='lat' dir='ltr'><strong>prtum</strong></span> <span class='ocrx_word' id='word_1_246' title='bbox 785 2798 963 2882; x_wconf 78' lang='lat' dir='ltr'><strong>hebetant,</strong></span> <span class='ocrx_word' id='word_1_247' title='bbox 984 2799 1018 2865; x_wconf 87' lang='lat' dir='ltr'><strong>in</strong></span> <span class='ocrx_word' id='word_1_248' title='bbox 1042 2798 1154 2865; x_wconf 88' lang='lat' dir='ltr'><strong>medio</strong></span> <span class='ocrx_word' id='word_1_249' title='bbox 1173 2801 1280 2866; x_wconf 83' lang='lat' dir='ltr'><strong>lsrael</strong></span> <span class='ocrx_word' id='word_1_250' title='bbox 1296 2829 1326 2882; x_wconf 90' lang='lat'><strong>»,</strong></span> <span class='ocrx_word' id='word_1_251' title='bbox 1344 2802 1500 2868; x_wconf 87' lang='lat' dir='ltr'><strong>universo</strong></span> 
     </span>
     <span class='ocr_line' id='line_1_25' title="bbox 184 2894 1497 2997; baseline 0.002 -25"><span class='ocrx_word' id='word_1_252' title='bbox 184 2908 313 2997; x_wconf 92' lang='lat' dir='ltr'><strong>populo</strong></span> <span class='ocrx_word' id='word_1_253' title='bbox 326 2911 514 2997; x_wconf 87' lang='lat' dir='ltr'><strong>spectante.</strong></span> <span class='ocrx_word' id='word_1_254' title='bbox 531 2905 582 2972; x_wconf 86' lang='lat' dir='ltr'><strong>Ad</strong></span> <span class='ocrx_word' id='word_1_255' title='bbox 604 2894 740 2971; x_wconf 63' lang='lat' dir='ltr'><strong>nubens</strong></span> <span class='ocrx_word' id='word_1_256' title='bbox 756 2906 799 2972; x_wconf 86' lang='lat' dir='ltr'><strong>ef.</strong></span> <span class='ocrx_word' id='word_1_257' title='bbox 823 2910 880 2971; x_wconf 85' lang='lat' dir='ltr'><strong>Ex.</strong></span> <span class='ocrx_word' id='word_1_258' title='bbox 908 2911 985 2986; x_wconf 86' lang='lat'><strong>11,8</strong></span> <span class='ocrx_word' id='word_1_259' title='bbox 1006 2912 1039 2973; x_wconf 89' lang='lat' dir='ltr'><strong>et</strong></span> <span class='ocrx_word' id='word_1_260' title='bbox 1063 2913 1078 2971; x_wconf 87' lang='lat'>1</span> <span class='ocrx_word' id='word_1_261' title='bbox 1100 2912 1185 2993; x_wconf 82' lang='lat' dir='ltr'><strong>Reg.</strong></span> <span class='ocrx_word' id='word_1_262' title='bbox 1207 2913 1322 2987; x_wconf 54' lang='lat'><strong>2537.</strong></span> <span class='ocrx_word' id='word_1_263' title='bbox 1340 2907 1497 2985; x_wconf 84' lang='lat' dir='ltr'><strong>Advorte,</strong></span> 
     </span>
     <span class='ocr_line' id='line_1_26' title="bbox 183 3011 1500 3103; baseline 0.002 -24"><span class='ocrx_word' id='word_1_264' title='bbox 183 3019 314 3102; x_wconf 76' lang='lat' dir='ltr'><strong>Moysen</strong></span> <span class='ocrx_word' id='word_1_265' title='bbox 328 3013 520 3080; x_wconf 88' lang='lat' dir='ltr'><strong>meminisse</strong></span> <span class='ocrx_word' id='word_1_266' title='bbox 533 3012 638 3080; x_wconf 90' lang='lat' dir='ltr'><strong>solius</strong></span> <span class='ocrx_word' id='word_1_267' title='bbox 652 3011 901 3080; x_wconf 80' lang='lat' dir='ltr'><strong>Rubenitarum</strong></span> <span class='ocrx_word' id='word_1_268' title='bbox 915 3016 1015 3079; x_wconf 91' lang='lat' dir='ltr'><strong>Num.</strong></span> <span class='ocrx_word' id='word_1_269' title='bbox 1039 3018 1092 3094; x_wconf 87' lang='grc'><strong>16,</strong></span> <span class='ocrx_word' id='word_1_270' title='bbox 1110 3035 1180 3079; x_wconf 94' lang='lat' dir='ltr'><strong>non</strong></span> <span class='ocrx_word' id='word_1_271' title='bbox 1196 3015 1421 3094; x_wconf 79' lang='lat' dir='ltr'><strong>coreitarum,</strong></span> <span class='ocrx_word' id='word_1_272' title='bbox 1439 3013 1500 3103; x_wconf 92' lang='lat' dir='ltr'><strong>qui</strong></span> 
     </span>
     <span class='ocr_line' id='line_1_27' title="bbox 184 3118 1500 3208; baseline 0 -22"><span class='ocrx_word' id='word_1_273' title='bbox 184 3122 314 3187; x_wconf 83' lang='lat' dir='ltr'><strong>Levitae</strong></span> <span class='ocrx_word' id='word_1_274' title='bbox 339 3121 487 3201; x_wconf 88' lang='lat' dir='ltr'><strong>fuerant,</strong></span> <span class='ocrx_word' id='word_1_275' title='bbox 516 3118 713 3186; x_wconf 89' lang='lat' dir='ltr'><strong>rebellionis</strong></span> <span class='ocrx_word' id='word_1_276' title='bbox 740 3123 942 3208; x_wconf 88' lang='lat' dir='ltr'><strong>:superstes</strong></span> <span class='ocrx_word' id='word_1_277' title='bbox 974 3119 1092 3186; x_wconf 87' lang='lat' dir='ltr'><strong>aderat</strong></span> <span class='ocrx_word' id='word_1_278' title='bbox 1126 3119 1259 3186; x_wconf 85' lang='lat' dir='ltr'><strong>familia</strong></span> <span class='ocrx_word' id='word_1_279' title='bbox 1288 3124 1383 3204; x_wconf 83' lang='lat' dir='ltr'><strong>core,</strong></span> <span class='ocrx_word' id='word_1_280' title='bbox 1417 3121 1500 3187; x_wconf 92' lang='lat' dir='ltr'><strong>dum</strong></span> 
     </span>
     <span class='ocr_line' id='line_1_28' title="bbox 184 3225 1088 3315; baseline 0 -22"><span class='ocrx_word' id='word_1_281' title='bbox 184 3228 317 3294; x_wconf 81' lang='lat' dir='ltr'><strong>ltatlian</strong></span> <span class='ocrx_word' id='word_1_282' title='bbox 335 3231 369 3293; x_wconf 90' lang='lat' dir='ltr'><strong>et</strong></span> <span class='ocrx_word' id='word_1_283' title='bbox 382 3227 513 3293; x_wconf 81' lang='lat' dir='ltr'><strong>Abiron</strong></span> <span class='ocrx_word' id='word_1_284' title='bbox 525 3248 604 3292; x_wconf 92' lang='lat' dir='ltr'><strong>oum</strong></span> <span class='ocrx_word' id='word_1_285' title='bbox 618 3225 761 3292; x_wconf 87' lang='lat' dir='ltr'><strong>familiis</strong></span> <span class='ocrx_word' id='word_1_286' title='bbox 773 3225 910 3292; x_wconf 88' lang='lat' dir='ltr'><strong>fuerant</strong></span> <span class='ocrx_word' id='word_1_287' title='bbox 922 3225 1088 3315; x_wconf 91' lang='lat' dir='ltr'><strong>absorpti.</strong></span> 
     </span>
    </p>

    <p class='ocr_par' dir='ltr' id='par_1_3' title="bbox 185 3332 1597 4590">
     <span class='ocr_line' id='line_1_29' title="bbox 229 3332 1498 3423; baseline -0.002 -22"><span class='ocrx_word' id='word_1_288' title='bbox 229 3335 387 3423; x_wconf 88' lang='lat' dir='ltr'><strong>Sequitur</strong></span> <span class='ocrx_word' id='word_1_289' title='bbox 410 3332 549 3399; x_wconf 87' lang='lat' dir='ltr'><strong>tandem</strong></span> <span class='ocrx_word' id='word_1_290' title='bbox 575 3333 684 3399; x_wconf 87' lang='lat' dir='ltr'><strong>altera</strong></span> <span class='ocrx_word' id='word_1_291' title='bbox 707 3354 786 3422; x_wconf 88' lang='lat' dir='ltr'><strong>pars</strong></span> <span class='ocrx_word' id='word_1_292' title='bbox 809 3334 1014 3416; x_wconf 86' lang='lat' dir='ltr'><strong>sententiae,</strong></span> <span class='ocrx_word' id='word_1_293' title='bbox 1040 3354 1128 3420; x_wconf 93' lang='lat' dir='ltr'><strong>quae</strong></span> <span class='ocrx_word' id='word_1_294' title='bbox 1148 3357 1180 3398; x_wconf 91' lang='lat' dir='ltr'><strong>v.</strong></span> <span class='ocrx_word' id='word_1_295' title='bbox 1199 3339 1219 3396; x_wconf 66' lang='lat'><strong>*2</strong></span> <span class='ocrx_word' id='word_1_296' title='bbox 1246 3333 1498 3399; x_wconf 88' lang='lat' dir='ltr'><strong>inchoabatur:</strong></span> 
     </span>
     <span class='ocr_line' id='line_1_30' title="bbox 185 3422 1501 3529; baseline -0.005 -20"><span class='ocrx_word' id='word_1_297' title='bbox 185 3443 321 3521; x_wconf 86' lang='lat' dir='ltr'><strong>Scitote,</strong></span> <span class='ocrx_word' id='word_1_298' title='bbox 352 3445 480 3506; x_wconf 88' lang='lat' dir='ltr'><strong>attente</strong></span> <span class='ocrx_word' id='word_1_299' title='bbox 505 3438 709 3529; x_wconf 91' lang='lat' dir='ltr'><strong>perpendite</strong></span> <span class='ocrx_word' id='word_1_300' title='bbox 735 3461 795 3505; x_wconf 89' lang='lat' dir='ltr'><strong>vos</strong></span> <span class='ocrx_word' id='word_1_301' title='bbox 817 3438 971 3504; x_wconf 91' lang='lat' dir='ltr'><strong>omnium</strong></span> <span class='ocrx_word' id='word_1_302' title='bbox 998 3461 1029 3503; x_wconf 87' lang='lat' dir='ltr'><strong>v.</strong></span> <span class='ocrx_word' id='word_1_303' title='bbox 1060 3444 1120 3503; x_wconf 71' lang='lat' dir='ltr'><strong>2-t5</strong></span> <span class='ocrx_word' id='word_1_304' title='bbox 1149 3443 1368 3503; x_wconf 88' lang='lat' dir='ltr'><strong>narratorum</strong></span> <span class='ocrx_word' id='word_1_305' title='bbox 1396 3422 1501 3503; x_wconf 82' lang='lat' dir='ltr'><strong>luisse</strong></span> 
     </span>
     <span class='ocr_line' id='line_1_31' title="bbox 187 3541 1501 3634; baseline -0.003 -21"><span class='ocrx_word' id='word_1_306' title='bbox 187 3554 285 3613; x_wconf 90' lang='lat' dir='ltr'><strong>testes</strong></span> <span class='ocrx_word' id='word_1_307' title='bbox 316 3544 531 3612; x_wconf 87' lang='lat' dir='ltr'><strong>immediatos</strong></span> <span class='ocrx_word' id='word_1_308' title='bbox 558 3566 565 3611; x_wconf 91' lang='lat'>:</span> <span class='ocrx_word' id='word_1_309' title='bbox 588 3552 665 3610; x_wconf 76' lang='lat' dir='ltr'>v.&#39;7</span> <span class='ocrx_word' id='word_1_310' title='bbox 685 3544 768 3634; x_wconf 87' lang='lat' dir='ltr'><strong>quia</strong></span> <span class='ocrx_word' id='word_1_311' title='bbox 795 3573 811 3604; x_wconf 91' lang='lat'>«</span> <span class='ocrx_word' id='word_1_312' title='bbox 835 3543 927 3610; x_wconf 88' lang='lat' dir='ltr'><strong>oculi</strong></span> <span class='ocrx_word' id='word_1_313' title='bbox 948 3543 1050 3609; x_wconf 87' lang='lat' dir='ltr'><strong>vestri</strong></span> <span class='ocrx_word' id='word_1_314' title='bbox 1077 3541 1234 3608; x_wconf 82' lang='lat' dir='ltr'><strong>ciderunt</strong></span> <span class='ocrx_word' id='word_1_315' title='bbox 1262 3541 1380 3608; x_wconf 74' lang='lat' dir='ltr'><strong>omerio</strong></span> <span class='ocrx_word' id='word_1_316' title='bbox 1399 3565 1501 3633; x_wconf 83' lang='lat' dir='ltr'><strong>opero</strong></span> 
     </span>
     <span class='ocr_line' id='line_1_32' title="bbox 190 3647 1501 3740; baseline -0.002 -21"><span class='ocrx_word' id='word_1_317' title='bbox 190 3652 328 3719; x_wconf 78' lang='lat' dir='ltr'><strong>ltomini</strong></span> <span class='ocrx_word' id='word_1_318' title='bbox 343 3674 481 3740; x_wconf 74' lang='lat' dir='ltr'><strong>suoque,</strong></span> <span class='ocrx_word' id='word_1_319' title='bbox 502 3673 590 3740; x_wconf 79' lang='lat' dir='ltr'><strong>ptrue</strong></span> <span class='ocrx_word' id='word_1_320' title='bbox 605 3651 691 3739; x_wconf 78' lang='lat' dir='ltr'><strong>serit</strong></span> <span class='ocrx_word' id='word_1_321' title='bbox 713 3673 747 3732; x_wconf 80' lang='lat'><strong>»3</strong></span> <span class='ocrx_word' id='word_1_322' title='bbox 768 3657 801 3717; x_wconf 91' lang='lat' dir='ltr'><strong>et</strong></span> <span class='ocrx_word' id='word_1_323' title='bbox 819 3650 958 3717; x_wconf 89' lang='lat' dir='ltr'><strong>adeum</strong></span> <span class='ocrx_word' id='word_1_324' title='bbox 983 3647 1123 3740; x_wconf 89' lang='lat' dir='ltr'><strong>quidem</strong></span> <span class='ocrx_word' id='word_1_325' title='bbox 1138 3649 1241 3715; x_wconf 89' lang='lat' dir='ltr'><strong>finem</strong></span> <span class='ocrx_word' id='word_1_326' title='bbox 1260 3647 1296 3714; x_wconf 93' lang='lat' dir='ltr'><strong>id</strong></span> <span class='ocrx_word' id='word_1_327' title='bbox 1313 3649 1409 3716; x_wconf 91' lang='lat' dir='ltr'><strong>vobis</strong></span> <span class='ocrx_word' id='word_1_328' title='bbox 1422 3672 1501 3716; x_wconf 90' lang='lat' dir='ltr'><strong>con-</strong></span> 
     </span>
     <span class='ocr_line' id='line_1_33' title="bbox 187 3755 1503 3837; baseline -0.003 -11"><span class='ocrx_word' id='word_1_329' title='bbox 187 3759 385 3837; x_wconf 88' lang='lat' dir='ltr'><strong>cedebatur,</strong></span> <span class='ocrx_word' id='word_1_330' title='bbox 412 3764 448 3824; x_wconf 91' lang='lat' dir='ltr'><strong>ut</strong></span> <span class='ocrx_word' id='word_1_331' title='bbox 476 3757 536 3824; x_wconf 92' lang='lat' dir='ltr'><strong>illa</strong></span> <span class='ocrx_word' id='word_1_332' title='bbox 559 3758 673 3823; x_wconf 87' lang='lat' dir='ltr'><strong>divina</strong></span> <span class='ocrx_word' id='word_1_333' title='bbox 693 3757 885 3823; x_wconf 88' lang='lat' dir='ltr'><strong>eruditione</strong></span> <span class='ocrx_word' id='word_1_334' title='bbox 908 3755 1160 3822; x_wconf 89' lang='lat' dir='ltr'><strong>induceremini</strong></span> <span class='ocrx_word' id='word_1_335' title='bbox 1183 3755 1227 3822; x_wconf 89' lang='lat' dir='ltr'><strong>ad</strong></span> <span class='ocrx_word' id='word_1_336' title='bbox 1252 3756 1416 3823; x_wconf 85' lang='lat' dir='ltr'><strong>mandata</strong></span> <span class='ocrx_word' id='word_1_337' title='bbox 1434 3778 1503 3822; x_wconf 83' lang='lat' dir='ltr'><strong>ser·</strong></span> 
     </span>
     <span class='ocr_line' id='line_1_34' title="bbox 188 3863 1503 3953; baseline -0.005 -20"><span class='ocrx_word' id='word_1_338' title='bbox 188 3866 299 3933; x_wconf 86' lang='lat' dir='ltr'><strong>venda</strong></span> <span class='ocrx_word' id='word_1_339' title='bbox 325 3871 428 3953; x_wconf 87' lang='lat' dir='ltr'><strong>atque</strong></span> <span class='ocrx_word' id='word_1_340' title='bbox 454 3864 502 3931; x_wconf 90' lang='lat' dir='ltr'><strong>ita</strong></span> <span class='ocrx_word' id='word_1_341' title='bbox 529 3863 795 3953; x_wconf 87' lang='lat' dir='ltr'><strong>promerendam</strong></span> <span class='ocrx_word' id='word_1_342' title='bbox 815 3869 927 3929; x_wconf 87' lang='lat' dir='ltr'><strong>terrae</strong></span> <span class='ocrx_word' id='word_1_343' title='bbox 946 3863 1133 3952; x_wconf 91' lang='lat' dir='ltr'><strong>promissae</strong></span> <span class='ocrx_word' id='word_1_344' title='bbox 1153 3884 1340 3952; x_wconf 89' lang='lat' dir='ltr'><strong>perennem</strong></span> <span class='ocrx_word' id='word_1_345' title='bbox 1360 3868 1393 3929; x_wconf 92' lang='lat' dir='ltr'><strong>et</strong></span> <span class='ocrx_word' id='word_1_346' title='bbox 1408 3884 1503 3950; x_wconf 91' lang='lat' dir='ltr'><strong>pros-</strong></span> 
     </span>
     <span class='ocr_line' id='line_1_35' title="bbox 186 3967 1597 4064; baseline -0.005 -24"><span class='ocrx_word' id='word_1_347' title='bbox 186 3996 305 4064; x_wconf 90' lang='lat' dir='ltr'><strong>peram</strong></span> <span class='ocrx_word' id='word_1_348' title='bbox 321 3970 571 4061; x_wconf 90' lang='lat' dir='ltr'><strong>possessionem</strong></span> <span class='ocrx_word' id='word_1_349' title='bbox 588 3991 596 4038; x_wconf 91' lang='lat'>:</span> <span class='ocrx_word' id='word_1_350' title='bbox 613 3992 645 4038; x_wconf 80' lang='grc' dir='ltr'><strong>ν.</strong></span> <span class='ocrx_word' id='word_1_351' title='bbox 667 3976 687 4037; x_wconf 91' lang='grc'><strong>8</strong></span> <span class='ocrx_word' id='word_1_352' title='bbox 710 3997 726 4031; x_wconf 91' lang='lat'>«</span> <span class='ocrx_word' id='word_1_353' title='bbox 741 3982 781 4036; x_wconf 87' lang='lat' dir='ltr'><strong>ut</strong></span> <span class='ocrx_word' id='word_1_354' title='bbox 799 3968 1002 4035; x_wconf 83' lang='lat' dir='ltr'><strong>custodiatis</strong></span> <span class='ocrx_word' id='word_1_355' title='bbox 1018 3968 1177 4058; x_wconf 76' lang='lat' dir='ltr'><strong>etnioerso</strong></span> <span class='ocrx_word' id='word_1_356' title='bbox 1190 3967 1355 4035; x_wconf 79' lang='lat' dir='ltr'><strong>nrorrdotu</strong></span> <span class='ocrx_word' id='word_1_357' title='bbox 1369 3967 1498 4058; x_wconf 63' lang='lat' dir='ltr'><strong>[tttiusp</strong></span> <span class='ocrx_word' id='word_1_358' title='bbox 1593 4054 1597 4063; x_wconf 31' lang='grc' dir='ltr'>Ι</span> 
     </span>
     <span class='ocr_line' id='line_1_36' title="bbox 187 4074 1501 4170; baseline -0.005 -22"><span class='ocrx_word' id='word_1_359' title='bbox 187 4104 276 4170; x_wconf 85' lang='lat' dir='ltr'><strong>quoe</strong></span> <span class='ocrx_word' id='word_1_360' title='bbox 298 4102 360 4168; x_wconf 74' lang='lat' dir='ltr'><strong>eqo</strong></span> <span class='ocrx_word' id='word_1_361' title='bbox 386 4077 488 4145; x_wconf 74' lang='lat' dir='ltr'><strong>leod-ie</strong></span> <span class='ocrx_word' id='word_1_362' title='bbox 506 4077 685 4168; x_wconf 84' lang='lat' dir='ltr'><strong>praecipio</strong></span> <span class='ocrx_word' id='word_1_363' title='bbox 707 4077 809 4159; x_wconf 83' lang='lat' dir='ltr'><strong>vobis,</strong></span> <span class='ocrx_word' id='word_1_364' title='bbox 832 4089 865 4143; x_wconf 90' lang='lat' dir='ltr'><strong>et</strong></span> <span class='ocrx_word' id='word_1_365' title='bbox 880 4075 1021 4166; x_wconf 82' lang='lat' dir='ltr'><strong>possitis</strong></span> <span class='ocrx_word' id='word_1_366' title='bbox 1038 4076 1179 4142; x_wconf 86' lang='lat' dir='ltr'><strong>introire</strong></span> <span class='ocrx_word' id='word_1_367' title='bbox 1195 4088 1227 4141; x_wconf 87' lang='lat' dir='ltr'><strong>et</strong></span> <span class='ocrx_word' id='word_1_368' title='bbox 1242 4074 1417 4166; x_wconf 85' lang='lat' dir='ltr'><strong>possidere</strong></span> <span class='ocrx_word' id='word_1_369' title='bbox 1434 4087 1501 4142; x_wconf 85' lang='lat' dir='ltr'><strong>ter-</strong></span> 
     </span>
     <span class='ocr_line' id='line_1_37' title="bbox 187 4182 1500 4276; baseline -0.005 -23"><span class='ocrx_word' id='word_1_370' title='bbox 187 4211 277 4269; x_wconf 77' lang='lat' dir='ltr'><strong>rain,</strong></span> <span class='ocrx_word' id='word_1_371' title='bbox 301 4185 349 4254; x_wconf 84' lang='lat' dir='ltr'><strong>od</strong></span> <span class='ocrx_word' id='word_1_372' title='bbox 376 4208 480 4276; x_wconf 83' lang='lat' dir='ltr'><strong>quom</strong></span> <span class='ocrx_word' id='word_1_373' title='bbox 513 4182 742 4274; x_wconf 74' lang='lat' dir='ltr'><strong>inpredimini</strong></span> <span class='ocrx_word' id='word_1_374' title='bbox 770 4210 785 4243; x_wconf 85' lang='lat'>»</span> <span class='ocrx_word' id='word_1_375' title='bbox 810 4182 1074 4273; x_wconf 65' lang='lat' dir='ltr'><strong>possidendum·</strong></span> <span class='ocrx_word' id='word_1_376' title='bbox 1097 4221 1140 4233; x_wconf 94' lang='lat'><em>-</em></span> <span class='ocrx_word' id='word_1_377' title='bbox 1163 4184 1266 4250; x_wconf 82' lang='lat' dir='ltr'><strong>Hebr.</strong></span> <span class='ocrx_word' id='word_1_378' title='bbox 1296 4204 1304 4251; x_wconf 91' lang='lat'>:</span> <span class='ocrx_word' id='word_1_379' title='bbox 1337 4182 1500 4249; x_wconf 88' lang='lat' dir='ltr'><strong>custodite</strong></span> 
     </span>
     <span class='ocr_line' id='line_1_38' title="bbox 188 4287 1501 4385; baseline -0.005 -25"><span class='ocrx_word' id='word_1_380' title='bbox 188 4296 307 4385; x_wconf 78' lang='lat' dir='ltr'><strong>ipitur,</strong></span> <span class='ocrx_word' id='word_1_381' title='bbox 325 4305 364 4360; x_wconf 91' lang='lat' dir='ltr'><strong>ut</strong></span> <span class='ocrx_word' id='word_1_382' title='bbox 377 4291 584 4359; x_wconf 82' lang='lat' dir='ltr'><strong>roboremini</strong></span> <span class='ocrx_word' id='word_1_383' title='bbox 601 4304 633 4358; x_wconf 91' lang='lat' dir='ltr'><strong>et</strong></span> <span class='ocrx_word' id='word_1_384' title='bbox 649 4288 898 4380; x_wconf 73' lang='lat' dir='ltr'><strong>inprediumini</strong></span> <span class='ocrx_word' id='word_1_385' title='bbox 909 4328 954 4339; x_wconf 89' lang='lat'><em>-</em></span> <span class='ocrx_word' id='word_1_386' title='bbox 970 4313 1001 4356; x_wconf 88' lang='lat' dir='ltr'><strong>v.</strong></span> <span class='ocrx_word' id='word_1_387' title='bbox 1018 4298 1038 4357; x_wconf 82' lang='grc'><strong>9</strong></span> <span class='ocrx_word' id='word_1_388' title='bbox 1053 4316 1069 4351; x_wconf 88' lang='lat'>«</span> <span class='ocrx_word' id='word_1_389' title='bbox 1087 4289 1263 4380; x_wconf 76' lang='lat' dir='ltr'><strong>meritoque</strong></span> <span class='ocrx_word' id='word_1_390' title='bbox 1278 4289 1315 4356; x_wconf 87' lang='lat' dir='ltr'><strong>in</strong></span> <span class='ocrx_word' id='word_1_391' title='bbox 1325 4312 1364 4356; x_wconf 85' lang='lat' dir='ltr'><strong>en</strong></span> <span class='ocrx_word' id='word_1_392' title='bbox 1380 4287 1501 4356; x_wconf 84' lang='lat' dir='ltr'><strong>cientis</strong></span> 
     </span>
     <span class='ocr_line' id='line_1_39' title="bbox 190 4397 1500 4491; baseline -0.006 -24"><span class='ocrx_word' id='word_1_393' title='bbox 190 4414 338 4491; x_wconf 83' lang='lat' dir='ltr'><strong>tempore</strong></span> <span class='ocrx_word' id='word_1_394' title='bbox 345 4422 360 4485; x_wconf 89' lang='lat'><em>;</em></span> <span class='ocrx_word' id='word_1_395' title='bbox 373 4422 477 4491; x_wconf 73' lang='lat' dir='ltr'><strong>qinom</strong></span> <span class='ocrx_word' id='word_1_396' title='bbox 494 4402 555 4468; x_wconf 84' lang='lat' dir='ltr'><strong>sub</strong></span> <span class='ocrx_word' id='word_1_397' title='bbox 571 4398 763 4465; x_wconf 82' lang='lat' dir='ltr'><strong>iuramento</strong></span> <span class='ocrx_word' id='word_1_398' title='bbox 776 4397 955 4487; x_wconf 84' lang='lat' dir='ltr'><strong>pollicitus</strong></span> <span class='ocrx_word' id='word_1_399' title='bbox 968 4409 1017 4465; x_wconf 90' lang='lat' dir='ltr'><strong>est</strong></span> <span class='ocrx_word' id='word_1_400' title='bbox 1035 4397 1200 4465; x_wconf 86' lang='lat' dir='ltr'><strong>Dominus</strong></span> <span class='ocrx_word' id='word_1_401' title='bbox 1210 4397 1369 4487; x_wconf 81' lang='lat' dir='ltr'><strong>putribus</strong></span> <span class='ocrx_word' id='word_1_402' title='bbox 1387 4397 1500 4461; x_wconf 82' lang='lat' dir='ltr'><strong>restris</strong></span> 
     </span>
     <span class='ocr_line' id='line_1_40' title="bbox 191 4505 1057 4590; baseline -0.007 -14"><span class='ocrx_word' id='word_1_403' title='bbox 191 4520 222 4576; x_wconf 87' lang='lat' dir='ltr'><strong>et</strong></span> <span class='ocrx_word' id='word_1_404' title='bbox 239 4509 360 4575; x_wconf 78' lang='lat' dir='ltr'><strong>serrrini</strong></span> <span class='ocrx_word' id='word_1_405' title='bbox 373 4530 506 4590; x_wconf 89' lang='lat' dir='ltr'><strong>eorum,</strong></span> <span class='ocrx_word' id='word_1_406' title='bbox 525 4507 613 4575; x_wconf 84' lang='lat' dir='ltr'><strong>lacte</strong></span> <span class='ocrx_word' id='word_1_407' title='bbox 625 4519 658 4574; x_wconf 89' lang='lat' dir='ltr'><strong>et</strong></span> <span class='ocrx_word' id='word_1_408' title='bbox 674 4505 773 4573; x_wconf 88' lang='lat' dir='ltr'><strong>melle</strong></span> <span class='ocrx_word' id='word_1_409' title='bbox 787 4517 985 4572; x_wconf 76' lang='lat' dir='ltr'><strong>osurientem</strong></span> <span class='ocrx_word' id='word_1_410' title='bbox 1002 4534 1031 4571; x_wconf 78' lang='lat' dir='ltr'><strong>n.</strong></span> <span class='ocrx_word' id='word_1_411' title='bbox 1054 4583 1057 4588; x_wconf 22' lang='lat'><em>¹</em></span> 
     </span>
    </p>
   </div>
   <div class='ocr_carea' id='block_1_3' title="bbox 0 0 1694 5346">
    <p class='ocr_par' dir='ltr' id='par_1_4' title="bbox 0 0 1694 5346">
     <span class='ocr_line' id='line_1_41' title="bbox 0 0 1694 5346; baseline 0 0"><span class='ocrx_word' id='word_1_412' title='bbox 0 0 1694 5346; x_wconf 95' lang='lat' dir='ltr'><strong> </strong></span> 
     </span>
    </p>
   </div>
  </div>
 </body>
</html>
