3366 5346
177 289 234 346 236
505 290 616 349 onan'o
639 305 742 350 norsrs
765 306 898 351 sustuna
922 307 928 347 ε
953 303 1155 349 rauranoous.

177 441 303 520 torum,
319 459 438 503 eorum
463 437 577 519 etiam,
595 461 681 528 quae
703 446 779 528 post
799 439 982 506 discessum
1006 461 1026 505 a
1050 443 1165 504 monte
1190 435 1281 503 Sinai
1302 435 1371 502 lata
1397 438 1496 501 sunt.

178 549 227 610 lta
252 543 356 609 efficit
382 544 618 611 transitionem
645 545 689 612 ad
713 546 935 635 pentalogum
954 547 1095 612 iamiam
1119 541 1429 634 promulgandum,
1464 545 1502 606 et

176 672 250 739 cap.
269 651 382 718 5facit
398 673 513 716 verum
528 652 704 741 pentalogi
718 653 993 743 praeambulum.

345 919 378 966 n.
397 919 519 968 uorsrs
537 919 772 975 Peenameus,
788 920 852 967 sau
867 920 984 968 anona
1001 918 1107 968 seusu
1123 917 1316 966 srmomom

717 999 814 1048 onor.
832 1003 947 1059 aram.

224 1192 253 1252 1.
274 1186 478 1254 Dicebamus
494 1210 529 1276 p.
549 1193 590 1255 l3
607 1209 699 1277 sqq.,
715 1189 938 1277 pentalognm
958 1208 1028 1253 esse
1052 1214 1067 1248 «
1093 1185 1288 1253 nucleum»
1310 1182 1414 1264 near,
1439 1189 1499 1249 at-

179 1314 245 1381 que
262 1291 396 1359 tradere
412 1293 574 1360 mandata
589 1294 755 1383 quinque.
771 1294 859 1360 Finis
875 1292 1044 1360 secundae
1059 1293 1224 1359 orationis
1235 1291 1354 1377 Moysis
1371 1289 1499 1379 utique

180 1404 318 1465 nonest
346 1400 464 1466 orrereia
483 1399 649 1466 rotundato
669 1400 827 1484 recitare,
846 1423 934 1490 quae
956 1398 1072 1466 Israeli
1092 1398 1253 1488 deinceps
1275 1396 1500 1463 observanda

179 1511 299 1571 essent.
325 1507 458 1573 Etenim
482 1511 605 1594 Moyses
627 1513 820 1574 constanter
839 1506 990 1572 inculcat
1011 1506 1105 1591 leges
1129 1504 1230 1570 lodie
1250 1503 1334 1569 latas
1356 1525 1363 1570 :
1393 1503 1499 1592 atqui

161 1610 294 1695 'dodim
318 1612 339 1677 i.
357 1636 387 1679 e.
416 1612 452 1678 in
467 1613 679 1679 solemnitate
697 1613 844 1679 restituti
863 1612 1027 1691 foederis,
1046 1616 1137 1678 certe
1153 1633 1221 1676 non
1240 1609 1395 1676 recitavit
1413 1631 1496 1675 om-

180 1718 236 1784 nia
268 1718 468 1804 singillatim
496 1720 672 1787 mandata.
708 1719 947 1809 Desiderantur
979 1718 1145 1808 pleraque
1181 1715 1358 1792 mandata,
1399 1737 1496 1803 quae

176 1830 347 1891 Ex.·Num.
362 1825 432 1891 lata
450 1832 529 1892 sunt
545 1848 553 1892 ε
572 1825 724 1905 dioesne‚
742 1827 828 1893 haec
845 1825 962 1891 omnia
976 1830 1093 1891 nostra
1107 1824 1261 1890 oratione
1277 1821 1497 1888 taciteabro-

177 1930 276 2016 gari?
289 1931 539 1999 Collectaneum
561 1933 668 1999 serius
683 1955 755 1999 esse
769 1931 938 1999 secundae
953 1930 1102 1997 orationi
1124 1930 1307 2011 insertum,
1331 1927 1496 1994 ostende-

180 2036 301 2104 bamus
321 2062 356 2127 p.
377 2046 417 2105 23
438 2063 513 2128 sqq.
533 2045 567 2105 et
585 2039 744 2128 pluribus
765 2040 855 2105 infra
878 2037 1171 2104 confirmabimus.
1194 2041 1334 2114 Verum,
1355 2033 1496 2101 etiamsi

178 2144 310 2231 placeat
328 2167 405 2209 cum
428 2144 675 2211 recentioribus
696 2145 941 2211 collectaneum
961 2166 1037 2210 cum
1063 2142 1213 2210 secunda
1238 2141 1393 2208 oratione
1408 2163 1497 2207 con-

180 2248 339 2330 fundere,
358 2256 469 2315 tamen
495 2251 660 2332 affirmari
684 2251 819 2340 nequit,
843 2272 919 2338 cap.
943 2257 1025 2317 5-226
1045 2249 1182 2316 recitari
1199 2269 1316 2314 omnes
1338 2247 1433 2335 leges
1447 2248 1496 2315 ab

180 2355 301 2421 lsraele
320 2355 561 2422 observandas,
588 2356 694 2422 Habet
718 2363 831 2423 antem
851 2356 1073 2446 pentalogus‚
1095 2362 1232 2445 praeter
1254 2353 1435 2420 exordium
1457 2362 1492 2440 6,

183 2469 237 2529 1-’4
253 2467 287 2528 et
306 2462 493 2528 clausulam
510 2469 601 2543 r‚11‚
617 2462 779 2530 mandata
791 2462 943 2552 quinque
959 2484 967 2530 :

224 2591 255 2635 a.
278 2567 481 2635 rrzorrdatum
502 2569 697 2636 dilectionis
719 2592 777 2635 seu
806 2569 919 2636 cultus
943 2569 1044 2635 Ialree
1068 2575 1194 2652 6,5-13,
1221 2567 1314 2656 quod
1337 2566 1495 2635 Christus

177 2676 379 2765 pronuntiat
395 2698 467 2743 esse
489 2661 689 2744 mandatum
710 2677 859 2768 primum
882 2684 915 2743 et
938 2698 1109 2743 summum
1135 2677 1171 2741 in
1186 2674 1302 2756 thora,
1321 2675 1415 2763 quod
1436 2681 1494 2742 lu-

177 2782 254 2849 daei
272 2783 324 2850 vel
343 2805 435 2850 nunc
450 2783 698 2852 sanctissimum
720 2784 849 2851 habent
869 2782 1041 2872 (selerna’)
1058 2782 1160 2849 totius
1181 2782 1313 2848 thorae.
1330 2785 1494 2870 Sequun-

178 2896 234 2955 tur
248 2889 410 2955 mandata
425 2889 494 2957 duo
509 2891 637 2956 formae
654 2891 835 2977 negativae
853 2913 860 2958 :

221 2996 256 3060 h.
273 2994 462 3083 prohibitio
482 2994 699 3061 idololatriae
721 3002 798 3076 uta
821 3018 872 3084 sq.
892 3003 926 3062 ct

219 3123 249 3166 c.
261 3100 451 3189 prohibitio
468 3101 665 3167 tentationis
681 3101 743 3167 Dei
759 3101 1321 3190 o,1o,qu0dcurtambreviterh.
1338 3101 1362 3167 l.
1381 3124 1492 3167 enun-

179 3206 336 3272 tiandum
362 3207 479 3285 suerit,
502 3207 758 3296 explicabamus
780 3231 814 3297 p.
837 3214 913 3273 219.
944 3211 1022 3274 Post
1042 3230 1129 3296 quae
1153 3231 1173 3274 a
1195 3208 1293 3294 gravi
1312 3208 1491 3274 infinitivo

179 3314 352 3397 absoluto,
374 3336 441 3402 quo
456 3314 542 3380 aliae
556 3336 806 3403 saepenumero
823 3314 920 3400 leges
936 3313 1131 3396 ordiuntur,
1146 3314 1282 3380 orditur

221 3419 256 3487 d.
284 3420 455 3509 perrerulzls
492 3419 677 3487 incrrlcotio
712 3420 866 3487 omnium
899 3419 1142 3487 arorrdotorum
1174 3428 1327 3501 ull-⁴25.
1354 3426 1490 3504 agmen

178 3527 307 3594 claudit

222 3656 251 3700 e.
273 3635 475 3701 orandorum
492 3634 706 3725 erstlrpondi
719 3647 836 3724 pentes
856 3633 1071 3700 chananaeos
1087 3641 1217 3717 7,1-10.

222 3741 330 3806 Habes
358 3741 465 3825 igitur
488 3742 648 3807 mandata
675 3742 829 3831 quinque
850 3764 908 3807 seu
930 3742 1172 3830 pentalogum3
1199 3762 1346 3830 qnorum
1370 3741 1492 3829 priora

178 3854 325 3937 quatuor
343 3855 423 3914 sunt
447 3846 489 3912 de
518 3849 620 3915 rebus
644 3870 778 3937 semper
796 3855 829 3915 et
848 3847 979 3914 dudum
995 3847 1242 3926 observandis,
1261 3849 1421 3937 quintum
1437 3855 1494 3915 est

178 3954 219 4019 de
235 3977 270 4020 re
285 3955 420 4020 nonnisi
433 3953 468 4019 in
485 3953 705 4022 cisiordaniea
725 3961 758 4020 et
776 3955 878 4022 semel
898 3954 1112 4044 praestanda.
1131 3954 1223 4019 Licet
1237 3976 1318 4019 vero
1334 3955 1492 4042 quinque

178 4066 308 4124 tantum
330 4060 493 4126 mandata
513 4061 709 4139 recitentur,
732 4068 766 4126 at
790 4061 943 4127 ortasium
967 4059 1207 4126 inundaturum
1230 4061 1417 4126 observatio
1434 4060 1492 4125 in-

181 4164 348 4245 culcatur,
376 4166 481 4255 idque
508 4188 576 4231 non
597 4167 706 4232 solum
727 4166 878 4232 clausula
906 4166 1125 4255 praeambuli
1147 4173 1226 4243 aar
1252 4167 1320 4255 (29)
1342 4190 1407 4255 sq.‚
1430 4167 1489 4232 sed

179 4271 252 4361 ipso
272 4280 393 4360 quarto
414 4271 590 4361 pentalogi
611 4272 784 4339 mandato.
806 4277 909 4350 Quam
936 4276 980 4340 ob
1001 4295 1091 4353 rem,
1108 4272 1240 4361 quoties
1260 4273 1296 4338 in
1308 4275 1488 4361 paraenesi

180 4372 379 4459 uta-rrae
393 4380 635 4446 mandatorum
646 4379 838 4445 observatio
851 4380 1012 4466 exigitur,
1024 4379 1488 4468 intelligunturpotissimum

183 4484 298 4575 utique
315 4485 487 4576 pentalogi
504 4485 676 4566 mandata,
692 4486 792 4551 simul
808 4492 940 4563 tamen,
959 4508 1046 4575 quae
1062 4489 1184 4574 quarto
1199 4486 1374 4574 pentalogi
1390 4507 1490 4552 man-

181 4592 260 4660 dato
279 4592 514 4676 includuntur,
531 4591 691 4658 mundata
711 4591 843 4680 reliqua
858 4594 986 4658 omnia.

224 4706 255 4765 2.
273 4705 343 4766 Non
365 4705 443 4767 sunt
464 4722 505 4767 ea
525 4699 678 4790 quinque
703 4698 864 4764 mandata
883 4698 995 4787 quoad
1012 4699 1239 4766 substantiam
1252 4722 1351 4765 noea.
1370 4697 1490 4766 Priora
