3366 5346
325 313 374 371 st.
398 325 493 371 nuens
514 325 596 369 nura
616 324 636 366 a
657 323 793 368 rannus
815 324 1029 370 ousnnvsnms
1052 327 1060 368 :
1084 325 1176 370 asur.
1201 309 1273 382 265
1295 325 1358 377 soa.
1440 310 1499 368 423

182 464 392 530 instramaea
408 460 453 526 ad
467 464 603 548 tempus
617 462 771 525 versatus
786 459 829 525 sit
842 480 1037 548 vagamque
1048 459 1097 525 ib.
1117 459 1260 549 pastoris
1277 458 1382 524 vitam
1395 459 1499 527 duxe-

182 569 238 636 rit.
259 573 345 657 Apte
360 589 441 633 vero
465 566 501 631 h.
523 565 545 631 l.
574 565 675 632 Iacob
700 588 771 632 non
790 565 833 653 ab
849 565 986 652 origine
1001 565 1062 633 sed
1077 565 1121 633 ab
1135 565 1348 633 habitatione
1370 565 1497 633 descri-

181 676 287 756 bitur,
310 672 524 764 quodetiam
547 673 723 762 Aeqyptus
744 695 777 737 v.
798 679 818 739 5
836 676 870 738 et
894 685 984 739 terra
1003 684 1124 740 sauata
1147 695 1179 739 v.
1207 679 1239 754 9,
1258 693 1326 762 quo
1344 677 1498 761 tempore

181 781 276 848 illam
303 778 449 847 Hebraei
476 779 703 865 subigebant,
726 801 796 847 non
819 786 906 847 esset
930 785 1022 847 terra
1048 779 1194 867 originis
1221 778 1372 846 fitiorum
1397 779 1498 846 lacob

180 887 241 956 scd
252 885 485 954 habitationis.
504 884 571 975 lpsi
580 886 795 975 patriarchae
805 886 844 970 ip
853 885 1101 953 Chanaanitide
1114 885 1196 973 vagi
1210 885 1376 952 vixerant.
1392 886 1501 976 Stirps
1593 944 1597 953 .

181 1016 270 1081 vaga
284 994 457 1083 certisque
471 990 610 1058 sedibus
624 1014 743 1058 carens
754 1014 774 1058 a
785 993 887 1060 lahve
902 991 1043 1060 tandem
1055 996 1316 1082 permanentem
1336 997 1437 1058 nacta
1451 996 1502 1058 est

182 1099 444 1190 possessionem.
472 1125 489 1158 «
519 1097 586 1179 Qui
617 1098 792 1166 deseendit
823 1099 861 1166 in
884 1101 1098 1189 Aeqyptum,
1126 1113 1159 1167 et
1190 1098 1240 1164 ibi
1257 1097 1501 1189 pereqriuatus

182 1221 230 1274 est
244 1234 260 1268 »
278 1228 388 1293 vagus
405 1232 421 1266 ι(
445 1203 702 1295 iupaueissimo
725 1227 868 1273 numera
891 1235 929 1289 »,
948 1227 1027 1273 cum
1041 1205 1176 1274 familia
1193 1205 1287 1272 haud
1302 1227 1497 1289 numerosa,

184 1312 396 1402 «crevitque
424 1312 460 1376 ia
491 1324 628 1401 pentem
650 1333 815 1401 maenam
834 1335 875 1380 aa
899 1311 1073 1379 robustam
1102 1325 1135 1379 et
1152 1312 1314 1402 infinitae
1341 1311 1500 1378 multitu-

182 1417 274 1485 diuis
299 1447 327 1486 ».
351 1441 384 1484 u.
402 1425 422 1484 6
437 1444 453 1478 u
474 1416 750 1509 Affliserautque
763 1441 824 1485 uos
840 1447 875 1499 u,
894 1419 954 1509 qui
967 1441 1088 1487 sumus
1102 1419 1166 1486 ista
1185 1440 1282 1505 gens,
1299 1445 1316 1480 u
1331 1417 1501 1508 Aeqyptii

182 1536 214 1591 et
218 1524 397 1614 persecuti
410 1535 490 1591 suut
506 1523 719 1615 imponentes
732 1547 838 1592 onera
849 1525 1058 1615 pravissima
1071 1554 1100 1607 u,
1118 1547 1151 1593 v.
1166 1533 1186 1591 'l
1200 1552 1216 1586 u
1230 1537 1262 1591 et
1275 1523 1502 1592 clamavimus

182 1632 230 1698 ud
242 1628 427 1698 Dominum
442 1634 552 1697 Deum
565 1643 706 1722 patrum
724 1645 931 1715 uestrorum,
952 1632 1014 1723 qui
1031 1630 1213 1700 euaudiait
1227 1653 1290 1697 nos
1304 1642 1337 1697 et
1351 1631 1501 1721 respexit

181 1737 413 1805 burrtilitatem
425 1750 579 1804 nostram
594 1751 626 1805 et
640 1738 789 1807 laborem
809 1752 911 1830 atque
926 1739 1128 1829 anqustiam
1145 1767 1180 1821 n,
1198 1761 1230 1804 v.
1253 1746 1273 1807 8
1291 1765 1307 1799 u
1331 1751 1365 1805 et
1379 1737 1499 1805 educit

180 1868 241 1911 uos
257 1844 297 1911 de
312 1846 470 1934 Aeqypto
488 1843 526 1910 ia
545 1867 651 1912 mareu
668 1845 757 1934 sorti
776 1857 809 1912 et
827 1845 965 1913 bractio
985 1858 1133 1930 euteuto,
1152 1845 1190 1911 iu
1205 1843 1341 1934 inperiti
1352 1867 1495 1934 pauore,

183 1951 220 2017 iu
239 1952 349 2038 siquis
369 1962 472 2040 atque
483 1951 658 2039 portentis
680 1980 715 2035 »‚
738 1974 771 2020 v.
789 1960 810 2020 9
831 1979 848 2014 u
869 1965 903 2018 et
917 1951 1111 2018 introduxit
1135 1950 1183 2018 ad
1197 1950 1311 2017 locum
1326 1949 1441 2036 istuis,
1467 1963 1501 2016 et

183 2056 329 2124 tradidit
349 2056 446 2123 uobis
467 2068 593 2124 terram
615 2057 704 2124 lacte
723 2070 756 2125 et
781 2057 883 2125 melle
899 2070 1100 2125 manantem
1123 2085 1154 2127 s.
1172 2062 1315 2125 Sensum
1330 2079 1362 2123 v.
1379 2061 1435 2123 5-9
1451 2057 1499 2123 ita

183 2164 325 2230 resumit
346 2165 420 2230 Vat.
442 2185 449 2231 :
475 2191 491 2224 a
512 2168 575 2230 Has
598 2163 736 2231 divitias
760 2187 832 2232 non
858 2164 1055 2255 accepimus
1079 2187 1099 2231 a
1122 2164 1335 2254 parentibus,
1358 2184 1379 2229 a
1402 2168 1501 2252 patre

181 2277 297 2338 nostro
317 2269 431 2352 Iacob,
458 2270 516 2336 sed
538 2292 559 2336 a
587 2275 655 2337 Deo
676 2275 794 2338 nostro
809 2299 840 2337 ».
858 2272 1041 2338 Profitetur
1054 2271 1163 2359 igitur
1177 2269 1331 2337 Israelita
1348 2269 1420 2352 illo,
1438 2291 1499 2359 pa·

181 2383 269 2444 trem
288 2398 388 2444 suum
415 2376 515 2444 Iacob
534 2376 572 2443 in
595 2381 698 2444 Aram
719 2384 830 2445 certas
853 2378 1080 2468 possessiones
1102 2398 1172 2444 non
1196 2375 1370 2455 habuisse,
1384 2377 1420 2442 in
1435 2379 1500 2443 Ae·

182 2489 288 2572 gypto
306 2506 327 2548 a
348 2482 509 2550 tenuibus
532 2483 641 2549 initiis
664 2484 850 2551 excrevisse
877 2485 914 2550 in
939 2483 1198 2552 multitudinem
1225 2482 1422 2566 maximam,
1446 2483 1499 2551 uti

181 2589 362 2677 sequentia
387 2588 553 2678 pandunt,
581 2590 655 2655 sola
682 2591 784 2656 tahve
805 2589 1062 2672 bencdictionc;
1091 2611 1202 2679 neque
1230 2594 1346 2655 tamen
1373 2588 1410 2654 in
1437 2594 1499 2655 Ae·

180 2700 287 2786 gypto
306 2695 389 2760 fixas
410 2694 507 2761 sedes
528 2700 561 2761 et
584 2700 711 2761 certam
730 2695 976 2785 possessionem
999 2701 1154 2775 nactum,
1172 2692 1232 2761 sed
1256 2695 1338 2761 inde
1358 2693 1499 2761 alahvc

183 2800 337 2868 servituti
361 2821 432 2868 esse
457 2806 627 2891 ereptum,
651 2807 754 2891 atque
778 2825 841 2892 per
857 2807 1016 2893 portenta
1031 2802 1180 2869 maxime
1194 2800 1341 2867 illustria
1358 2800 1498 2867 traduc-

182 2912 256 2973 tum
280 2928 349 2973 esse
377 2906 415 2974 in
443 2912 574 2974 terram
600 2907 844 2976 fertilissimam
878 2915 911 2976 et
941 2913 1205 2999 permanentem
1235 2906 1494 2997 possessionem.

182 3019 291 3093 Quare
306 3013 397 3101 grati
413 3013 520 3081 animi
535 3014 780 3082 documentum
803 3015 906 3107 affert
920 3016 1003 3106 (non
1025 3014 1149 3105 offero)
1171 3013 1308 3080 initium
1326 3014 1470 3100 frugum
1486 3035 1495 3083 τ

181 3143 212 3185 ν.
249 3126 290 3187 10
318 3146 333 3181 «
360 3122 406 3186 Et
424 3119 554 3188 idcirco
573 3144 666 3188 uuus
685 3123 792 3213 offero
810 3121 992 3213 primitias
1006 3124 1151 3212 [ruptim
1173 3132 1294 3201 terrae,
1310 3142 1415 3210 quam
1431 3123 1498 3187 Do·

182 3227 297 3293 minus
321 3225 417 3293 dedit
439 3227 528 3294 milri
547 3255 578 3295 ».
597 3229 739 3307 Quando
752 3229 829 3319 quis
842 3231 1054 3320 possessione
1068 3250 1130 3296 sua
1145 3233 1390 3319 permanenter
1407 3227 1499 3316 poti-

182 3339 235 3399 tus
249 3335 381 3423 primae
395 3333 520 3420 segetis
534 3335 721 3402 canistrum
742 3335 920 3403 deferebat
936 3335 979 3402 ad
994 3333 1243 3412 sanctuarium,
1265 3341 1343 3420 apte
1358 3332 1498 3401 divinae

182 3439 419 3528 providentiae
434 3441 670 3507 oeconomiam
687 3440 897 3521 celebrabat,
915 3462 1029 3530 quase
1047 3440 1148 3506 lahve
1159 3439 1203 3505 ab
1213 3438 1351 3505 incertis
1365 3439 1409 3504 ad
1423 3460 1497 3504 cer-

157 3583 164 3600 ·
183 3550 234 3610 tas
255 3544 350 3610 sedes
374 3545 595 3627 traduxisset;
622 3547 659 3613 in
683 3547 807 3615 annuis
830 3546 990 3637 primitiis
1014 3545 1207 3613 deferendis
1227 3543 1264 3610 id
1285 3547 1359 3610 erat
1382 3544 1500 3612 minus

182 3671 285 3717 exre.
304 3677 321 3711 u
338 3653 384 3717 Et
396 3650 548 3718 dimittes
558 3673 615 3718 eas
627 3651 665 3718 ia
680 3666 861 3742 conspectu
877 3652 1018 3720 Domini
1034 3652 1098 3719 Dei
1108 3649 1161 3717 tui
1185 3678 1214 3716 ».
1230 3664 1354 3725 inuam,
1369 3672 1495 3740 portes,
1517 3683 1519 3689 ¹

183 3755 234 3823 uti
254 3780 284 3823 v.
316 3764 335 3825 t
357 3773 470 3832 insius,
494 3772 610 3847 portet.
636 3763 709 3826 Una
730 3758 920 3849 eademque
944 3758 1034 3826 actio
1056 3756 1268 3844 designatur.
1290 3756 1351 3823 Cui
1369 3757 1497 3824 actioni

183 3886 215 3928 v.
243 3868 262 3928 t
285 3863 437 3954 primum
460 3864 710 3932 subnectuntur
733 3887 766 3932 v.
791 3873 871 3934 5-10
887 3866 994 3933 verba
1016 3863 1202 3956 postillam
1222 3862 1496 3953 pronuntianda,

183 3969 263 4036 dein
289 3992 320 4036 v.
345 3976 386 4036 to
410 3990 460 4059 sq.
486 3992 539 4037 res
554 3977 629 4060 post
642 3971 738 4039 illam
756 3971 997 4062 perficiendae.
1016 3975 1137 4053 Partes,
1154 3992 1201 4038 sc.
1219 3991 1282 4058 per
1294 3968 1496 4058 pontificem

183 4075 297 4144 eiusve
317 4076 525 4144 ministrum.
552 4104 568 4139 u
590 4081 636 4144 lit
653 4077 797 4146 adorato
821 4079 967 4146 Damius
983 4083 1053 4147 Deo
1075 4090 1184 4160 tuo»,
1202 4099 1233 4142 v.
1254 4082 1291 4142 11
1318 4103 1334 4136 u
1359 4087 1392 4142 et
1411 4097 1497 4166 epu·

184 4181 308 4249 laberis
331 4183 369 4249 iu
389 4184 547 4258 omuibus
569 4185 681 4269 tonis,
707 4208 796 4276 quae
816 4186 985 4253 Dominus
1006 4191 1096 4253 Deus
1122 4196 1200 4250 tuus
1221 4181 1355 4250 dederit
1378 4182 1442 4249 tibi
1464 4195 1500 4250 et

184 4287 303 4355 doutui
329 4302 422 4372 tuae,
448 4302 485 4357 tu
507 4302 540 4357 et
555 4292 686 4359 Levites
710 4306 743 4360 et
761 4292 908 4374 advena,
925 4293 988 4383 qui
1005 4304 1117 4360 tecum
1138 4301 1187 4357 est
1212 4317 1243 4357 s.
1266 4291 1315 4357 (ll.
1344 4295 1422 4371 tas
1441 4312 1494 4379 sq.

187 4400 434 4487 11sq.1·1sq.;
457 4404 643 4480 1s,11.1t.

228 4501 311 4589 Arq.
328 4541 372 4553 -
389 4506 502 4572 Tertio
519 4528 622 4588 anuo,
639 4512 821 4598 postquam
839 4528 937 4576 suam
954 4507 992 4574 in
1009 4511 1102 4573 terra
1116 4508 1234 4572 sancta
1247 4502 1496 4592 possessionem
1513 4524 1516 4531 ’

184 4605 315 4673 familia
334 4630 490 4701 quaeque
510 4619 611 4680 nacta
631 4618 693 4698 est,
715 4619 853 4704 praeter
870 4613 1041 4681 decimam
1059 4631 1294 4692 communem,
1311 4605 1498 4675 secundam

184 4713 354 4781 decimam
375 4718 504 4806 pendat
531 4725 630 4811 pater
648 4720 798 4790 familias
815 4721 1029 4813 pauperibus
1047 4719 1084 4787 in
1113 4719 1200 4785 urbe
1229 4737 1303 4797 sua,
1331 4735 1437 4803 seque
1460 4713 1497 4781 id
