3366 5346
189 293 246 350 eta
561 309 636 351 acria
661 306 794 350 carruae
817 306 879 350 orer
904 307 992 350 virae
1013 307 1129 352 uersis.

188 442 274 508 sicut
290 443 325 507 in
344 441 400 507 dic
416 443 529 507 illoesa
548 442 584 505 iu
599 440 747 520 desert03
765 439 825 507 ubi
841 446 1058 507 tentaverunt
1074 463 1128 507 me
1149 448 1263 529 patres
1285 441 1399 523 vestri,
1418 463 1506 530 pro-

188 549 359 614 baverunt
373 554 474 614 meet
493 546 652 614 viderunt
666 569 750 636 opus
766 568 881 612 meum
899 547 955 634 (ci.
972 551 1066 615 Dent.
1085 546 1250 634 32,t.⁸27).

224 747 292 809 drot
303 746 406 809 aliique
421 758 564 805 censuere,
581 745 666 795 verba
687 748 732 807 qui
753 746 821 793 dixit
841 753 887 793 etr.
906 758 962 795 mm
979 758 1041 796 esse
1061 747 1196 795 vertenda
1210 747 1370 808 praeteritis
1387 746 1437 797 sed
1452 760 1505 796 cx-

189 838 308 899 primere
320 848 383 885 earn
396 836 482 884 animi
497 835 717 896 dispositionem,
736 848 791 897 qua
810 834 923 884 Levitae
937 846 1048 896 semper
1066 834 1164 884 deccat
1183 848 1245 886 csse
1260 837 1374 897 paratos
1389 835 1424 885 ad
1447 837 1504 885 hu·

187 936 271 974 mana
284 936 412 987 quaeque
425 925 511 973 sacris
525 925 584 973 suia
598 922 697 973 officiis
712 923 915 987 postponenda.
933 922 988 972 Sed
1004 935 1038 973 ea
1050 923 1245 985 interpretatio
1258 925 1391 974 contextu
1407 925 1503 974 exclu-

185 1013 268 1063 ditur.
282 1026 309 1061 v.
325 1014 340 1060 8
356 1025 440 1061 tinam
453 1012 616 1062 recensebat
627 1013 763 1062 rationem
775 1011 920 1073 dignitatis
934 1010 1041 1062 Levitis
1054 1012 1172 1062 collatae
1183 1019 1210 1062 et
1220 1025 1294 1061 nnnc
1305 1013 1499 1071 confirmatae,

184 1099 347 1151 fidelitatem
359 1104 485 1165 tempore
500 1104 565 1150 ante
579 1106 643 1150 acto
657 1101 731 1163 apud
745 1100 865 1150 Massam
882 1106 909 1150 et
923 1100 1057 1150 lleribam
1072 1100 1238 1160 exhibituum
1256 1102 1343 1150 altera
1356 1115 1383 1150 v.
1400 1104 1414 1150 9
1431 1114 1502 1164 pars

184 1203 294 1241 rursum
314 1194 441 1240 recenset
459 1190 583 1252 aliquam
603 1189 727 1239 eiusdem
747 1191 788 1237 rei
807 1190 985 1251 praeteritam
1005 1190 1141 1238 rationem
1148 1201 1155 1248 5
1173 1202 1241 1251 ergo
1259 1191 1325 1240 item
1345 1191 1422 1252 prior
1435 1191 1499 1240 tud

184 1292 250 1342 pars
270 1281 414 1329 recenseat
429 1279 538 1341 oportet
561 1278 683 1341 aliquam
706 1277 799 1327 collati
823 1278 962 1340 privilegii
984 1279 1163 1340 praeteritam
1186 1280 1332 1328 rationem.
1348 1277 1397 1328 Est
1421 1279 1499 1329 idem

184 1381 285 1418 sensus
302 1367 424 1416 maxime
443 1366 542 1416 obvius
556 1365 707 1415 termarum
722 1366 875 1416 verbalium
891 1373 987 1426 anan,
1005 1372 1084 1428 lilii,
1100 1371 1159 1429 illi,
1175 1379 1246 1428 (quas
1261 1366 1322 1417 idco
1337 1370 1445 1416 tantum
1462 1365 1499 1418 de

183 1457 276 1507 lutura
291 1455 385 1519 aliqua
403 1457 489 1504 anlnri
508 1454 690 1518 dispositione
710 1456 883 1518 interpretati
898 1457 962 1504 sunt
983 1453 1052 1504 Grai
1069 1462 1135 1520 etc,
1151 1455 1225 1518 quod
1245 1459 1307 1504 acta
1321 1455 1394 1520 apud
1410 1455 1499 1506 lieri-

184 1547 248 1594 bam
264 1558 320 1594 non
336 1544 484 1593 habuerint
499 1544 568 1593 satis
582 1545 737 1606 perspecta.
757 1543 818 1592 Duo
832 1544 960 1593 tristiclra
974 1555 1000 1593 v.
1020 1543 1078 1592 &9¹¹
1097 1545 1194 1594 intime
1213 1545 1356 1605 iungenda
1369 1545 1436 1593 sunt
1451 1546 1497 1593 in·

184 1636 226 1682 ter
239 1646 281 1692 se,
298 1645 365 1694 ergo
379 1633 414 1681 ad
434 1632 506 1681 idem
525 1632 627 1680 tactum
648 1633 828 1694 praeteritum
848 1630 1004 1682 referantur·
1024 1644 1139 1682 necesse
1157 1635 1208 1682 cst.
1226 1632 1367 1682 Persensit
1383 1633 1444 1694 Da,
1461 1634 1496 1682 ad

184 1721 278 1784 aliqua
297 1721 324 1768 h.
346 1721 365 1769 l.
383 1719 470 1769 alludi
491 1719 681 1770 Hebraeorum
699 1726 761 1769 acta
779 1719 858 1769 nobis
878 1732 934 1769 non
955 1722 1024 1770 satis
1043 1723 1188 1784 perspecta
1195 1734 1201 1781 ;
1216 1724 1324 1784 putarit
1343 1723 1428 1771 verba
1448 1724 1498 1785 qui

184 1811 254 1859 diste
271 1815 318 1857 etc.
334 1809 455 1872 primum
472 1810 618 1858 enuntiare
633 1819 799 1870 generosam
815 1807 892 1857 illam
908 1810 994 1857 animi
1009 1808 1236 1872 dispositionem,
1251 1824 1307 1873 qua
1322 1810 1433 1861 Levites
1452 1812 1496 1861 al-

71 1912 84 1945 ·.
184 1898 271 1949 tectos
290 1909 353 1948 esse
376 1897 483 1956 (laceat,
500 1898 582 1946 simul
601 1909 669 1946 vcro
684 1897 807 1947 alludere
826 1896 861 1946 ad
876 1909 974 1948 eorum
996 1899 1175 1962 praeteritam
1191 1897 1242 1948 Es.
1260 1899 1292 1948 ti
1318 1903 1497 1962 generosita-

184 1996 239 2038 tem
257 2001 263 2035 :
279 1986 329 2037 sed
347 1987 425 2035 nulla
444 1993 487 2036 cst
506 1987 578 2036 ratio
597 1986 669 2036 alius
688 1985 716 2034 h.
734 1987 752 2034 l.
777 1987 974 2048 generositatis
994 1987 1179 2049 appellandae
1194 1990 1392 2049 praeteream,
1410 2002 1496 2053 quam

184 2077 292 2127 llassae
307 2078 336 2125 ct
350 2075 472 2125 lleribae
484 2074 600 2126 Levitae
614 2074 775 2125 exhibuere.

229 2249 399 2329 Quoniam
428 2247 510 2336 «litii
544 2247 780 2313 custodierunt
815 2247 989 2335 eloquium
1022 2260 1135 2332 titum,
1162 2261 1195 2315 ct
1219 2264 1360 2340 pactum
1398 2266 1494 2319 tecum

183 2365 401 2421 set-cocerzmt
421 2381 451 2420 ».
481 2352 691 2420 Coordinent
710 2354 794 2418 haec
819 2353 886 2419 duo
906 2353 1012 2421 ineisa
1031 2356 1133 2421 etiam
1158 2358 1250 2423 LXX
1271 2357 1392 2425 elale.
1409 2361 1491 2448 Syr.

183 2475 262 2525 rarat
283 2482 347 2550 pro
368 2474 431 2524 itti
451 2459 488 2525 iu
508 2481 616 2548 pausa
639 2460 683 2526 cf.
708 2463 805 2525 Prov.
833 2465 930 2538 2113
951 2466 1023 2542 523
1047 2467 1097 2528 l's.
1123 2463 1305 2552 60(61),8;
1325 2466 1492 2554 77(78),7;

184 2573 245 2636 lot
264 2567 368 2655 (105),
397 2571 449 2633 ta.
468 2570 624 2633 Ceterum
639 2566 748 2656 potuit
765 2567 865 2633 etiam
887 2591 897 2629 r
915 2566 1045 2633 initiale
1061 2589 1175 2635 errore
1192 2570 1265 2635 voci
1285 2593 1491 2651 accrescere,

182 2682 221 2743 ut
236 2673 394 2766 primitus
415 2673 518 2740 luent
535 2687 600 2738 titt:
623 2673 891 2761 correspondens
910 2673 1129 2762 praecedenti
1147 2689 1244 2739 trau.
1265 2677 1359 2755 Quod
1380 2678 1408 2744 si
1429 2702 1494 2746 no-

182 2782 287 2848 lueris
300 2781 480 2847 admittere
498 2778 640 2845 debebis
659 2779 746 2845 tueri
766 2785 939 2846 auctorent
955 2781 1105 2868 primum
1122 2783 1493 2874 cogitasscuexpressio-

182 2910 259 2956 nem
285 2902 384 2977 ’,Μ
398 2901 487 2959 tisri,
502 2885 582 2952 dein
596 2886 731 2952 inverso
741 2885 926 2952 verborum
937 2887 1059 2953 ordine
1070 2893 1184 2954 tamen
1200 2890 1377 2957 retinuisse
1397 2893 1494 2959 verbi

182 2998 443 3073 sermonicum,
471 3015 559 3080 quae
586 2992 725 3081 proprie
749 2992 947 3059 conveniret
971 3008 981 3056 i
1009 2996 1222 3061 consecutivo
1244 3019 1251 3064 :
1273 3011 1351 3060 trita
1369 3014 1492 3083 anszt.

184 3101 363 3178 Quaeritur
381 3122 497 3188 porro,
518 3098 580 3163 illa
600 3099 667 3164 duo
690 3099 797 3164 incisa.
821 3098 1030 3165 trahendane
1046 3100 1113 3166 sint
1135 3101 1178 3166 ad
1198 3102 1494 3191 praecedentiaen

183 3206 224 3272 ad
244 3204 436 3293 sequentia.
458 3203 508 3270 ad
529 3205 645 3293 priora
661 3205 767 3269 trahit
780 3204 1025 3293 interpunctio,
1047 3228 1135 3293 quae
1154 3229 1244 3274 nunc
1265 3215 1313 3274 est
1336 3210 1371 3276 in
1388 3214 1490 3278 Hebr.

181 3315 277 3382 Serre.
306 3310 425 3379 chald.
451 3311 531 3399 Spe.
558 3316 662 3378 Datur
682 3311 790 3398 igitur
806 3311 905 3393 ratio,
923 3334 984 3377 cur
1004 3335 1035 3378 v.
1057 3319 1077 3379 8
1096 3313 1165 3380 illis
1189 3315 1278 3382 erim
1306 3317 1490 3385 credatur:

182 3420 264 3510 quia
278 3419 510 3486 custodierunt
527 3422 605 3498 etc,
623 3417 801 3484 habebunt
822 3419 925 3485 lirim.
946 3418 1002 3484 l'el
1018 3426 1249 3503 resumuntur,
1266 3445 1400 3512 quaer,
1419 3430 1492 3492 8¹19

181 3526 418 3593 dicebantur:
450 3524 602 3614 profecto
639 3524 873 3591 custodierunt
901 3532 962 3590 etc.
994 3530 1135 3593 Possunt
1162 3532 1276 3594 tamen
1299 3529 1401 3596 etiam
1429 3531 1492 3599 iila

180 3632 288 3698 incisa
303 3631 359 3718 (cf.
383 3630 509 3719 Vale),
527 3636 560 3696 et
579 3630 719 3695 sortasse
738 3631 862 3718 aptius
885 3631 975 3696 trahi
995 3631 1040 3698 ad
1054 3633 1232 3720 sequentia
1250 3654 1257 3700 :
1275 3636 1358 3725 quio
1378 3642 1491 3705 eusto-

179 3739 317 3805 dierunt
343 3742 421 3818 etc,
446 3759 486 3801 ex
506 3735 618 3803 officio
644 3735 818 3802 docebunt
839 3743 872 3802 ct
898 3738 1001 3803 sacris
1024 3737 1183 3806 litabunt.
1202 3745 1358 3809 Ceterum
1374 3765 1493 3813 sensus

181 3851 296 3911 manet
313 3843 384 3910 sere
403 3841 507 3922 idem,
532 3847 672 3931 totaque
688 3841 831 3909 tandem
851 3843 1004 3932 quaestio
1019 3844 1185 3913 divisione
1201 3848 1421 3936 stropharum
1438 3850 1492 3917 di-

180 3950 326 4017 rimitur.

223 4080 253 4120 v.
275 4062 314 4121 10
332 4057 505 4121 Doccbrmt
530 4082 545 4114 ι(
573 4053 702 4120 malicia
726 4067 798 4135 itta,
825 4078 842 4120 ο
867 4058 976 4139 Iacob,
1000 4070 1032 4123 et
1052 4056 1163 4147 leqem
1177 4071 1284 4145 terunt,
1301 4063 1442 4128 olsrocl
1456 4091 1489 4130 n.

178 4160 256 4227 liele
271 4161 443 4228 vocatives
471 4181 479 4226 :
507 4159 679 4227 docebunt
701 4161 857 4228 iacobum
879 4161 1005 4230 iudicia
1026 4169 1100 4245 tua,
1121 4173 1154 4231 et
1173 4166 1332 4234 lsraelem
1354 4169 1490 4237 theram
1516 4153 1518 4158 ⁵

178 4273 288 4347 tuam3
305 4267 426 4332 suffixa
444 4267 494 4333 uti
509 4273 608 4333 antea
628 4267 673 4332 ad
698 4268 798 4334 lehre
824 4268 1029 4335 reseruntur.
1050 4275 1086 4336 ln
1107 4272 1301 4360 praemium
1319 4274 1398 4342 fidei
1417 4277 1493 4364 pri·

177 4393 270 4440 ntum
289 4394 328 4438 er
348 4372 460 4437 cilicio
484 4381 585 4439 crunt
611 4374 767 4440 doctores
791 4374 909 4463 populi
930 4376 982 4461 (cf.
1007 4379 1058 4442 Os.
1082 4384 1158 4458 t,e;
1183 4379 1281 4445 llich.
1304 4383 1488 4459 3‚11·;llal.

178 4485 235 4573 2‚7
248 4501 323 4569 sqq.
346 4483 409 4545 ete,
427 4516 471 4527 —
488 4479 625 4564 dalla),
648 4479 798 4546 secundo
819 4486 919 4548 crunt
939 4481 1086 4549 ministri
1106 4506 1282 4551 sacrorum
1299 4506 1305 4552 :
1325 4516 1340 4547 u
1359 4502 1491 4577 portent

176 4585 366 4674 repedante
382 4584 418 4651 in
434 4583 557 4671 surore
577 4596 634 4651 tuo
657 4613 672 4648 »
697 4625 740 4637 -
763 4594 856 4653 rorte
877 4587 913 4654 in
937 4588 1079 4655 paritas
1099 4590 1168 4656 mis
1188 4611 1195 4656 :
1216 4591 1345 4659 incensi
1360 4594 1490 4685 quippe

176 4694 367 4781 fragrantia
382 4691 617 4759 delectabatur
637 4713 778 4772 numen,
797 4714 941 4783 canique
957 4695 1062 4761 veluti
1083 4697 1224 4765 neribus
1242 4699 1425 4768 hauriebat
1443 4740 1489 4766 -
