3366 5346
187 258 245 328 256
457 324 470 347 ,
525 283 634 328 onurro
655 284 759 328 uorsrs
780 283 912 329 saeuum
937 284 943 326 :
967 280 1161 326 lunicensis.

187 419 223 484 in
235 439 327 508 ponc
347 417 451 484 edicit
468 417 574 483 vitam
594 423 782 483 sustentare
803 408 893 506 pane
911 440 918 485 :
937 439 1021 502 crgo
1043 416 1152 483 eicere
1170 416 1207 482 in
1224 417 1321 482 verbo
1343 413 1410 481 Dei
1424 412 1520 481 dicit

183 526 286 590 vitam
307 529 493 590 sustentare
513 523 619 589 verbo
639 524 696 590 ltei
720 524 772 608 (cl.
793 524 907 590 uatth.
927 529 1002 605 t,t;
1023 522 1101 589 Luc'.
1124 523 1206 612 Μ).
1223 527 1327 589 Homo
1349 541 1413 610 pro
1433 543 1518 587 om-

182 631 284 697 nibus
296 630 495 697 necessariis
508 629 598 697 vitae
609 629 806 696 obtinendis
818 630 929 717 magis
944 629 1030 697 fidat
1045 635 1180 719 oportet
1190 628 1294 696 verbo
1307 628 1378 710 Hei,
1396 627 1516 718 quod,

182 737 243 804 ubi
263 736 306 804 de
330 736 504 802 miraculis
521 758 591 802 non
615 736 743 822 agitur,
761 736 820 803 ltei
846 735 1064 826 providentia
1088 741 1231 818 constat,
1252 756 1358 825 quam
1381 733 1521 800 mediis

183 865 275 909 mere
291 843 469 925 humanis;
488 843 565 933 plus
584 843 730 924 laboret,
748 849 786 910 ut
806 847 912 909 ltcum
933 843 1108 932 propitiet,
1127 864 1233 932 quam
1248 847 1286 910 ut
1305 840 1422 908 media
1444 841 1519 908 hu-

185 972 285 1016 mana
304 955 479 1036 congerat.
497 949 706 1039 Propitiatur
725 957 839 1015 autem
855 955 941 1016 Heus
961 949 1132 1038 imprimis
1152 948 1393 1016 observatione
1410 969 1518 1014 man-

184 1057 355 1138 datorum,
375 1063 477 1146 atque
489 1057 574 1122 haec
593 1037 734 1122 omnino
752 1056 921 1123 censenda
937 1063 986 1121 est
1001 1054 1131 1123 includi
1146 1077 1226 1122 voce
1248 1055 1355 1121 omiti.
1371 1054 1517 1122 luvabit

183 1163 290 1249 igitur
309 1163 498 1230 recordatio
517 1184 664 1229 mannae
684 1161 729 1227 ad
748 1163 958 1248 generalem,
974 1184 1062 1251 quae
1082 1184 1114 1229 v.
1139 1169 1154 1228 1
1178 1161 1339 1248 exigitur,
1357 1160 1515 1228 manda-

184 1276 295 1337 torum
316 1269 601 1338 observationem.
623 1308 667 1317 -
690 1267 796 1335 Etiam
818 1269 855 1335 in
881 1267 959 1335 aliis
980 1275 1117 1357 praeter
1136 1268 1251 1334 cibum
1273 1267 1389 1334 docuit
1416 1273 1513 1335 Heus

185 1377 365 1456 Hebraeos
384 1384 421 1442 ut
433 1376 620 1443 absolutam
638 1375 800 1441 fiduciam
815 1374 940 1464 inipso
956 1381 1163 1464 reponerent
1180 1395 1187 1441 :
1204 1397 1235 1440 v.
1247 1379 1265 1440 t
1279 1402 1294 1435 «
1314 1373 1512 1440 Vestimen-

185 1497 257 1548 tum
271 1504 365 1565 irunt,
382 1482 459 1570 {qim
473 1481 690 1571 operiebaris}
709 1509 739 1564 a,
759 1482 858 1548 vestis
873 1481 1028 1562 exterior,
1052 1509 1067 1541 «
1085 1503 1300 1572 nequaquam
1315 1481 1513 1570 {vetustate}

184 1589 310 1675 defecit
335 1617 364 1671 »,
387 1589 504 1654 attrita
526 1593 591 1669 est,
616 1615 631 1647 α
658 1600 691 1653 ct
710 1610 773 1676 pes
802 1602 880 1654 lieris
906 1610 976 1653 rien
1002 1601 1051 1653 cst
1075 1586 1240 1653 creberitus
1266 1614 1295 1665 u,
1312 1609 1381 1652 non
1412 1587 1512 1653 intu-

184 1695 281 1775 muit,
302 1723 318 1755 «
339 1717 379 1760 en
396 1693 681 1783 qcccdroqesimus
700 1717 814 1760 crenus
831 1708 879 1761 cst
901 1722 931 1759 ».
953 1698 1025 1760 Nou
1042 1700 1121 1759 sunt
1141 1695 1197 1760 hic
1215 1717 1302 1760 uova
1318 1714 1396 1760 cum
1413 1693 1511 1761 Hab-

183 1801 272 1867 binis
292 1800 502 1867 adstruenda
523 1801 700 1883 miracula,
718 1808 756 1867 ut
777 1801 918 1867 eaedem
935 1806 1043 1867 vestes
1060 1822 1122 1889 per
1143 1799 1374 1889 quadraginta
1394 1821 1511 1866 annos

182 1907 484 1997 perseveraverint,
499 1907 570 1974 imo
587 1930 747 1975 unacum
767 1907 881 1997 pueris
896 1908 1078 1990 creverint,
1101 1905 1159 1972 sed
1181 1905 1302 1972 modus
1319 1913 1368 1971 est
1384 1905 1511 1972 rheto-

182 2015 271 2080 ricus
283 2013 433 2097 dicendi,
453 2019 559 2082 [teum
579 2020 651 2081 toto
673 2014 733 2080 illo
748 2021 902 2104 tempore
922 2014 1027 2080 ctiam
1046 2012 1161 2101 quoad
1183 2014 1342 2079 vestitum
1362 2019 1396 2078 et
1411 2012 1509 2079 vires

182 2122 331 2210 corporis
350 2121 509 2187 Hebraeis
527 2128 681 2187 amanter
701 2121 888 2210 providisse
905 2121 1062 2208 (calm).
1082 2119 1176 2196 Quod
1195 2118 1419 2186 confirmatur
1441 2141 1503 2201 eo,

183 2227 275 2316 quod
288 2230 417 2315 &bibl-l)
429 2227 465 2292 in
479 2227 592 2292 locum
604 2224 732 2316 pedum
752 2226 946 2293 subintrent
959 2225 1068 2291 calcei
1072 2277 1078 2290 .
1098 2225 1184 2302 Quid
1194 2224 1236 2290 de
1247 2226 1314 2290 hoc
1325 2226 1414 2290 sacto
1427 2247 1508 2292 sen-

181 2331 289 2399 serint
304 2334 424 2399 letitae
446 2339 466 2397 ³2
486 2332 580 2399 Esdr.
599 2339 675 2413 9,ἳί
696 2337 851 2398 nostrum
867 2338 998 2398 textum
1018 2333 1212 2411 recitantes,
1230 2333 1315 2397 scire
1336 2331 1431 2397 haud
1448 2355 1505 2398 re·

181 2441 259 2505 sert.
278 2461 309 2504 v.
332 2447 351 2505 ἴ)
370 2461 438 2504 non
456 2446 505 2504 est
518 2438 703 2506 ordiendus
723 2461 804 2505 voce
822 2450 872 2520 ut,
891 2438 950 2504 sed
971 2438 1095 2527 repetit
1119 2438 1394 2504 adhortationem
1412 2460 1446 2504 ν.
1467 2446 1501 2522 2,

182 2553 217 2611 ut
237 2545 337 2612 corde
360 2545 545 2625 revolvant,
565 2550 776 2635 quantopere
797 2568 837 2612 ex
855 2551 1000 2635 paterno
1025 2544 1138 2611 ineos
1158 2545 1282 2610 allecta
1305 2546 1339 2609 in
1362 2544 1505 2613 deserto

181 2652 291 2740 egerit
305 2657 399 2719 Heus.
416 2674 447 2718 v.
462 2659 482 2718 5
501 2678 516 2712 κ
531 2652 596 2741 {Ut}
609 2651 773 2740 recapitcs
793 2652 831 2719 in
845 2651 945 2719 corde
959 2665 1029 2732 tuo,
1049 2652 1133 2742 quio
1148 2652 1238 2717 sicut
1253 2650 1371 2716 crudit
1383 2650 1504 2738 filium

179 2780 277 2825 scriem
290 2758 401 2842 homo,
419 2758 467 2825 sic
482 2758 650 2825 Doctrinae
667 2763 756 2824 Deus
777 2772 855 2826 turis
871 2758 1021 2825 crudivit
1042 2772 1073 2825 tc
1092 2787 1123 2839 »,
1145 2782 1177 2824 v.
1200 2765 1252 2823 b«
1277 2770 1312 2822 ut
1328 2756 1506 2825 custodias

180 2864 348 2931 incredula
368 2864 508 2930 [lamini
529 2866 591 2930 Dei
611 2866 676 2946 tui,
696 2878 728 2930 et
751 2865 903 2931 australes
927 2866 964 2931 in
986 2865 1051 2930 ciis
1072 2865 1155 2949 ciue,
1173 2877 1205 2929 et
1229 2863 1349 2929 timeus
1365 2886 1443 2929 ctera
1470 2894 1502 2931 u.

179 2969 387 3036 ,afflictiones
417 2971 453 3035 in
485 2969 618 3035 deserto
647 2976 790 3057 paterno
826 2972 947 3037 atlcctu
975 2970 1235 3056 infligebantur,
1260 2976 1295 3034 ut
1325 2968 1505 3038 Hebraeos

179 3074 449 3142 manuducerent
465 3074 510 3140 ad
525 3074 719 3140 custodiam
741 3076 993 3142 mandatorum.

223 3187 330 3247 Naxus
353 3204 385 3246 v.
414 3188 433 3246 7
459 3203 534 3270 sqq.
565 3202 643 3246 cum
669 3181 953 3270 praecedentibus
984 3183 1037 3261 tr)
1067 3183 1122 3248 bic
1144 3188 1204 3249 cst.
1232 3184 1338 3250 Huius
1360 3181 1502 3253 dirinae

179 3288 215 3354 in
234 3288 367 3353 deserto
385 3287 605 3355 oeconomiae
624 3293 718 3354 tanto
742 3288 855 3374 magis
873 3288 918 3377 (v,
944 3289 1014 3377 25)
1040 3290 1205 3355 memoria
1221 3290 1354 3356 assidue
1374 3296 1424 3355 est
1443 3314 1501 3358 re-

181 3395 361 3476 volvenda,
377 3393 471 3483 quod
488 3393 634 3461 Hebraei
654 3416 732 3460 mox
753 3396 819 3461 sint
835 3396 1021 3481 ingressuri
1037 3400 1162 3463 terram
1177 3397 1498 3485 promissa111,eius-

180 3523 247 3589 que
268 3501 369 3567 bonis
401 3501 551 3584 fruituri,
568 3502 716 3592 ideoque
742 3502 841 3569 facile
866 3502 935 3568 sint
957 3501 1053 3568 illam
1079 3503 1314 3569 oeconomiam
1339 3501 1496 3586 oblituri‚

178 3610 234 3672 ltei
253 3614 434 3696 praecepta
451 3610 710 3694 transgressuri,
728 3609 796 3674 imo
811 3607 855 3675 ad
871 3608 1100 3676 idololatriam
1114 3609 1292 3699 dilapsuri.
1309 3633 1340 3674 r.
1359 3616 1377 3672 7
1397 3636 1412 3668 a
1431 3613 1500 3675 ltu-

178 3712 293 3778 uiinus
316 3713 405 3778 enim
425 3717 514 3779 licus
534 3727 611 3779 tuus
639 3712 832 3782 introduce!
848 3728 880 3781 te
901 3715 938 3781 in
958 3728 1083 3781 terrum
1109 3719 1243 3799 bonam,
1261 3729 1385 3782 terrum
1407 3717 1500 3783 rico·

176 3842 252 3885 rum
272 3819 534 3909 oqcccrmnlqucl
557 3835 589 3885 ct
611 3822 772 3908 scirtium,
793 3823 827 3888 in
852 3824 948 3889 cuius
971 3822 1100 3912 cainpis
1132 3835 1163 3889 et
1184 3809 1354 3889 meatitibus
1378 3846 1496 3888 rrum-

171 3939 260 4013 punt
284 3925 492 4015 [suenorum]
516 3928 631 4015 abyssi
656 3952 688 4008 »ς
715 3967 757 3978 -
782 3931 882 3995 chr.
908 3950 921 3993 .·
943 3941 1068 3996 terram
1093 3931 1243 3995 rivorum
1265 3951 1435 4018 aquarum
1462 3944 1497 3995 ct

174 4032 324 4118 soritium
349 4046 379 4098 et
405 4035 618 4119 obp-seoriam,
637 4037 885 4123 erumpentium
913 4035 1118 4102 incallidus
1140 4049 1171 4101 et
1197 4037 1233 4101 in
1258 4037 1426 4101 errantibus
1449 4075 1496 4085 -

175 4161 207 4203 v.
229 4142 281 4202 8«
300 4150 425 4204 terr-om.
445 4141 628 4225 secernente)
651 4140 772 4207 bordei
793 4164 832 4206 nc
857 4142 1047 4216 vinearum,
1065 4142 1113 4230 lin
1131 4127 1209 4230 qico]
1223 4143 1309 4231 ficus
1332 4155 1364 4208 rt
1383 4141 1457 4208 trial
1480 4183 1493 4192 -

177 4256 326 4332 pruneto
345 4259 377 4309 ct
397 4245 523 4312 olianta
546 4246 766 4336 {narrabunt
787 4260 912 4313 terram
931 4248 1000 4314 olei
1016 4260 1048 4314 ct
1063 4248 1174 4314 mellis
1195 4278 1224 4314 ».
1243 4251 1343 4315 Hetr.
1367 4262 1492 4314 terram

178 4348 360 4431 olivarum,
380 4350 448 4417 olei
471 4365 503 4417 ct
526 4352 646 4419 cecilie.
670 4359 709 4420 Et
730 4357 855 4420 Moror.
878 4355 1017 4444 quidem
1037 4356 1085 4420 ita
1105 4361 1281 4442 punctant,
1309 4363 1344 4421 ut
1368 4362 1493 4441 agatur

177 4455 219 4523 de
239 4455 336 4522 olicis
356 4457 438 4538 olci3
460 4460 532 4525 Vol.
559 4486 574 4518 ι(
597 4460 706 4525 olivae
727 4462 922 4527 fructiferae
944 4489 974 4543 »,
996 4483 1080 4546 ergo
1099 4483 1179 4527 sane
1199 4483 1267 4526 uon
1286 4461 1456 4527 silvestres
1482 4483 1489 4529 :

178 4564 235 4631 sed
250 4585 331 4630 num
348 4563 457 4631 olivae
473 4565 642 4632 silvestres
657 4589 725 4631 non
741 4568 871 4634 habent
884 4567 1019 4633 oleum?
1032 4566 1194 4634 Similiter
1212 4566 1345 4649 Gtzald.;
1378 4591 1488 4634 errem

180 4671 276 4738 cuius
289 4671 399 4739 olivae
414 4671 612 4763 pertincant
627 4672 750 4753 alciun,
771 4687 803 4739 ct
818 4674 891 4763 ipso
902 4673 984 4763 fluit
1000 4673 1109 4740 rricllc.
1126 4677 1298 4765 Expressio
1314 4674 1405 4741 alica
1423 4675 1491 4742 olei
