3366 5346
565 325 567 330 .
679 290 800 334 raanan
820 289 996 335 lucanam.
1482 277 1499 335 ’1

184 422 311 487 librum
343 443 423 488 vero
453 423 518 488 hac
545 421 675 488 ratione
707 423 851 490 articulo
875 423 1159 505 determinatum,
1187 443 1246 489 seu
1277 422 1404 491 librum
1431 427 1500 493 κατ’

184 532 293 616 ἐξοχὴν
312 527 552 614 intelligebant
570 532 688 596 Masor.
710 528 841 597 thorout
863 551 1007 619 eamque
1027 529 1148 596 solam.
1167 527 1216 597 cf.
1236 530 1367 596 Movere
1383 553 1419 619 p.
1443 537 1498 598 85.

184 635 279 700 Dices
293 636 385 701 LXX
397 635 474 723 Syr.
493 633 615 702 Chald.
631 636 790 722 ignorare
808 658 882 703 eam
899 635 1170 725 punctationem.
1185 640 1405 722 lgnoravcre,
1421 658 1500 704 oum

183 742 279 830 quod
299 738 401 808 unica
423 741 549 808 vocalis
570 741 671 808 facile
694 742 885 829 ignoretur,
909 748 983 809 tum
1002 742 1143 809 tortasse
1166 741 1257 830 quod
1274 748 1501 830 gravarentur

184 846 359 915 adstruere
389 848 463 914 viro
498 847 617 931 alicui,
653 850 873 938 quantumvis
901 854 1033 930 sancto,
1057 848 1111 915 ius
1135 847 1236 914 luisse
1264 854 1500 916 sacrosanctae

182 953 302 1042 Moysis
323 955 443 1021 thorae
464 953 599 1043 aliquid
622 953 850 1023 adscribendi.
873 956 972 1041 Fugit
992 977 1064 1037 eos,
1087 976 1127 1021 eo
1151 954 1240 1021 facto
1259 977 1329 1021 non
1348 962 1418 1022 tam
1440 954 1499 1022 de·

183 1060 287 1149 primi
307 1061 436 1148 Moysis
453 1081 557 1150 quam
576 1061 690 1127 extolli
709 1060 875 1127 Samuelis
894 1061 1143 1127 auctoritatem.
1166 1065 1261 1127 losue
1282 1067 1315 1127 et
1334 1061 1498 1135 Samueli,

184 1166 244 1256 qui
273 1166 422 1234 medium
456 1166 670 1234 obtinuerint
701 1167 832 1248 locum,
865 1167 923 1233 ille
948 1168 1038 1233 inter
1064 1173 1196 1254 Moysen
1218 1172 1252 1232 et
1272 1165 1418 1250 iudices,
1444 1169 1501 1234 hic

182 1273 272 1341 inter
286 1273 417 1341 iudices
431 1279 466 1339 et
483 1295 599 1360 reges,
618 1273 750 1360 insigne
766 1273 868 1363 plane
879 1296 899 1340 a
912 1277 978 1340 Deo
991 1295 1186 1341 concessum
1202 1278 1251 1340 est
1264 1273 1498 1362 privilegium,

182 1386 221 1448 ut
253 1379 387 1469 aliquid
415 1387 649 1448 sacrosanctae
677 1381 799 1446 thorae
823 1380 1070 1447 adscriberent.
1100 1379 1165 1447 Sed
1189 1379 1249 1446 illa
1273 1380 1500 1468 posteriorum

184 1486 387 1553 ludaeorum
408 1486 449 1553 dc
469 1486 648 1553 sanctitate
668 1487 788 1553 thorae
811 1486 929 1576 opinio
949 1486 1034 1552 illud
1050 1487 1200 1575 prolecto
1215 1484 1335 1552 debuit
1351 1487 1498 1569 efficere,

185 1597 222 1658 ut
251 1580 455 1658 Masorethae
483 1614 559 1659 eam
586 1593 842 1682 punctationem
867 1615 936 1659 non
959 1591 1198 1674 adhibuerint,
1224 1590 1288 1658 nisi
1313 1591 1501 1660 traditione

183 1703 360 1788 acceptum
386 1698 572 1764 habuerint
597 1699 654 1785 agi
675 1698 726 1765 ihi
753 1698 795 1765 de
821 1698 910 1765 libro
936 1698 1174 1765 determinato.
1200 1702 1356 1765 Ceterum
1381 1720 1499 1765 eorum

185 1806 359 1894 punctatio
382 1826 463 1871 vera
484 1826 554 1871 esse
568 1804 695 1871 invicte
711 1805 966 1872 demonstratur
979 1803 1103 1872 collato
1118 1804 1209 1871 facto
1226 1808 1289 1872 los.
1304 1809 1419 1884 mh.
1441 1809 1500 1872 Sa·

184 1911 293 1992 muel,
319 1932 380 1976 sua
402 1910 602 1976 adscribens
628 1913 758 1992 thorae,
779 1917 914 1977 secutus
936 1917 987 1977 est
1004 1910 1199 2000 exemplum
1219 1914 1325 1977 losue.
1348 1912 1497 1994 Dicesne,

184 2016 336 2084 Samueli
352 2017 447 2083 netas
463 2017 562 2083 luisse
576 2016 688 2084 facere
703 2017 756 2100 id,
775 2017 868 2106 quod
884 2021 977 2083 losue
992 2017 1139 2083 fecerat?
1156 2019 1287 2082 Movers
1301 2016 1325 2082 l.
1342 2038 1371 2082 c.

228 2124 378 2190 Thoram
396 2127 523 2210 Moyses
540 2127 636 2190 Dent.
658 2129 737 2203 31,9
758 2122 901 2190 tradidit
922 2121 1045 2189 Levitis
1064 2143 1164 2188 arcae
1184 2121 1430 2209 gestatoribus;
1447 2143 1501 2188 se-

183 2228 334 2297 cundum
348 2250 444 2313 eum,
461 2230 519 2318 qui
534 2251 627 2295 nuuc
643 2229 804 2310 habetur,
824 2252 854 2296 v.
872 2235 914 2296 26
929 2233 1127 2296 contextum
1142 2229 1293 2317 reposuit
1311 2258 1325 2289 «
1342 2227 1379 2294 in
1391 2227 1499 2295 latere

182 2357 281 2403 arcae
310 2362 340 2401 ».
365 2340 429 2402 Nos
451 2335 592 2425 quidem
616 2357 648 2401 y.
668 2341 710 2401 23
726 2359 777 2425 sq.
800 2336 842 2401 ad
859 2336 986 2402 calcem
1003 2358 1035 2402 v.
1058 2342 1098 2401 13
1112 2335 1366 2416 transferentes,
1384 2351 1499 2401 cense-

184 2463 259 2509 mus
275 2441 380 2508 verba
400 2464 431 2506 v.
454 2447 496 2507 26
513 2441 740 2527 intelligenda
759 2463 830 2508 esse
849 2441 892 2508 de
907 2442 1124 2531 autographo
1139 2440 1274 2508 cantici.
1292 2445 1413 2508 Verum
1427 2463 1499 2507 non

183 2547 388 2635 ignobiliora
403 2547 490 2628 looo,
507 2569 610 2636 quam
625 2547 807 2627 canticum,
822 2549 974 2636 reposuit
988 2553 1112 2635 Moyses
1123 2548 1272 2615 thorum.
1288 2552 1394 2627 losue,
1408 2552 1500 2637 post-

190 2675 295 2743 quam
314 2675 374 2720 sua
394 2655 513 2721 thorae
535 2652 725 2744 adscripsit,
742 2653 893 2743 reposuit
907 2655 1043 2721 tharam
1058 2654 1095 2720 in
1110 2653 1222 2720 locum
1239 2676 1337 2721 suum
1353 2653 1398 2720 ad
1414 2654 1500 2719 latus

186 2781 302 2842 arcae,
324 2760 418 2849 quod
437 2759 632 2849 exprimunt
648 2761 754 2827 verba
770 2786 786 2820 «
804 2759 953 2849 reposuit
966 2781 1080 2827 coram
1097 2760 1198 2826 labve
1216 2787 1245 2826 ».
1264 2765 1499 2848 Reposuerunt

183 2871 299 2933 autem
314 2889 420 2956 prope
435 2889 550 2933 arcam
569 2896 583 2927 u
598 2866 634 2933 in
648 2867 881 2933 testimonium
901 2894 916 2927 »
931 2866 1040 2955 (Dent.
1058 2866 1173 2955 3136)
1188 2871 1308 2932 contra
1317 2865 1496 2956 populum.

93 2970 102 2984 '
182 2977 255 3039 Non
279 2975 375 3062 quasi
400 2973 489 3039 latus
508 2995 607 3039 arcae
627 2973 731 3039 fuerit
753 2973 845 3039 locus
864 2973 1113 3062 uuthographis
1136 2972 1304 3039 librorum
1324 2993 1497 3039 sacrorum

182 3078 397 3146 asservandis
417 3078 607 3145 destinatus
630 3079 685 3168 (cl.
706 3079 807 3146 Mehr.
831 3087 887 3156 9,3
908 3079 992 3168 sq.);
1012 3101 1124 3169 neque
1138 3086 1240 3161 certe,
1256 3084 1421 3166 quantum
1434 3101 1499 3145 no·

182 3184 307 3268 vimus,
327 3185 471 3252 Hebraei
494 3185 603 3252 libros
625 3186 872 3275 prophetarum
893 3185 1014 3253 codem
1035 3207 1112 3253 cum
1128 3186 1229 3251 thora
1246 3187 1364 3272 Moysis
1380 3184 1496 3270 digni-

183 3291 261 3358 tatis
282 3291 356 3358 loco
376 3291 529 3358 habuere
551 3315 559 3360 :
581 3292 640 3358 sed
659 3291 709 3357 ihi
722 3291 875 3380 reposuit
891 3297 1017 3378 Moyses
1032 3291 1169 3358 tharam
1183 3312 1292 3371 suam,
1314 3312 1496 3380 reposuere

183 3402 278 3464 losue
304 3405 336 3464 et
355 3398 492 3465 Samuel
516 3397 634 3464 addita
657 3420 736 3480 sua,
762 3421 831 3465 non
854 3404 892 3464 ut
916 3397 1062 3464 librosa
1089 3397 1190 3463 thora
1216 3396 1409 3477 distinctoS,
1437 3397 1497 3463 sed

182 3504 302 3570 thorae
330 3503 457 3571 inserta
478 3509 512 3570 et
533 3526 611 3571 cum
635 3503 695 3570 illa
711 3527 816 3572 unum
837 3503 921 3593 quid
940 3503 1077 3583 effecta;
1098 3524 1277 3592 reposuere
1298 3502 1334 3568 in
1349 3502 1498 3569 testimo·

186 3611 281 3675 nium
304 3615 422 3677 contra
442 3611 626 3700 populum,
651 3617 688 3677 ut
710 3610 813 3676 modo
835 3608 1188 3698 anthropomorpbioo
1213 3614 1412 3675 moneretur
1433 3631 1496 3698 po·

183 3715 301 3804 palus,
328 3717 355 3782 si
384 3717 523 3804 quando
547 3717 668 3804 alege
695 3716 867 3799 deficeret,
892 3717 1001 3782 laesae
1026 3716 1147 3782 thorae
1166 3736 1235 3780 non
1259 3714 1497 3782 immemorem

183 3824 336 3889 laturum
352 3843 423 3888 esse
438 3823 576 3904 lahveu,
596 3846 672 3890 eam
689 3847 794 3913 penes
808 3846 842 3890 se
857 3822 1019 3912 scriptam
1034 3822 1179 3906 babere,
1195 3826 1228 3888 et
1240 3826 1414 3910 apostatas
1428 3845 1498 3888 cer-

182 3927 309 3995 tissime
323 3949 393 3995 esso
407 3928 620 4017 puniturum.
638 3931 687 3996 Cf.
712 3929 817 3996 Wilcl.
836 3952 870 4018 p.
889 3936 943 3995 21.

226 4034 420 4102 lnauditum
435 4034 498 4101 tibi
514 4034 683 4118 videatur,
697 4036 830 4102 tharam
845 4040 1062 4125 postMoysen
1075 4034 1192 4124 aliqua
1208 4033 1378 4123 accepisse
1390 4034 1499 4101 incre-

182 4146 309 4223 menta,
328 4163 396 4208 non
410 4143 649 4208 sententiolam
665 4164 769 4210 unam
786 4143 840 4209 vel
855 4142 1016 4222 alteram,
1037 4143 1098 4208 sed
1110 4143 1247 4228 integra
1264 4140 1382 4231 aliqua
1395 4140 1500 4207 docu.

184 4252 306 4314 menta.
330 4252 403 4314 Non
422 4253 539 4315 tamen
561 4248 662 4314 latuit
692 4255 918 4316 antecessores
937 4255 1072 4315 nostros
1090 4247 1303 4337 interpretes
1316 4247 1499 4314 catholicos

181 4360 331 4421 restam
360 4354 452 4421 clare
479 4353 516 4420 in
546 4376 643 4422 sacro
667 4361 758 4422 textu
787 4378 952 4445 expressa.
980 4354 1041 4447 Qui
1068 4354 1327 4444 punctationem
1356 4353 1499 4442 quidem

183 4465 300 4547 lReg.
324 4466 424 4543 1035
443 4483 512 4527 non
531 4460 692 4528 videntur
713 4461 911 4542 attendisse3
936 4464 1024 4543 Vct,
1044 4462 1104 4542 Sa,
1127 4461 1216 4542 Est„
1239 4461 1359 4542 lllclc,
1386 4461 1493 4537 Men,

184 4564 288 4632 Gord.
308 4566 533 4656 pronuntiant
553 4567 653 4634 illum
673 4567 840 4634 Samuelis
858 4568 987 4634 librum
1008 4588 1078 4632 essc
1091 4565 1320 4654 deperditum,
1344 4563 1496 4630 detexta

183 4676 200 4736 1
222 4674 304 4759 Meg.
324 4679 425 4754 1025
444 4695 521 4740 oum
542 4679 605 4741 los.
625 4680 727 4754 mh
744 4672 976 4762 comparando
995 4695 1064 4740 non
1085 4671 1299 4756 cogitavere,
1322 4667 1373 4734 uti
1390 4686 1500 4753 neque
