3366 5346
188 282 247 341 388
447 341 449 346 ,
637 298 868 344 comaminnuu
889 297 1045 343 sannaus.

189 421 408 514 attribuatur,
430 431 588 519 seligitur
609 433 687 515 tale,
709 433 801 522 quod
821 430 911 499 nulli
930 430 1044 498 adhue
1068 429 1202 521 privato
1228 428 1306 496 usui
1328 428 1505 496 inservie-

187 539 243 605 rit.
259 538 396 604 Animal
415 538 554 606 feminei
574 560 671 606 sexus
684 537 870 606 adhibetur
889 539 991 605 etiam
1007 559 1104 604 secus
1117 539 1154 603 in
1172 535 1306 620 ritibus,
1325 537 1387 624 qui
1408 536 1509 626 puri·

188 642 383 711 ficationem
400 643 538 734 sapiunt
563 667 570 713 :
594 650 670 713 Lev.
696 651 846 727 t,28.3a;
866 651 936 727 5,6;
956 648 1299 727 it,1o;1tum.o,1t;
1319 649 1412 723 193.
1431 666 1465 710 ν.
1488 650 1507 711 t

189 778 205 812 a
236 752 281 816 Et
303 750 426 817 dracena
450 773 526 817 eam
551 751 599 818 ad
621 751 747 818 callem
775 751 944 841 [asperam
967 751 1081 841 atque]
1101 771 1271 835 saxosam,
1292 771 1383 839 qaue
1411 773 1508 816 nun-
1588 744 1596 763 ’

187 879 290 945 qaam
312 870 412 924 arata
432 871 496 942 cst,
514 880 575 925 nec
598 871 782 926 sementem
800 857 941 948 recepit;
960 871 993 924 et
1010 857 1153 924 caedent
1174 857 1211 924 ia
1225 879 1266 924 ea
1283 856 1431 924 cervices
1454 858 1507 924 vi-

187 963 281 1029 talne
306 986 337 1046 »3
356 985 445 1052 quae
463 965 633 1055 expressio
653 964 769 1055 prodit
787 987 856 1031 non
872 963 932 1052 agi
947 962 989 1032 de
1004 963 1184 1032 sacrificio.

222 1216 293 1296 prsis
307 1193 362 1268 brt:
380 1211 441 1261 Am.
465 1210 526 1272 aar
547 1210 677 1273 designat
696 1210 784 1259 rie-cm
804 1192 956 1274 perennem.
975 1208 1031 1259 Sed
1050 1209 1152 1268 recole,
1173 1187 1344 1265 bursonam
1364 1214 1423 1259 tarn
1443 1217 1504 1259 tor·

184 1311 295 1364 rentem,
309 1317 393 1367 quam
410 1300 541 1351 torrentis
555 1297 655 1348 cattam
672 1315 679 1348 ι
696 1301 834 1348 torrentes
844 1310 911 1348 vero
925 1310 1017 1361 neque
1033 1298 1147 1348 arantur
1159 1310 1251 1362 neque
1265 1303 1406 1348 seruntur.
1422 1299 1503 1362 Vale.

184 1406 321 1452 saxosam,
338 1390 500 1441 adscribens
520 1389 604 1438 etiam
627 1387 786 1437 versionem
802 1387 865 1435 ln
882 1384 1013 1453 τραχεῖαν,
1035 1400 1168 1451 asperam.
1183 1388 1232 1449 Aq.
1256 1381 1366 1453 στερεόν,
1387 1388 1501 1447 duram

185 1481 281 1532 chald.
298 1482 362 1544 Syr.
377 1491 498 1529 vacuom.
515 1477 663 1526 Rationem
683 1474 822 1525 eiusmodi
839 1475 922 1525 vallis
940 1474 1102 1539 seligendus
1120 1488 1147 1524 v.
1166 1488 1189 1525 s.
1208 1475 1291 1526 llich.
1308 1475 1353 1536 aa
1371 1476 1505 1527 scribitur

184 1584 238 1620 vox
253 1569 388 1632 parallelo
402 1567 438 1619 ad
456 1583 467 1614 ι
482 1567 590 1631 petram
608 1580 632 1613 r.
646 1564 717 1614 Item
732 1564 815 1614 Num.
834 1563 925 1624 atat,
943 1563 990 1614 ubl
1004 1565 1182 1616 vertebamus
1199 1580 1210 1611 ι
1227 1577 1396 1628 permanens
1412 1580 1437 1626 a,
1451 1565 1504 1616 sed

184 1658 329 1709 commode
344 1658 389 1707 vel
405 1653 578 1706 commodius
592 1655 664 1703 verti
682 1655 775 1716 potest
791 1668 802 1700 a
827 1665 911 1716 rupes
928 1668 952 1701 r.
969 1658 1042 1736 pain
1058 1659 1106 1709 rit:
1122 1653 1174 1703 ler.
1192 1653 1367 1715 49,i9;50',it
1382 1656 1426 1704 est
1446 1655 1502 1704 lra-

184 1746 346 1807 bitaoulnm,
368 1756 488 1794 caverna
508 1745 537 1792 in
556 1755 625 1806 rupe
642 1755 649 1790 ε
665 1754 722 1791 non
741 1743 818 1791 enim
837 1753 1009 1792 consuevere
1028 1741 1125 1792 leones
1139 1755 1156 1792 a
1170 1742 1290 1793 Iordane
1308 1742 1448 1792 accendere
1463 1742 1501 1792 ad

186 1834 321 1898 quasdem
336 1846 424 1898 aquas
438 1827 605 1896 superiores,
621 1829 670 1880 scd
685 1828 720 1880 ad
734 1842 786 1880 sua
800 1830 912 1891 cubilia,
929 1843 1002 1894 quae
1021 1842 1106 1894 saepe
1121 1835 1185 1882 sunt
1205 1832 1234 1881 in
1248 1832 1383 1883 cavernis.
1402 1830 1501 1890 Quare

184 1936 241 1973 non
257 1923 349 1973 iudico
364 1923 391 1972 h.
407 1923 425 1972 l.
442 1934 506 1972 esse
518 1918 704 1970 recedendum
719 1933 736 1969 a
750 1920 880 1969 versione
895 1919 969 1969 Lxx
985 1920 1036 1984 Aq.
1055 1920 1138 1984 Vulg.
1157 1929 1158 1932 ’

227 2157 260 2200 v.
290 2141 350 2200 5«
381 2129 618 2219 Accedentqae
646 2126 835 2196 sacerdotes
856 2127 927 2218 filii
945 2129 1036 2211 Levi,
1062 2152 1145 2219 qnos
1171 2129 1311 2220 cleperit
1335 2129 1501 2196 Dominus

182 2243 271 2306 Deus
287 2251 378 2321 taus,
399 2251 437 2303 at
460 2235 655 2302 nriaistrent
674 2226 706 2301 ei
726 2246 757 2301 et
776 2233 976 2301 benedicant
996 2235 1033 2302 in
1052 2235 1189 2303 nomine
1204 2236 1292 2319 eires,
1307 2249 1341 2303 et
1361 2235 1410 2303 ad
1426 2260 1503 2304 uer·

183 2343 262 2412 barm
285 2364 402 2410 coriam
423 2364 522 2408 omae
544 2339 755 2430 nepotiana»
775 2378 818 2389 -
843 2355 906 2415 nti,
926 2340 1138 2432 disceptatio,
1161 2344 1204 2410 cl.
1233 2349 1332 2424 19,st
1356 2381 1400 2394 —
1427 2373 1443 2406 a
1470 2357 1503 2411 et

182 2448 357 2543 quidquid
378 2446 557 2535 [mundam
578 2445 644 2531 ccl}
665 2445 882 2513 immundam
903 2461 964 2529 est,
986 2448 1178 2540 [iudicetur]
1200 2479 1228 2514 a.
1254 2465 1305 2518 aa:
1321 2472 1364 2518 ne
1387 2455 1501 2519 vertas

182 2557 355 2625 maculam
374 2578 433 2623 seu
448 2552 676 2638 t'mmandam,
692 2552 753 2620 sed
765 2554 1031 2644 percussionem.
1045 2555 1288 2624 adsciscuntur
1308 2557 1502 2625 sacerdotes

182 2664 329 2749 Levitae,
347 2685 417 2730 non
437 2660 496 2730 alii
520 2660 662 2752 qnidam
684 2661 889 2745 sacerdotes,
912 2662 994 2752 qaia
1018 2685 1073 2731 cos
1089 2663 1193 2750 elegit
1210 2664 1313 2731 labve
1332 2671 1366 2732 et
1382 2664 1428 2732 ad
1442 2686 1501 2733 eos

180 2777 310 2863 spectat
336 2792 472 2838 summa
498 2766 610 2835 omnis
632 2766 900 2857 disceptationis,
926 2774 1103 2858 tamquam
1127 2770 1172 2838 ad
1198 2770 1352 2839 tribunal
1376 2793 1500 2862 supre-

182 2901 276 2946 mum
293 2877 402 2967 (1¹1‚9;
423 2875 549 2963 19,17),
563 2879 596 2941 et
609 2873 786 2963 speciatim
801 2874 944 2941 materia
959 2876 1185 2964 percussionis
1199 2878 1255 2967 (ci.
1271 2883 1368 2946 Num.
1380 2884 1496 2960 3535.

181 2987 250 3073 28).
269 2988 342 3049 Non
363 2989 480 3049 tamen
495 2979 660 3047 accedunt
675 2979 720 3046 ad
739 2979 944 3048 sententiam
962 2982 1153 3066 ferendam,
1171 3006 1249 3050 cum
1261 2983 1356 3052 nulla
1367 2984 1500 3052 leretur

99 3071 103 3078 ⁵
180 3091 360 3170 sententia,
376 3087 434 3154 sed
450 3085 495 3152 ad
510 3084 793 3152 contestationem
807 3085 1027 3155 audiendam.
1044 3093 1116 3156 Non
1129 3090 1245 3178 agitur
1258 3091 1301 3159 de
1314 3090 1500 3158 sacerdoti-

181 3198 246 3264 bus
269 3219 289 3262 a
309 3192 503 3261 sanctuario
526 3188 673 3257 maximo
692 3192 912 3277 arcessendis,
929 3193 990 3260 sed
1006 3193 1049 3262 de
1070 3197 1304 3265 sacerdotibus
1318 3220 1427 3288 prope
1446 3197 1501 3265 lo-

181 3325 259 3371 cum
274 3299 454 3369 homicidii
465 3298 501 3365 in
517 3297 663 3364 urbibus
677 3297 919 3367 incolentibus.
933 3303 1052 3368 Orator
1065 3303 1102 3369 in
1116 3305 1305 3371 sacerdotes
1319 3326 1391 3371 non
1406 3304 1501 3373 Levi-

180 3415 231 3477 tas
248 3431 317 3476 non
335 3407 523 3489 invehitur,
545 3404 603 3472 sed
623 3403 818 3472 sacerdotes
838 3406 970 3474 Levitas
988 3406 1063 3475 illis'
1079 3410 1219 3478 omnino
1240 3411 1399 3492 antefert,
1423 3435 1500 3479 eer-

179 3523 299 3606 tasque
316 3534 434 3582 causas
448 3512 517 3579 illis
533 3533 707 3580 reservare
720 3511 844 3581 studet.
862 3535 895 3581 v.
914 3520 933 3580 6
956 3542 971 3573 «
989 3517 1034 3581 Et
1052 3517 1222 3583 venient»
1244 3541 1359 3585 omnes
1380 3547 1397 3580 «
1424 3541 1500 3586 ma·

96 3646 100 3653 ’
179 3625 266 3690 iores
288 3634 373 3688 nata
396 3619 547 3687 civitatis
571 3617 666 3685 iltius
689 3617 738 3684 ad
755 3620 970 3708 intersectum
997 3650 1028 3705 n,
1046 3662 1089 3671 —
1107 3623 1166 3690 sed
1187 3629 1280 3692 verte
1304 3647 1312 3693 ε
1337 3625 1401 3715 qai
1416 3639 1500 3692 sunt

77 3814 79 3818 μ
172 3751 281 3820 prope
300 3726 458 3805 occisam,
481 3726 574 3815 quod
593 3724 686 3791 idem
703 3730 869 3816 astatque
888 3749 921 3794 v.
940 3734 958 3793 3
977 3728 1109 3814 civitas,
1127 3753 1215 3820 quae
1230 3731 1385 3821 proxime
1400 3732 1499 3800 abest

178 3836 222 3903 ab
243 3834 364 3903 occiso.
385 3838 467 3900 [tum
491 3831 675 3917 diligenter
695 3831 789 3921 (los.)
807 3831 843 3899 in
859 3833 1043 3901 occisorem
1064 3836 1317 3927 inquirebatur,
1335 3837 1499 3907 distantia

179 3943 318 4010 urbium
344 3937 576 4008 definiebatur
606 3942 685 4017 etc,
710 3937 857 4006 cadaver
885 3930 1024 4027 tortasse
1056 3941 1126 4010 iam
1158 3945 1269 4012 fuerat
1297 3944 1498 4035 sepulturae

179 4050 393 4116 mandatum.
417 4046 478 4123 Qui
493 4066 574 4110 vero
590 4043 798 4112 describitur
811 4045 910 4130 ritus,
927 4047 964 4114 in
979 4049 1069 4116 valle
1084 4049 1141 4117 illa
1156 4050 1300 4134 deserta,
1318 4073 1427 4142 prope
1441 4074 1496 4120 ca·

178 4154 283 4220 darer
295 4175 417 4220 vaccae
429 4157 462 4218 et
476 4155 662 4217 torrentem
674 4152 957 4239 peragebatur—
974 4183 989 4217 κ
1003 4155 1232 4248 lavabuntque
1241 4181 1364 4225 aranas
1378 4182 1460 4226 suas
1477 4188 1494 4221 n

179 4259 318 4326 nomine
333 4259 436 4325 totius
451 4279 555 4347 quam
577 4257 882 4346 repraesentabant
900 4262 1008 4346 urbis,
1028 4292 1044 4323 a
1062 4286 1162 4354 super
1173 4264 1332 4344 citatam,
1350 4288 1439 4357 qaae
1457 4265 1495 4333 ia

89 4365 92 4373 '
179 4365 266 4433 calle
278 4387 440 4455 percussa
453 4377 500 4430 est
516 4392 545 4431 n.
561 4369 606 4431 Ex
627 4364 679 4431 his
696 4364 849 4436 intimius
864 4366 955 4435 disce
971 4369 1072 4437 huius
1088 4370 1174 4440 ritus
1192 4371 1493 4460 significationem.

179 4478 266 4560 Lege
286 4470 422 4539 talionis
439 4470 561 4537 occisio
583 4471 710 4538 luenda
727 4477 800 4539 erat
821 4479 930 4542 morte
946 4477 1124 4560 occisoris;
1147 4486 1182 4546 at
1198 4478 1226 4546 is
1245 4479 1493 4566 ignorabatur3

178 4587 291 4649 reatus
306 4601 410 4670 porro
424 4579 459 4644 in
473 4577 561 4646 cives
576 4577 750 4667 proximae
767 4580 863 4648 urbis
880 4581 1089 4667 devolvitur,
1105 4587 1190 4652 athi
1204 4592 1282 4654 sunt
1296 4585 1497 4656 innocentes

178 4711 344 4778 suamque
367 4685 599 4754 innocentiam
623 4684 821 4754 solemniter
843 4688 1033 4772 affirmant3
1061 4713 1142 4779 ergo
1162 4693 1211 4761 eis
1228 4693 1438 4777 conceditur,
1456 4701 1496 4764 ut
