3366 5346
177 251 216 310 40
728 260 937 305 luraouuurro.

179 398 374 466 narratione
396 402 547 476 31,1-13.
574 394 675 462 Cuius
694 393 743 461 rei
766 394 990 484 praecipuum
1009 400 1253 482 argumentum
1273 394 1373 461 stilus
1389 399 1440 462 est
1459 393 1499 462 in

180 505 272 571 hisce
291 504 462 594 pericopis
481 501 641 568 omnibus
659 501 749 568 idem
770 505 816 591 (p.
843 508 905 568 106
924 501 1029 591 sqq).
1053 506 1237 569 Enumerat
1261 524 1307 568 so.
1331 507 1412 569 Kue.
1436 523 1496 568 ex·

180 613 370 702 pressiones
391 615 444 693 tt),
467 631 555 698 quae
570 609 789 698 reperiantur
802 607 840 674 in
852 608 1074 691 collectaneo,
1091 614 1125 677 et
1140 631 1228 698 quae
1243 630 1424 698 nunquam
1439 607 1498 674 vel

179 740 257 785 raro
277 722 411 784 tantum
427 715 645 805 reperiantur
658 715 694 781 in
708 714 863 803 partibus
874 714 1095 803 pentateuchi
1111 737 1179 781 non
1190 713 1493 782 deuteronomiois.

180 829 304 892 llorum
325 824 526 890 idiomatum
547 828 588 887 27
608 823 828 910 reperiuntur
842 821 924 887 item
943 821 979 887 in
996 821 1155 913 pericope
1176 845 1251 911 cap.
1276 828 1369 905 5-11,
1388 821 1457 888 alia
1474 825 1496 888 8

181 932 218 997 in
235 930 352 997 eadem
373 928 474 995 scribi
488 951 559 994 non
572 933 714 1018 potuere
730 933 872 1018 propter
885 928 1074 995 subiectam
1090 929 1270 995 materiam
1289 949 1297 995 τ
1315 950 1399 1016 ergo
1415 951 1433 995 e
1451 933 1496 994 to

181 1041 366 1127 supersunt
385 1042 571 1115 5tantum,
597 1057 683 1123 quae
704 1034 741 1099 in
760 1033 968 1101 collectaneo
989 1035 1164 1120 leguntur,
1188 1035 1223 1101 in
1241 1035 1400 1125 pericope
1414 1057 1493 1124 cap.

179 1150 258 1211 5-11
276 1148 391 1209 autem
406 1142 656 1208 desiderantur.
675 1145 745 1218 Quo
758 1140 846 1208 illud
857 1141 947 1207 effici
957 1141 1145 1208 arbitratur
1160 1146 1257 1221 Rue,
1273 1143 1403 1209 habere
1419 1143 1497 1231 qui·

180 1249 260 1317 dem
277 1251 524 1316 collectaneum
543 1247 659 1337 plures
678 1248 841 1314 terminos
860 1247 1024 1315 iuridioos
1045 1247 1212 1338 aliosque,
1230 1271 1377 1339 quorum
1396 1247 1497 1315 adhi-

181 1356 372 1423 bendorum
392 1378 467 1445 cap.
491 1361 569 1421 5-11
591 1360 749 1421 nouerat
771 1354 919 1437 occasio;
937 1354 995 1420 sed
1011 1353 1064 1420 his
1083 1355 1329 1444 praetermissis
1344 1354 1495 1422 cundem

180 1485 251 1530 esse
277 1462 393 1530 stilum
422 1464 604 1552 pericopae
631 1483 706 1550 cap.
729 1467 805 1528 5-11
833 1467 866 1528 et
891 1461 1101 1528 collectanei.
1123 1467 1167 1529 De
1193 1462 1271 1529 stilo
1296 1461 1496 1530 collectanei

183 1589 325 1656 agemus
345 1569 446 1635 infra.
468 1569 606 1634 lnterim
632 1572 833 1655 argumento
857 1572 937 1634 llue.
959 1567 1163 1657 opponimus
1182 1568 1288 1635 verba
1312 1568 1433 1634 Wellh.
1455 1571 1491 1636 C.

184 1700 218 1766 p.
234 1681 297 1742 195
315 1697 322 1743 :
343 1702 358 1736 u
371 1681 438 1742 Eae
448 1674 599 1765 phrases,
613 1696 701 1764 quae
712 1674 779 1740 stili
791 1665 1061 1741 deuteronomiei
1071 1680 1150 1741 sunt
1160 1675 1308 1741 maxime
1319 1674 1492 1764 propriae,

183 1782 221 1849 in
243 1786 338 1849 Dent.
364 1781 572 1871 primigenio
589 1803 663 1866 cap.
695 1787 793 1846 12-26
814 1782 977 1868 leguntur
1000 1781 1111 1847 rarius
1135 1803 1240 1870 quam
1261 1780 1344 1848 alibi
1364 1786 1407 1861 et,
1432 1780 1495 1846 ubi

181 1888 355 1975 leguntur,
373 1888 531 1954 videntur
551 1909 621 1954 csse
636 1887 782 1976 scriptae
803 1885 847 1952 ab
862 1892 1000 1954 auctore
1018 1909 1093 1977 cap.
1112 1894 1201 1967 5-11,
1220 1887 1280 1977 qui
1296 1910 1370 1977 cap.
1391 1892 1494 1953 1⁸23ss

179 1994 377 2062 retractavit
396 2023 423 2060 a.
446 1998 536 2071 Quae
552 1993 852 2060 verbauniversim
868 2016 948 2061 vera
961 2015 1030 2060 esse
1043 1995 1132 2060 iufra
1145 1993 1374 2060 ostendemus.
1391 1997 1492 2080 Ergo,

182 2102 300 2191 siquis
321 2105 457 2190 praeter
478 2100 724 2167 collectaneum
742 2100 888 2167 voluerit
912 2105 1010 2167 Deut⁰
1032 2100 1241 2190 primigenio
1259 2100 1343 2166 alias
1362 2100 1496 2188 aliquas

182 2209 362 2298 pericopas
379 2229 568 2285 accensere,
591 2228 660 2273 non
680 2206 804 2294 poterit
821 2212 1062 2290 argumentum
1083 2213 1200 2296 petere
1219 2229 1237 2271 e
1256 2206 1326 2272 stili
1350 2207 1386 2272 in
1403 2206 1496 2272 hisee

184 2312 344 2380 omnibus
361 2313 529 2379 affinitate
546 2312 665 2378 :stilus
683 2313 881 2379 collectanei
901 2311 1014 2379 ditl'ert
1032 2335 1051 2380 a
1071 2313 1147 2380 stilo
1164 2319 1236 2379 tam
1256 2333 1387 2394 eorum,
1405 2334 1495 2400 quae

183 2418 405 2510 praecedunt,
424 2441 525 2507 quam
540 2441 628 2508 quae
642 2424 844 2507 sequuntur,
857 2419 937 2484 licet
953 2420 1090 2485 tortasse
1103 2420 1229 2486 horum
1243 2420 1337 2485 stilus
1349 2417 1391 2484 sit
1401 2416 1494 2483 idem

185 2532 288 2614 atque
303 2525 400 2592 stilus
414 2548 482 2592 non
497 2525 708 2607 collectanei,
726 2525 784 2591 sed
804 2525 1006 2591 collectoris.
1027 2530 1092 2591 Aut
1111 2523 1347 2592 retractaverit
1364 2527 1495 2589 textum

184 2633 378 2700 orationum
397 2631 515 2721 Moysis
535 2633 707 2712 collector,
729 2638 788 2698 aut
809 2654 908 2698 suum
928 2632 1044 2699 stilum
1065 2653 1183 2698 carum
1207 2632 1283 2699 stilo
1304 2631 1498 2698 conforma-

183 2740 270 2807 verit
287 2758 296 2806 :
312 2741 417 2830 ipsius
434 2738 634 2806 collectanei
650 2739 744 2806 stilus
763 2739 807 2805 ab
824 2739 947 2805 harum
969 2739 1046 2805 stilo
1066 2739 1222 2805 diversus
1241 2760 1311 2806 esse
1332 2736 1498 2804 dicendus

183 2853 243 2928 est,
262 2847 507 2913 collectaneum
523 2846 592 2912 alio
608 2853 710 2935 atque
725 2845 811 2910 haee
829 2867 913 2911 aevo
929 2849 1048 2910 natum
1069 2851 1129 2912 est.

226 2953 435 3018 Sententiam
451 2951 574 3016 Wellh.
592 2952 717 3039 partim
738 2950 897 3038 complet,
915 2953 1042 3039 partim
1064 2953 1168 3017 etiam
1188 2950 1332 3037 corrigit
1352 2954 1498 3018 Conmm

180 3081 215 3146 p.
239 3062 281 3122 lt
296 3079 372 3145 sqq.
388 3060 521 3122 Partem
535 3054 627 3122 Deut¹
641 3055 851 3144 potissimam
868 3057 970 3122 etiam
991 3058 1063 3146 ipse
1083 3062 1198 3124 censet
1220 3058 1379 3147 primitus
1398 3056 1499 3123 fuisse

184 3162 445 3229 collectaneum.
464 3167 584 3243 llonet,
599 3162 726 3228 librum
746 3163 789 3228 ab
811 3162 924 3229 Heleia
943 3168 1116 3253 repertum
1140 3186 1210 3231 non
1231 3166 1333 3231 fuisse
1352 3183 1499 3250 magnae

187 3268 298 3349 molis,
317 3267 410 3358 quod
425 3268 478 3334 bis
496 3290 565 3335 uno
580 3269 634 3335 die
654 3267 695 3356 (l)
711 3274 801 3335 totus
820 3269 865 3335 sit
882 3270 1062 3359 perlectus,
1078 3271 1186 3337 semel
1207 3293 1226 3336 a
1241 3271 1379 3359 Saphan
1393 3269 1500 3336 lectus

185 3375 223 3443 in
244 3374 385 3465 templo,
407 3375 489 3442 dein
506 3375 686 3442 abeodem
706 3376 897 3465 praelectus
912 3376 998 3462 regi.
1020 3381 1128 3443 llonet
1147 3378 1229 3443 item
1247 3378 1387 3458 librum,
1404 3376 1499 3464 quod

184 3498 283 3548 unna
299 3497 360 3550 uno
373 3482 578 3573 appelletur,
594 3481 752 3549 debuisse
764 3482 902 3549 tandem
917 3483 1045 3549 habere
1059 3483 1150 3573 lepcs
1166 3484 1241 3571 (cur
1253 3506 1324 3550 non
1340 3482 1496 3572 lcqemffi.

185 3590 252 3656 Sed
268 3589 361 3656 illico
376 3590 412 3654 in
435 3589 643 3656 collectaneo
658 3589 820 3656 discernit
835 3588 975 3671 Cornill,
999 3612 1087 3679 quae
1109 3590 1221 3657 varios
1242 3595 1397 3656 auctores
1417 3611 1499 3679 pro·

185 3695 280 3762 dant.
309 3694 403 3772 Quod
428 3716 490 3760 nos
514 3696 700 3782 universim
734 3694 960 3762 lubentissimi
990 3696 1225 3775 concedimus;
1251 3696 1499 3763 collectaneum

184 3800 312 3892 quippe
326 3801 427 3867 variis
442 3806 572 3867 constat
587 3801 797 3869 documentis
811 3824 830 3868 e
848 3801 951 3868 variis
968 3802 1118 3869 lontibus
1133 3803 1259 3893 petitis.
1278 3803 1385 3870 Sentit
1399 3823 1499 3891 prae·

184 3918 278 3975 terea
299 3906 437 3988 Cornill,
459 3928 529 3974 non
550 3908 597 3974 ita
616 3908 837 3976 vehementer
856 3910 1142 3977 commovendum
1162 3911 1263 3977 fuisse
1283 3910 1405 3976 losiam
1426 3908 1501 3975 sola

186 4014 387 4081 collectanei
411 4014 574 4095 lectione;
595 4023 710 4081 monet
730 4021 748 4081 t
770 4020 1032 4103 negaras-19
1053 4019 1251 4084 annuntiari
1270 4015 1500 4083 infortunium

185 4119 372 4210 quoddam,
395 4120 488 4208 quod
506 4120 542 4185 in
559 4120 647 4186 libro
668 4120 728 4187 illo
750 4127 886 4210 reperto
902 4145 1098 4214 expressum
1119 4123 1310 4192 inflicturus
1331 4123 1374 4189 sit
1395 4122 1500 4188 lahve
1522 4156 1525 4160 ·

186 4225 313 4292 civitati
336 4225 529 4294 Ierusalem.
551 4232 658 4304 Quare
680 4226 808 4293 Cornill
827 4234 925 4295 Deut⁰
941 4229 1149 4318 primigenio
1169 4231 1309 4298 concedi
1331 4229 1501 4320 permittit

187 4353 262 4422 cap.
280 4339 334 4415 28,
352 4354 422 4398 non
442 4338 552 4399 totum
572 4333 632 4401 sed
652 4335 795 4400 fortasse
811 4357 842 4400 v.
867 4341 1075 4418 1-25aa-t5,
1094 4340 1131 4401 ut
1147 4341 1262 4404 tantus
1282 4338 1353 4402 sere
1371 4335 1501 4402 habea-

185 4444 242 4506 tur
263 4438 305 4505 de
330 4438 631 4508 maledictionibus
656 4462 781 4523 sermo,
806 4447 955 4532 quantus
975 4465 1008 4512 v.
1037 4449 1112 4510 1-1t
1137 4443 1180 4509 de
1201 4442 1502 4509 benedictionibus

183 4545 388 4614 habebatur.
413 4546 594 4629 Permittit,
618 4547 773 4637 inquam,
797 4571 907 4640 neque
930 4550 1022 4616 enim
1042 4571 1114 4616 rem
1138 4549 1272 4632 definit,
1294 4550 1353 4616 sed
1375 4547 1503 4617 dubius

184 4652 314 4721 haeret.
339 4658 458 4722 Censet
478 4652 574 4736 item,
590 4657 686 4724 Dent.
704 4655 915 4743 primitivum
940 4655 1098 4724 debuisse
1122 4656 1250 4723 habere
1272 4657 1412 4745 aliquod
1433 4657 1502 4723 col·
