<?xml version="1.0" encoding="UTF-8"?>
<!DOCTYPE html PUBLIC "-//W3C//DTD XHTML 1.0 Transitional//EN"
    "http://www.w3.org/TR/xhtml1/DTD/xhtml1-transitional.dtd">
<html xmlns="http://www.w3.org/1999/xhtml" xml:lang="en" lang="en">
 <head>
  <title>
</title>
<meta http-equiv="Content-Type" content="text/html;charset=utf-8" />
  <meta name='ocr-system' content='tesseract 3.04.00' />
  <meta name='ocr-capabilities' content='ocr_page ocr_carea ocr_par ocr_line ocrx_word'/>
</head>
<body>
  <div class='ocr_page' id='page_1' title='image "./commentariusind00hummgoog/commentariusind00hummgoog_0089.png"; bbox 0 0 3366 5346; ppageno 0'>
   <div class='ocr_carea' id='block_1_1' title="bbox 177 280 942 339">
    <p class='ocr_par' dir='ltr' id='par_1_1' title="bbox 177 280 942 339">
     <span class='ocr_line' id='line_1_1' title="bbox 177 280 942 339; baseline -0.004 -2"><span class='ocrx_word' id='word_1_1' title='bbox 177 280 215 339; x_wconf 74' lang='lat' dir='ltr'><strong>te</strong></span> <span class='ocrx_word' id='word_1_2' title='bbox 728 293 942 339; x_wconf 76' lang='lat' dir='ltr'><strong>turnonucrro.</strong></span> 
     </span>
    </p>
   </div>
   <div class='ocr_carea' id='block_1_2' title="bbox 156 424 1565 4774">
    <p class='ocr_par' dir='ltr' id='par_1_2' title="bbox 177 424 1498 622">
     <span class='ocr_line' id='line_1_2' title="bbox 220 424 1498 517; baseline 0.001 -24"><span class='ocrx_word' id='word_1_3' title='bbox 220 434 252 493; x_wconf 88' lang='lat'><strong>9.</strong></span> <span class='ocrx_word' id='word_1_4' title='bbox 285 432 395 494; x_wconf 89' lang='lat' dir='ltr'><strong>Manet</strong></span> <span class='ocrx_word' id='word_1_5' title='bbox 419 427 590 516; x_wconf 89' lang='lat' dir='ltr'><strong>quaestio,</strong></span> <span class='ocrx_word' id='word_1_6' title='bbox 613 449 659 494; x_wconf 94' lang='lat' dir='ltr'><strong>an</strong></span> <span class='ocrx_word' id='word_1_7' title='bbox 687 433 825 517; x_wconf 89' lang='lat' dir='ltr'><strong>praeter</strong></span> <span class='ocrx_word' id='word_1_8' title='bbox 852 424 1037 494; x_wconf 88' lang='lat' dir='ltr'><strong>secundam</strong></span> <span class='ocrx_word' id='word_1_9' title='bbox 1060 425 1249 492; x_wconf 89' lang='lat' dir='ltr'><strong>orationem</strong></span> <span class='ocrx_word' id='word_1_10' title='bbox 1279 424 1349 493; x_wconf 92' lang='lat' dir='ltr'><strong>alia</strong></span> <span class='ocrx_word' id='word_1_11' title='bbox 1376 424 1498 517; x_wconf 86' lang='lat' dir='ltr'><strong>aliqua</strong></span> 
     </span>
     <span class='ocr_line' id='line_1_3' title="bbox 177 533 923 622; baseline -0.001 -23"><span class='ocrx_word' id='word_1_12' title='bbox 177 534 339 601; x_wconf 88' lang='lat' dir='ltr'><strong>habuerit</strong></span> <span class='ocrx_word' id='word_1_13' title='bbox 358 533 415 599; x_wconf 89' lang='lat' dir='ltr'><strong>ille</strong></span> <span class='ocrx_word' id='word_1_14' title='bbox 431 533 521 600; x_wconf 90' lang='lat' dir='ltr'><strong>liber</strong></span> <span class='ocrx_word' id='word_1_15' title='bbox 534 556 554 600; x_wconf 93' lang='lat' dir='ltr'><strong>a</strong></span> <span class='ocrx_word' id='word_1_16' title='bbox 569 539 679 621; x_wconf 83' lang='lat' dir='ltr'>Moyse</span> <span class='ocrx_word' id='word_1_17' title='bbox 700 533 923 622; x_wconf 88' lang='lat' dir='ltr'><strong>conscriptus.</strong></span> 
     </span>
    </p>

    <p class='ocr_par' dir='ltr' id='par_1_3' title="bbox 176 637 1498 1579">
     <span class='ocr_line' id='line_1_4' title="bbox 221 637 1498 729; baseline -0.002 -21"><span class='ocrx_word' id='word_1_18' title='bbox 221 641 417 708; x_wconf 73' lang='lat' dir='ltr'>Orationem</span> <span class='ocrx_word' id='word_1_19' title='bbox 450 640 597 729; x_wconf 81' lang='lat' dir='ltr'><strong>primam</strong></span> <span class='ocrx_word' id='word_1_20' title='bbox 629 646 664 707; x_wconf 91' lang='grc'><strong>61</strong></span> <span class='ocrx_word' id='word_1_21' title='bbox 691 640 869 706; x_wconf 82' lang='lat' dir='ltr'><strong>historiam</strong></span> <span class='ocrx_word' id='word_1_22' title='bbox 899 637 1040 705; x_wconf 89' lang='lat' dir='ltr'><strong>secundi</strong></span> <span class='ocrx_word' id='word_1_23' title='bbox 1069 637 1361 705; x_wconf 85' lang='lat' dir='ltr'><strong>foederiscodem</strong></span> <span class='ocrx_word' id='word_1_24' title='bbox 1390 645 1498 728; x_wconf 92' lang='lat' dir='ltr'><strong>atque</strong></span> 
     </span>
     <span class='ocr_line' id='line_1_5' title="bbox 176 744 1496 824; baseline -0.002 -9"><span class='ocrx_word' id='word_1_25' title='bbox 176 747 363 815; x_wconf 88' lang='lat' dir='ltr'><strong>secundam</strong></span> <span class='ocrx_word' id='word_1_26' title='bbox 389 748 579 814; x_wconf 91' lang='lat' dir='ltr'><strong>orationem</strong></span> <span class='ocrx_word' id='word_1_27' title='bbox 603 745 681 813; x_wconf 90' lang='lat' dir='ltr'><strong>stilo</strong></span> <span class='ocrx_word' id='word_1_28' title='bbox 707 768 779 813; x_wconf 87' lang='lat' dir='ltr'><strong>esse</strong></span> <span class='ocrx_word' id='word_1_29' title='bbox 803 750 968 824; x_wconf 80' lang='lat' dir='ltr'><strong>exaratas,</strong></span> <span class='ocrx_word' id='word_1_30' title='bbox 993 744 1143 811; x_wconf 86' lang='lat' dir='ltr'><strong>latentur</strong></span> <span class='ocrx_word' id='word_1_31' title='bbox 1164 746 1267 812; x_wconf 89' lang='lat' dir='ltr'><strong>etiam</strong></span> <span class='ocrx_word' id='word_1_32' title='bbox 1294 744 1414 813; x_wconf 87' lang='lat' dir='ltr'><strong>critici.</strong></span> <span class='ocrx_word' id='word_1_33' title='bbox 1441 748 1496 812; x_wconf 82' lang='lat' dir='ltr'><strong>m-</strong></span> 
     </span>
     <span class='ocr_line' id='line_1_6' title="bbox 178 851 1497 941; baseline -0.001 -21"><span class='ocrx_word' id='word_1_34' title='bbox 178 853 272 921; x_wconf 89' lang='lat' dir='ltr'><strong>ficiat</strong></span> <span class='ocrx_word' id='word_1_35' title='bbox 288 852 390 934; x_wconf 90' lang='lat' dir='ltr'><strong>istud,</strong></span> <span class='ocrx_word' id='word_1_36' title='bbox 407 853 578 920; x_wconf 90' lang='lat' dir='ltr'><strong>orationes</strong></span> <span class='ocrx_word' id='word_1_37' title='bbox 592 853 713 920; x_wconf 90' lang='lat' dir='ltr'><strong>eodem</strong></span> <span class='ocrx_word' id='word_1_38' title='bbox 733 874 804 919; x_wconf 90' lang='lat' dir='ltr'><strong>esse</strong></span> <span class='ocrx_word' id='word_1_39' title='bbox 824 874 907 919; x_wconf 86' lang='lat' dir='ltr'><strong>aevo</strong></span> <span class='ocrx_word' id='word_1_40' title='bbox 922 856 1022 918; x_wconf 89' lang='lat' dir='ltr'><strong>natas</strong></span> <span class='ocrx_word' id='word_1_41' title='bbox 1041 857 1144 941; x_wconf 89' lang='lat' dir='ltr'><strong>atque</strong></span> <span class='ocrx_word' id='word_1_42' title='bbox 1162 851 1206 917; x_wconf 93' lang='lat' dir='ltr'><strong>ab</strong></span> <span class='ocrx_word' id='word_1_43' title='bbox 1222 851 1344 918; x_wconf 90' lang='lat' dir='ltr'><strong>eodem</strong></span> <span class='ocrx_word' id='word_1_44' title='bbox 1357 857 1497 919; x_wconf 87' lang='lat' dir='ltr'><strong>auctore</strong></span> 
     </span>
     <span class='ocr_line' id='line_1_7' title="bbox 179 958 1497 1049; baseline -0.001 -24"><span class='ocrx_word' id='word_1_45' title='bbox 179 961 347 1049; x_wconf 87' lang='lat' dir='ltr'><strong>profectas</strong></span> <span class='ocrx_word' id='word_1_46' title='bbox 370 960 426 1026; x_wconf 88' lang='lat' dir='ltr'><strong>vel</strong></span> <span class='ocrx_word' id='word_1_47' title='bbox 447 959 491 1026; x_wconf 91' lang='lat' dir='ltr'><strong>ab</strong></span> <span class='ocrx_word' id='word_1_48' title='bbox 521 960 644 1026; x_wconf 91' lang='lat' dir='ltr'><strong>eodem</strong></span> <span class='ocrx_word' id='word_1_49' title='bbox 677 960 841 1048; x_wconf 75' lang='lat' dir='ltr'><strong>scriptore</strong></span> <span class='ocrx_word' id='word_1_50' title='bbox 862 979 933 1025; x_wconf 88' lang='lat' dir='ltr'><strong>esse</strong></span> <span class='ocrx_word' id='word_1_51' title='bbox 958 962 1159 1024; x_wconf 86' lang='lat' dir='ltr'><strong>retractatas</strong></span> <span class='ocrx_word' id='word_1_52' title='bbox 1178 981 1186 1026; x_wconf 93' lang='lat'><strong>:</strong></span> <span class='ocrx_word' id='word_1_53' title='bbox 1208 979 1280 1026; x_wconf 89' lang='lat' dir='ltr'><strong>non</strong></span> <span class='ocrx_word' id='word_1_54' title='bbox 1305 958 1422 1037; x_wconf 82' lang='lat' dir='ltr'><strong>eflicit,</strong></span> <span class='ocrx_word' id='word_1_55' title='bbox 1438 980 1497 1026; x_wconf 86' lang='lat' dir='ltr'><strong>eas</strong></span> 
     </span>
     <span class='ocr_line' id='line_1_8' title="bbox 179 1063 1497 1152; baseline -0.001 -20"><span class='ocrx_word' id='word_1_56' title='bbox 179 1089 197 1132; x_wconf 87' lang='lat' dir='ltr'><strong>a</strong></span> <span class='ocrx_word' id='word_1_57' title='bbox 217 1070 326 1152; x_wconf 90' lang='lat' dir='ltr'><strong>Moyse</strong></span> <span class='ocrx_word' id='word_1_58' title='bbox 347 1067 383 1132; x_wconf 91' lang='lat' dir='ltr'><strong>iu</strong></span> <span class='ocrx_word' id='word_1_59' title='bbox 408 1086 514 1132; x_wconf 93' lang='lat' dir='ltr'><strong>unum</strong></span> <span class='ocrx_word' id='word_1_60' title='bbox 538 1087 656 1132; x_wconf 91' lang='lat' dir='ltr'><strong>omnes</strong></span> <span class='ocrx_word' id='word_1_61' title='bbox 681 1064 811 1131; x_wconf 91' lang='lat' dir='ltr'><strong>librum</strong></span> <span class='ocrx_word' id='word_1_62' title='bbox 838 1086 907 1132; x_wconf 90' lang='lat' dir='ltr'><strong>esse</strong></span> <span class='ocrx_word' id='word_1_63' title='bbox 932 1068 1124 1151; x_wconf 88' lang='lat' dir='ltr'><strong>congestas.</strong></span> <span class='ocrx_word' id='word_1_64' title='bbox 1148 1063 1290 1130; x_wconf 90' lang='lat' dir='ltr'><strong>Mabitae</strong></span> <span class='ocrx_word' id='word_1_65' title='bbox 1314 1070 1393 1133; x_wconf 89' lang='lat' dir='ltr'><strong>sunt</strong></span> <span class='ocrx_word' id='word_1_66' title='bbox 1420 1064 1497 1132; x_wconf 91' lang='lat' dir='ltr'><strong>aliis</strong></span> 
     </span>
     <span class='ocr_line' id='line_1_9' title="bbox 180 1169 1498 1261; baseline -0.001 -23"><span class='ocrx_word' id='word_1_67' title='bbox 180 1194 285 1261; x_wconf 92' lang='lat' dir='ltr'><strong>quam</strong></span> <span class='ocrx_word' id='word_1_68' title='bbox 309 1170 459 1237; x_wconf 89' lang='lat' dir='ltr'><strong>secunda</strong></span> <span class='ocrx_word' id='word_1_69' title='bbox 483 1171 591 1236; x_wconf 93' lang='lat' dir='ltr'><strong>oratio</strong></span> <span class='ocrx_word' id='word_1_70' title='bbox 610 1169 730 1260; x_wconf 91' lang='lat' dir='ltr'><strong>populi</strong></span> <span class='ocrx_word' id='word_1_71' title='bbox 747 1169 986 1252; x_wconf 85' lang='lat' dir='ltr'><strong>concionibus,</strong></span> <span class='ocrx_word' id='word_1_72' title='bbox 1003 1171 1032 1236; x_wconf 94' lang='lat' dir='ltr'><strong>is</strong></span> <span class='ocrx_word' id='word_1_73' title='bbox 1055 1170 1150 1237; x_wconf 88' lang='lat' dir='ltr'><strong>euim</strong></span> <span class='ocrx_word' id='word_1_74' title='bbox 1173 1177 1222 1237; x_wconf 91' lang='lat' dir='ltr'><strong>est</strong></span> <span class='ocrx_word' id='word_1_75' title='bbox 1241 1193 1358 1239; x_wconf 91' lang='lat' dir='ltr'><strong>sensus</strong></span> <span class='ocrx_word' id='word_1_76' title='bbox 1374 1171 1498 1237; x_wconf 88' lang='lat' dir='ltr'><strong>obvius</strong></span> 
     </span>
     <span class='ocr_line' id='line_1_10' title="bbox 182 1275 1493 1366; baseline 0.002 -25"><span class='ocrx_word' id='word_1_77' title='bbox 182 1278 367 1344; x_wconf 84' lang='lat' dir='ltr'><strong>verborum</strong></span> <span class='ocrx_word' id='word_1_78' title='bbox 395 1283 470 1360; x_wconf 88' lang='lat'><strong>5,1;</strong></span> <span class='ocrx_word' id='word_1_79' title='bbox 501 1283 580 1357; x_wconf 54' lang='lat'><strong>292</strong></span> <span class='ocrx_word' id='word_1_80' title='bbox 608 1276 656 1366; x_wconf 89' lang='lat'><strong>(1)</strong></span> <span class='ocrx_word' id='word_1_81' title='bbox 681 1300 687 1346; x_wconf 95' lang='lat'><strong>:</strong></span> <span class='ocrx_word' id='word_1_82' title='bbox 714 1306 730 1337; x_wconf 87' lang='lat'>«</span> <span class='ocrx_word' id='word_1_83' title='bbox 757 1276 962 1366; x_wconf 72' lang='lat' dir='ltr'><strong>vocavitque</strong></span> <span class='ocrx_word' id='word_1_84' title='bbox 996 1281 1122 1363; x_wconf 81' lang='lat' dir='ltr'><strong>Moyses</strong></span> <span class='ocrx_word' id='word_1_85' title='bbox 1155 1298 1291 1343; x_wconf 90' lang='lat' dir='ltr'><strong>omnem</strong></span> <span class='ocrx_word' id='word_1_86' title='bbox 1322 1275 1493 1357; x_wconf 88' lang='lat' dir='ltr'><strong>lsraelem,</strong></span> 
     </span>
     <span class='ocr_line' id='line_1_11' title="bbox 180 1382 1497 1472; baseline 0.001 -23"><span class='ocrx_word' id='word_1_87' title='bbox 180 1389 213 1449; x_wconf 91' lang='lat' dir='ltr'><strong>et</strong></span> <span class='ocrx_word' id='word_1_88' title='bbox 233 1382 318 1450; x_wconf 83' lang='lat' dir='ltr'><strong>dixit</strong></span> <span class='ocrx_word' id='word_1_89' title='bbox 339 1382 384 1449; x_wconf 91' lang='lat' dir='ltr'><strong>ad</strong></span> <span class='ocrx_word' id='word_1_90' title='bbox 402 1405 460 1449; x_wconf 90' lang='lat' dir='ltr'><strong>eos</strong></span> <span class='ocrx_word' id='word_1_91' title='bbox 480 1410 511 1450; x_wconf 84' lang='lat'><strong>».</strong></span> <span class='ocrx_word' id='word_1_92' title='bbox 537 1383 603 1450; x_wconf 87' lang='lat' dir='ltr'><strong>Sed</strong></span> <span class='ocrx_word' id='word_1_93' title='bbox 627 1389 770 1472; x_wconf 89' lang='lat' dir='ltr'><strong>potuere</strong></span> <span class='ocrx_word' id='word_1_94' title='bbox 790 1382 893 1449; x_wconf 91' lang='lat' dir='ltr'><strong>ctiam</strong></span> <span class='ocrx_word' id='word_1_95' title='bbox 913 1383 1089 1450; x_wconf 88' lang='lat' dir='ltr'><strong>variarum</strong></span> <span class='ocrx_word' id='word_1_96' title='bbox 1106 1384 1312 1450; x_wconf 87' lang='lat' dir='ltr'><strong>concionum</strong></span> <span class='ocrx_word' id='word_1_97' title='bbox 1325 1384 1497 1450; x_wconf 88' lang='lat' dir='ltr'><strong>orationes</strong></span> 
     </span>
     <span class='ocr_line' id='line_1_12' title="bbox 179 1489 846 1579; baseline 0.003 -24"><span class='ocrx_word' id='word_1_98' title='bbox 179 1489 216 1556; x_wconf 92' lang='lat' dir='ltr'><strong>in</strong></span> <span class='ocrx_word' id='word_1_99' title='bbox 240 1511 347 1556; x_wconf 92' lang='lat' dir='ltr'><strong>unum</strong></span> <span class='ocrx_word' id='word_1_100' title='bbox 368 1489 499 1556; x_wconf 91' lang='lat' dir='ltr'><strong>librum</strong></span> <span class='ocrx_word' id='word_1_101' title='bbox 516 1489 707 1579; x_wconf 83' lang='lat' dir='ltr'><strong>compingi.</strong></span> <span class='ocrx_word' id='word_1_102' title='bbox 722 1495 846 1557; x_wconf 86' lang='lat' dir='ltr'><strong>Verum</strong></span> 
     </span>
    </p>

    <p class='ocr_par' dir='ltr' id='par_1_4' title="bbox 180 1595 1495 1792">
     <span class='ocr_line' id='line_1_13' title="bbox 224 1595 1495 1687; baseline 0.002 -26"><span class='ocrx_word' id='word_1_103' title='bbox 224 1618 255 1661; x_wconf 94' lang='lat' dir='ltr'><strong>a.</strong></span> <span class='ocrx_word' id='word_1_104' title='bbox 282 1596 438 1663; x_wconf 80' lang='lat' dir='ltr'><strong>Primam</strong></span> <span class='ocrx_word' id='word_1_105' title='bbox 463 1597 653 1663; x_wconf 80' lang='lat' dir='ltr'><strong>orationem</strong></span> <span class='ocrx_word' id='word_1_106' title='bbox 680 1619 751 1663; x_wconf 88' lang='lat' dir='ltr'><strong>non</strong></span> <span class='ocrx_word' id='word_1_107' title='bbox 775 1617 951 1663; x_wconf 79' lang='lat' dir='ltr'><strong>censemus</strong></span> <span class='ocrx_word' id='word_1_108' title='bbox 982 1595 1141 1684; x_wconf 90' lang='lat' dir='ltr'><strong>primitus</strong></span> <span class='ocrx_word' id='word_1_109' title='bbox 1170 1597 1331 1664; x_wconf 73' lang='lat' dir='ltr'><strong>exstitisse</strong></span> <span class='ocrx_word' id='word_1_110' title='bbox 1362 1600 1495 1687; x_wconf 89' lang='lat' dir='ltr'><strong>partem</strong></span> 
     </span>
     <span class='ocr_line' id='line_1_14' title="bbox 180 1700 1079 1792; baseline 0.003 -26"><span class='ocrx_word' id='word_1_111' title='bbox 180 1700 263 1768; x_wconf 89' lang='lat' dir='ltr'><strong>libri</strong></span> <span class='ocrx_word' id='word_1_112' title='bbox 277 1703 394 1770; x_wconf 84' lang='lat' dir='ltr'><strong>thorae</strong></span> <span class='ocrx_word' id='word_1_113' title='bbox 407 1701 512 1783; x_wconf 92' lang='lat' dir='ltr'><strong>illius,</strong></span> <span class='ocrx_word' id='word_1_114' title='bbox 528 1725 630 1792; x_wconf 92' lang='lat' dir='ltr'><strong>quem</strong></span> <span class='ocrx_word' id='word_1_115' title='bbox 646 1708 772 1791; x_wconf 80' lang='lat' dir='ltr'><strong>Moyses</strong></span> <span class='ocrx_word' id='word_1_116' title='bbox 788 1702 911 1769; x_wconf 88' lang='lat' dir='ltr'><strong>Levitis</strong></span> <span class='ocrx_word' id='word_1_117' title='bbox 924 1701 1079 1769; x_wconf 85' lang='lat' dir='ltr'><strong>tradidit.</strong></span> 
     </span>
    </p>

    <p class='ocr_par' dir='ltr' id='par_1_5' title="bbox 156 1809 1565 4774">
     <span class='ocr_line' id='line_1_15' title="bbox 226 1809 1497 1899; baseline -0.001 -23"><span class='ocrx_word' id='word_1_118' title='bbox 226 1840 255 1876; x_wconf 76' lang='lat' dir='ltr'><strong>a.</strong></span> <span class='ocrx_word' id='word_1_119' title='bbox 279 1810 458 1899; x_wconf 84' lang='lat' dir='ltr'><strong>Inscriptio</strong></span> <span class='ocrx_word' id='word_1_120' title='bbox 480 1816 622 1892; x_wconf 66' lang='lat' dir='ltr'><strong>att-ae</strong></span> <span class='ocrx_word' id='word_1_121' title='bbox 636 1832 707 1876; x_wconf 92' lang='lat' dir='ltr'><strong>non</strong></span> <span class='ocrx_word' id='word_1_122' title='bbox 724 1815 789 1891; x_wconf 89' lang='lat' dir='ltr'><strong>est,</strong></span> <span class='ocrx_word' id='word_1_123' title='bbox 809 1815 868 1876; x_wconf 87' lang='lat' dir='ltr'><strong>aut</strong></span> <span class='ocrx_word' id='word_1_124' title='bbox 887 1812 979 1875; x_wconf 89' lang='lat' dir='ltr'><strong>certe</strong></span> <span class='ocrx_word' id='word_1_125' title='bbox 1000 1830 1071 1875; x_wconf 93' lang='lat' dir='ltr'><strong>non</strong></span> <span class='ocrx_word' id='word_1_126' title='bbox 1087 1813 1157 1875; x_wconf 89' lang='lat' dir='ltr'><strong>tota</strong></span> <span class='ocrx_word' id='word_1_127' title='bbox 1174 1815 1225 1876; x_wconf 91' lang='lat' dir='ltr'><strong>est</strong></span> <span class='ocrx_word' id='word_1_128' title='bbox 1244 1809 1359 1897; x_wconf 80' lang='lat' dir='ltr'><strong>Moysis</strong></span> <span class='ocrx_word' id='word_1_129' title='bbox 1375 1813 1497 1875; x_wconf 88' lang='lat' dir='ltr'><strong>aueto-</strong></span> 
     </span>
     <span class='ocr_line' id='line_1_16' title="bbox 180 1914 1497 2004; baseline 0.001 -22"><span class='ocrx_word' id='word_1_130' title='bbox 180 1917 238 1996; x_wconf 88' lang='lat' dir='ltr'><strong>ris,</strong></span> <span class='ocrx_word' id='word_1_131' title='bbox 264 1920 352 1983; x_wconf 87' lang='lat' dir='ltr'><strong>certe</strong></span> <span class='ocrx_word' id='word_1_132' title='bbox 375 1938 442 1983; x_wconf 90' lang='lat' dir='ltr'><strong>nen</strong></span> <span class='ocrx_word' id='word_1_133' title='bbox 462 1938 494 1984; x_wconf 84' lang='lat' dir='ltr'><strong>v.</strong></span> <span class='ocrx_word' id='word_1_134' title='bbox 519 1921 634 1984; x_wconf 63' lang='lat' dir='ltr'><strong>tis-ae.</strong></span> <span class='ocrx_word' id='word_1_135' title='bbox 660 1916 793 1983; x_wconf 84' lang='lat' dir='ltr'><strong>Etenim</strong></span> <span class='ocrx_word' id='word_1_136' title='bbox 817 1915 963 2004; x_wconf 88' lang='lat' dir='ltr'><strong>scriptor</strong></span> <span class='ocrx_word' id='word_1_137' title='bbox 982 1920 1033 1980; x_wconf 91' lang='lat' dir='ltr'><strong>ter</strong></span> <span class='ocrx_word' id='word_1_138' title='bbox 1052 1914 1096 2002; x_wconf 80' lang='lat' dir='ltr'><strong>(v.</strong></span> <span class='ocrx_word' id='word_1_139' title='bbox 1125 1917 1300 2001; x_wconf 60' lang='lat' dir='ltr'><strong>ttulit)</strong></span> <span class='ocrx_word' id='word_1_140' title='bbox 1320 1915 1497 2002; x_wconf 82' lang='lat' dir='ltr'><strong>regionem</strong></span> 
     </span>
     <span class='ocr_line' id='line_1_17' title="bbox 181 2020 1499 2110; baseline 0 -22"><span class='ocrx_word' id='word_1_141' title='bbox 181 2023 223 2088; x_wconf 89' lang='lat' dir='ltr'><strong>ad</strong></span> <span class='ocrx_word' id='word_1_142' title='bbox 239 2023 407 2090; x_wconf 88' lang='lat' dir='ltr'><strong>orientem</strong></span> <span class='ocrx_word' id='word_1_143' title='bbox 423 2022 577 2090; x_wconf 82' lang='lat' dir='ltr'><strong>Iordanis</strong></span> <span class='ocrx_word' id='word_1_144' title='bbox 593 2024 691 2090; x_wconf 89' lang='lat' dir='ltr'><strong>sitam</strong></span> <span class='ocrx_word' id='word_1_145' title='bbox 707 2022 870 2090; x_wconf 87' lang='lat' dir='ltr'><strong>describit</strong></span> <span class='ocrx_word' id='word_1_146' title='bbox 887 2043 957 2089; x_wconf 92' lang='lat' dir='ltr'><strong>esse</strong></span> <span class='ocrx_word' id='word_1_147' title='bbox 978 2033 1076 2088; x_wconf 81' lang='lat' dir='ltr'><strong>trans</strong></span> <span class='ocrx_word' id='word_1_148' title='bbox 1091 2020 1356 2110; x_wconf 71' lang='lat' dir='ltr'><strong>flumen‚&#39;quam</strong></span> <span class='ocrx_word' id='word_1_149' title='bbox 1374 2026 1499 2110; x_wconf 85' lang='lat' dir='ltr'><strong>Moyses</strong></span> 
     </span>
     <span class='ocr_line' id='line_1_18' title="bbox 181 2128 1565 2219; baseline 0.001 -24"><span class='ocrx_word' id='word_1_150' title='bbox 181 2131 215 2196; x_wconf 90' lang='lat' dir='ltr'><strong>in</strong></span> <span class='ocrx_word' id='word_1_151' title='bbox 231 2128 350 2195; x_wconf 88' lang='lat' dir='ltr'><strong>eadem</strong></span> <span class='ocrx_word' id='word_1_152' title='bbox 370 2129 521 2195; x_wconf 80' lang='lat' dir='ltr'><strong>fluminis</strong></span> <span class='ocrx_word' id='word_1_153' title='bbox 540 2129 616 2219; x_wconf 90' lang='lat' dir='ltr'><strong>ripa</strong></span> <span class='ocrx_word' id='word_1_154' title='bbox 636 2130 840 2196; x_wconf 92' lang='lat' dir='ltr'><strong>constitutus</strong></span> <span class='ocrx_word' id='word_1_155' title='bbox 857 2128 1091 2218; x_wconf 88' lang='lat' dir='ltr'><strong>descripturus</strong></span> <span class='ocrx_word' id='word_1_156' title='bbox 1108 2136 1181 2194; x_wconf 91' lang='lat' dir='ltr'><strong>erat</strong></span> <span class='ocrx_word' id='word_1_157' title='bbox 1200 2151 1270 2208; x_wconf 85' lang='lat' dir='ltr'><strong>esse</strong></span> <span class='ocrx_word' id='word_1_158' title='bbox 1293 2128 1340 2195; x_wconf 84' lang='lat' dir='ltr'><strong>eis</strong></span> <span class='ocrx_word' id='word_1_159' title='bbox 1356 2129 1495 2197; x_wconf 70' lang='lat' dir='ltr'><strong>flumen.</strong></span> <span class='ocrx_word' id='word_1_160' title='bbox 1559 2204 1565 2211; x_wconf 53' lang='grc'><strong>,</strong></span> 
     </span>
     <span class='ocr_line' id='line_1_19' title="bbox 182 2230 1499 2324; baseline 0 -22"><span class='ocrx_word' id='word_1_161' title='bbox 182 2239 286 2311; x_wconf 84' lang='lat' dir='ltr'><strong>Quem</strong></span> <span class='ocrx_word' id='word_1_162' title='bbox 304 2234 469 2321; x_wconf 90' lang='lat' dir='ltr'><strong>loquendi</strong></span> <span class='ocrx_word' id='word_1_163' title='bbox 491 2235 632 2301; x_wconf 91' lang='lat' dir='ltr'><strong>modum</strong></span> <span class='ocrx_word' id='word_1_164' title='bbox 648 2236 684 2300; x_wconf 93' lang='lat' dir='ltr'><strong>in</strong></span> <span class='ocrx_word' id='word_1_165' title='bbox 704 2240 800 2301; x_wconf 85' lang='lat' dir='ltr'><strong>[taut.</strong></span> <span class='ocrx_word' id='word_1_166' title='bbox 820 2255 915 2301; x_wconf 90' lang='lat' dir='ltr'><strong>secus</strong></span> <span class='ocrx_word' id='word_1_167' title='bbox 937 2232 1082 2300; x_wconf 81' lang='lat' dir='ltr'><strong>offendis</strong></span> <span class='ocrx_word' id='word_1_168' title='bbox 1097 2230 1209 2302; x_wconf 91' lang='lat' dir='ltr'><strong>solum</strong></span> <span class='ocrx_word' id='word_1_169' title='bbox 1224 2235 1260 2299; x_wconf 92' lang='lat' dir='ltr'><strong>in</strong></span> <span class='ocrx_word' id='word_1_170' title='bbox 1277 2234 1499 2324; x_wconf 88' lang='lat' dir='ltr'><strong>inscriptione</strong></span> 
     </span>
     <span class='ocr_line' id='line_1_20' title="bbox 186 2339 1499 2431; baseline 0.002 -25"><span class='ocrx_word' id='word_1_171' title='bbox 186 2347 254 2419; x_wconf 89' lang='lat'><strong>1,1.</strong></span> <span class='ocrx_word' id='word_1_172' title='bbox 272 2346 305 2423; x_wconf 86' lang='lat'><strong>5,</strong></span> <span class='ocrx_word' id='word_1_173' title='bbox 324 2339 362 2404; x_wconf 94' lang='lat' dir='ltr'><strong>in</strong></span> <span class='ocrx_word' id='word_1_174' title='bbox 382 2361 422 2405; x_wconf 91' lang='lat' dir='ltr'><strong>eo</strong></span> <span class='ocrx_word' id='word_1_175' title='bbox 443 2339 537 2428; x_wconf 95' lang='lat' dir='ltr'><strong>quod</strong></span> <span class='ocrx_word' id='word_1_176' title='bbox 554 2346 645 2416; x_wconf 76' lang='lat' dir='ltr'><strong>certe</strong></span> <span class='ocrx_word' id='word_1_177' title='bbox 664 2346 715 2406; x_wconf 90' lang='lat' dir='ltr'><strong>est</strong></span> <span class='ocrx_word' id='word_1_178' title='bbox 734 2340 947 2407; x_wconf 89' lang='lat' dir='ltr'><strong>adiectitium</strong></span> <span class='ocrx_word' id='word_1_179' title='bbox 966 2347 1059 2421; x_wconf 69' lang='lat' dir='ltr'><strong>tal,</strong></span> <span class='ocrx_word' id='word_1_180' title='bbox 1081 2345 1115 2407; x_wconf 90' lang='lat' dir='ltr'><strong>et</strong></span> <span class='ocrx_word' id='word_1_181' title='bbox 1133 2346 1191 2421; x_wconf 82' lang='lat'><strong>3‚8</strong></span> <span class='ocrx_word' id='word_1_182' title='bbox 1214 2341 1252 2406; x_wconf 93' lang='lat' dir='ltr'><strong>in</strong></span> <span class='ocrx_word' id='word_1_183' title='bbox 1272 2344 1435 2431; x_wconf 88' lang='lat' dir='ltr'><strong>pericope</strong></span> <span class='ocrx_word' id='word_1_184' title='bbox 1454 2341 1499 2408; x_wconf 90' lang='lat' dir='ltr'><strong>ab</strong></span> 
     </span>
     <span class='ocr_line' id='line_1_21' title="bbox 184 2445 1501 2536; baseline 0.002 -24"><span class='ocrx_word' id='word_1_185' title='bbox 184 2445 378 2535; x_wconf 89' lang='lat' dir='ltr'><strong>antiquario</strong></span> <span class='ocrx_word' id='word_1_186' title='bbox 406 2467 534 2513; x_wconf 89' lang='lat' dir='ltr'><strong>recusa.</strong></span> <span class='ocrx_word' id='word_1_187' title='bbox 568 2452 763 2525; x_wconf 84' lang='lat' dir='ltr'><strong>Praeterea,</strong></span> <span class='ocrx_word' id='word_1_188' title='bbox 791 2452 829 2512; x_wconf 92' lang='lat' dir='ltr'><strong>ut</strong></span> <span class='ocrx_word' id='word_1_189' title='bbox 857 2469 889 2513; x_wconf 90' lang='lat' dir='ltr'><strong>v.</strong></span> <span class='ocrx_word' id='word_1_190' title='bbox 922 2451 962 2512; x_wconf 79' lang='grc'><strong>15</strong></span> <span class='ocrx_word' id='word_1_191' title='bbox 990 2451 1099 2514; x_wconf 92' lang='lat' dir='ltr'><strong>totum</strong></span> <span class='ocrx_word' id='word_1_192' title='bbox 1129 2453 1264 2536; x_wconf 88' lang='lat' dir='ltr'><strong>tempus</strong></span> <span class='ocrx_word' id='word_1_193' title='bbox 1293 2447 1425 2514; x_wconf 90' lang='lat' dir='ltr'><strong>itineris</strong></span> <span class='ocrx_word' id='word_1_194' title='bbox 1456 2449 1501 2515; x_wconf 88' lang='lat' dir='ltr'><strong>ab</strong></span> 
     </span>
     <span class='ocr_line' id='line_1_22' title="bbox 184 2552 1499 2643; baseline 0.002 -24"><span class='ocrx_word' id='word_1_195' title='bbox 184 2558 339 2641; x_wconf 71' lang='lat' dir='ltr'><strong>Aegypte</strong></span> <span class='ocrx_word' id='word_1_196' title='bbox 363 2552 540 2619; x_wconf 92' lang='lat' dir='ltr'><strong>Iordanem</strong></span> <span class='ocrx_word' id='word_1_197' title='bbox 563 2575 670 2642; x_wconf 90' lang='lat' dir='ltr'><strong>usque</strong></span> <span class='ocrx_word' id='word_1_198' title='bbox 694 2559 834 2621; x_wconf 87' lang='lat' dir='ltr'><strong>vocetur</strong></span> <span class='ocrx_word' id='word_1_199' title='bbox 857 2581 873 2614; x_wconf 78' lang='lat' dir='ltr'><strong>a</strong></span> <span class='ocrx_word' id='word_1_200' title='bbox 896 2575 1056 2641; x_wconf 87' lang='lat' dir='ltr'><strong>egressus</strong></span> <span class='ocrx_word' id='word_1_201' title='bbox 1075 2576 1114 2620; x_wconf 87' lang='lat' dir='ltr'><strong>ex</strong></span> <span class='ocrx_word' id='word_1_202' title='bbox 1136 2558 1293 2643; x_wconf 81' lang='lat' dir='ltr'><strong>Aegypto</strong></span> <span class='ocrx_word' id='word_1_203' title='bbox 1314 2581 1350 2635; x_wconf 88' lang='lat'><strong>»,</strong></span> <span class='ocrx_word' id='word_1_204' title='bbox 1371 2553 1407 2621; x_wconf 93' lang='lat' dir='ltr'><strong>id</strong></span> <span class='ocrx_word' id='word_1_205' title='bbox 1432 2576 1499 2621; x_wconf 92' lang='lat' dir='ltr'><strong>non</strong></span> 
     </span>
     <span class='ocr_line' id='line_1_23' title="bbox 183 2660 1503 2750; baseline 0.001 -24"><span class='ocrx_word' id='word_1_206' title='bbox 183 2660 272 2750; x_wconf 90' lang='lat' dir='ltr'><strong>sapit</strong></span> <span class='ocrx_word' id='word_1_207' title='bbox 290 2664 422 2747; x_wconf 89' lang='lat' dir='ltr'><strong>Moysen</strong></span> <span class='ocrx_word' id='word_1_208' title='bbox 445 2665 619 2727; x_wconf 85' lang='lat' dir='ltr'><strong>auctorem</strong></span> <span class='ocrx_word' id='word_1_209' title='bbox 641 2660 700 2727; x_wconf 89' lang='lat' dir='ltr'><strong>sed</strong></span> <span class='ocrx_word' id='word_1_210' title='bbox 720 2660 920 2750; x_wconf 85' lang='lat' dir='ltr'><strong>scriptorem</strong></span> <span class='ocrx_word' id='word_1_211' title='bbox 941 2661 1104 2750; x_wconf 88' lang='lat' dir='ltr'><strong>aliquem,</strong></span> <span class='ocrx_word' id='word_1_212' title='bbox 1124 2661 1184 2749; x_wconf 91' lang='lat' dir='ltr'><strong>qui</strong></span> <span class='ocrx_word' id='word_1_213' title='bbox 1205 2665 1314 2748; x_wconf 87' lang='lat' dir='ltr'><strong>Moyse</strong></span> <span class='ocrx_word' id='word_1_214' title='bbox 1332 2661 1503 2728; x_wconf 85' lang='lat' dir='ltr'><strong>recentior</strong></span> 
     </span>
     <span class='ocr_line' id='line_1_24' title="bbox 184 2765 1502 2858; baseline 0.001 -26"><span class='ocrx_word' id='word_1_215' title='bbox 184 2789 301 2834; x_wconf 90' lang='lat' dir='ltr'><strong>omnes</strong></span> <span class='ocrx_word' id='word_1_216' title='bbox 315 2765 395 2833; x_wconf 92' lang='lat' dir='ltr'><strong>illos</strong></span> <span class='ocrx_word' id='word_1_217' title='bbox 409 2771 449 2833; x_wconf 80' lang='lat' dir='ltr'><strong>to</strong></span> <span class='ocrx_word' id='word_1_218' title='bbox 464 2790 574 2834; x_wconf 90' lang='lat' dir='ltr'><strong>annos</strong></span> <span class='ocrx_word' id='word_1_219' title='bbox 587 2772 763 2858; x_wconf 86' lang='lat' dir='ltr'><strong>tamquam</strong></span> <span class='ocrx_word' id='word_1_220' title='bbox 779 2788 888 2833; x_wconf 92' lang='lat' dir='ltr'><strong>unum</strong></span> <span class='ocrx_word' id='word_1_221' title='bbox 904 2765 990 2855; x_wconf 94' lang='lat' dir='ltr'><strong>quid</strong></span> <span class='ocrx_word' id='word_1_222' title='bbox 1002 2772 1198 2834; x_wconf 90' lang='lat' dir='ltr'><strong>contuetur.</strong></span> <span class='ocrx_word' id='word_1_223' title='bbox 1212 2771 1339 2854; x_wconf 86' lang='lat' dir='ltr'><strong>Moyses</strong></span> <span class='ocrx_word' id='word_1_224' title='bbox 1349 2788 1502 2834; x_wconf 90' lang='lat' dir='ltr'><strong>commo-</strong></span> 
     </span>
     <span class='ocr_line' id='line_1_25' title="bbox 186 2871 1503 2961; baseline 0 -22"><span class='ocrx_word' id='word_1_225' title='bbox 186 2875 354 2939; x_wconf 92' lang='lat' dir='ltr'><strong>rationem</strong></span> <span class='ocrx_word' id='word_1_226' title='bbox 378 2873 414 2938; x_wconf 94' lang='lat' dir='ltr'><strong>in</strong></span> <span class='ocrx_word' id='word_1_227' title='bbox 439 2873 711 2940; x_wconf 89' lang='lat' dir='ltr'><strong>transiordanica</strong></span> <span class='ocrx_word' id='word_1_228' title='bbox 737 2895 872 2961; x_wconf 89' lang='lat' dir='ltr'><strong>semper</strong></span> <span class='ocrx_word' id='word_1_229' title='bbox 897 2871 1080 2959; x_wconf 85' lang='lat' dir='ltr'><strong>distinguit</strong></span> <span class='ocrx_word' id='word_1_230' title='bbox 1104 2873 1148 2939; x_wconf 91' lang='lat' dir='ltr'><strong>ab</strong></span> <span class='ocrx_word' id='word_1_231' title='bbox 1173 2873 1290 2940; x_wconf 86' lang='lat' dir='ltr'><strong>exodo.</strong></span> <span class='ocrx_word' id='word_1_232' title='bbox 1315 2873 1423 2959; x_wconf 88' lang='lat' dir='ltr'><strong>lgitur</strong></span> <span class='ocrx_word' id='word_1_233' title='bbox 1445 2873 1503 2939; x_wconf 91' lang='lat' dir='ltr'><strong>in·</strong></span> 
     </span>
     <span class='ocr_line' id='line_1_26' title="bbox 185 2977 1500 3067; baseline 0.004 -25"><span class='ocrx_word' id='word_1_234' title='bbox 185 2979 408 3066; x_wconf 87' lang='lat' dir='ltr'><strong>scriptionem</strong></span> <span class='ocrx_word' id='word_1_235' title='bbox 422 2984 561 3058; x_wconf 64' lang='lat' dir='ltr'><strong>uas-ta</strong></span> <span class='ocrx_word' id='word_1_236' title='bbox 576 2977 630 3042; x_wconf 89' lang='lat' dir='ltr'><strong>vel</strong></span> <span class='ocrx_word' id='word_1_237' title='bbox 640 2984 730 3045; x_wconf 89' lang='lat' dir='ltr'><strong>certe</strong></span> <span class='ocrx_word' id='word_1_238' title='bbox 747 2985 888 3062; x_wconf 64' lang='lat' dir='ltr'><strong>tas-tu</strong></span> <span class='ocrx_word' id='word_1_239' title='bbox 904 3000 1026 3044; x_wconf 90' lang='lat' dir='ltr'><strong>censeo</strong></span> <span class='ocrx_word' id='word_1_240' title='bbox 1041 3001 1112 3045; x_wconf 92' lang='lat' dir='ltr'><strong>non</strong></span> <span class='ocrx_word' id='word_1_241' title='bbox 1126 3001 1197 3045; x_wconf 89' lang='lat' dir='ltr'><strong>esse</strong></span> <span class='ocrx_word' id='word_1_242' title='bbox 1211 2982 1331 3067; x_wconf 92' lang='lat' dir='ltr'><strong>Moysis</strong></span> <span class='ocrx_word' id='word_1_243' title='bbox 1341 2980 1500 3062; x_wconf 89' lang='lat' dir='ltr'><strong>auctoris,</strong></span> 
     </span>
     <span class='ocr_line' id='line_1_27' title="bbox 187 3073 1504 3175; baseline 0.002 -25"><span class='ocrx_word' id='word_1_244' title='bbox 187 3073 247 3150; x_wconf 88' lang='lat' dir='ltr'><strong>sed</strong></span> <span class='ocrx_word' id='word_1_245' title='bbox 277 3083 475 3150; x_wconf 88' lang='lat' dir='ltr'><strong>recentioris</strong></span> <span class='ocrx_word' id='word_1_246' title='bbox 507 3084 697 3151; x_wconf 87' lang='lat' dir='ltr'><strong>cuiusdam.</strong></span> <span class='ocrx_word' id='word_1_247' title='bbox 730 3090 834 3151; x_wconf 91' lang='lat' dir='ltr'><strong>Porro</strong></span> <span class='ocrx_word' id='word_1_248' title='bbox 865 3086 976 3171; x_wconf 88' lang='lat' dir='ltr'><strong>tingat</strong></span> <span class='ocrx_word' id='word_1_249' title='bbox 1003 3084 1070 3151; x_wconf 91' lang='lat' dir='ltr'><strong>sibi</strong></span> <span class='ocrx_word' id='word_1_250' title='bbox 1102 3085 1243 3175; x_wconf 89' lang='lat' dir='ltr'><strong>aliquis,</strong></span> <span class='ocrx_word' id='word_1_251' title='bbox 1277 3086 1504 3154; x_wconf 86' lang='lat' dir='ltr'><strong>recentiorem</strong></span> 
     </span>
     <span class='ocr_line' id='line_1_28' title="bbox 187 3189 1503 3281; baseline 0.005 -26"><span class='ocrx_word' id='word_1_252' title='bbox 187 3211 306 3256; x_wconf 89' lang='lat' dir='ltr'><strong>coram</strong></span> <span class='ocrx_word' id='word_1_253' title='bbox 328 3189 489 3256; x_wconf 88' lang='lat' dir='ltr'><strong>habuisse</strong></span> <span class='ocrx_word' id='word_1_254' title='bbox 517 3191 707 3257; x_wconf 88' lang='lat' dir='ltr'><strong>orationem</strong></span> <span class='ocrx_word' id='word_1_255' title='bbox 729 3190 878 3281; x_wconf 89' lang='lat' dir='ltr'><strong>primam</strong></span> <span class='ocrx_word' id='word_1_256' title='bbox 903 3213 980 3257; x_wconf 91' lang='lat' dir='ltr'><strong>cum</strong></span> <span class='ocrx_word' id='word_1_257' title='bbox 1004 3192 1155 3259; x_wconf 87' lang='lat' dir='ltr'><strong>secunda</strong></span> <span class='ocrx_word' id='word_1_258' title='bbox 1180 3194 1217 3258; x_wconf 91' lang='lat' dir='ltr'><strong>in</strong></span> <span class='ocrx_word' id='word_1_259' title='bbox 1239 3215 1344 3259; x_wconf 89' lang='lat' dir='ltr'><strong>unam</strong></span> <span class='ocrx_word' id='word_1_260' title='bbox 1367 3193 1503 3261; x_wconf 90' lang='lat' dir='ltr'><strong>theram</strong></span> 
     </span>
     <span class='ocr_line' id='line_1_29' title="bbox 187 3295 1504 3389; baseline 0.005 -27"><span class='ocrx_word' id='word_1_261' title='bbox 187 3303 414 3386; x_wconf 88' lang='lat' dir='ltr'><strong>compactam,</strong></span> <span class='ocrx_word' id='word_1_262' title='bbox 439 3297 529 3363; x_wconf 85' lang='lat' dir='ltr'><strong>inter</strong></span> <span class='ocrx_word' id='word_1_263' title='bbox 552 3295 629 3364; x_wconf 94' lang='lat' dir='ltr'><strong>illas</strong></span> <span class='ocrx_word' id='word_1_264' title='bbox 643 3297 833 3364; x_wconf 88' lang='lat' dir='ltr'><strong>insinuasse</strong></span> <span class='ocrx_word' id='word_1_265' title='bbox 857 3320 953 3364; x_wconf 91' lang='lat' dir='ltr'><strong>suam</strong></span> <span class='ocrx_word' id='word_1_266' title='bbox 973 3298 1230 3388; x_wconf 87' lang='lat' dir='ltr'><strong>inscriptionem</strong></span> <span class='ocrx_word' id='word_1_267' title='bbox 1253 3323 1260 3367; x_wconf 92' lang='lat'>:</span> <span class='ocrx_word' id='word_1_268' title='bbox 1284 3305 1320 3366; x_wconf 85' lang='lat' dir='ltr'><strong>at</strong></span> <span class='ocrx_word' id='word_1_269' title='bbox 1340 3322 1504 3389; x_wconf 90' lang='lat' dir='ltr'><strong>quorsum</strong></span> 
     </span>
     <span class='ocr_line' id='line_1_30' title="bbox 156 3402 1505 3497; baseline 0.004 -29"><span class='ocrx_word' id='word_1_270' title='bbox 156 3408 159 3412; x_wconf 84' lang='grc'><strong>’</strong></span> <span class='ocrx_word' id='word_1_271' title='bbox 186 3402 222 3468; x_wconf 91' lang='lat' dir='ltr'><strong>id</strong></span> <span class='ocrx_word' id='word_1_272' title='bbox 251 3404 372 3490; x_wconf 88' lang='lat' dir='ltr'><strong>egerit,</strong></span> <span class='ocrx_word' id='word_1_273' title='bbox 404 3425 481 3470; x_wconf 93' lang='lat' dir='ltr'><strong>cum</strong></span> <span class='ocrx_word' id='word_1_274' title='bbox 514 3410 580 3482; x_wconf 72' lang='lat' dir='ltr'><strong>ta.</strong></span> <span class='ocrx_word' id='word_1_275' title='bbox 609 3412 642 3471; x_wconf 74' lang='lat'><strong>5¹</strong></span> <span class='ocrx_word' id='word_1_276' title='bbox 665 3405 734 3470; x_wconf 92' lang='lat' dir='ltr'><strong>iam</strong></span> <span class='ocrx_word' id='word_1_277' title='bbox 761 3404 949 3471; x_wconf 90' lang='lat' dir='ltr'><strong>haberetur</strong></span> <span class='ocrx_word' id='word_1_278' title='bbox 974 3404 1160 3494; x_wconf 91' lang='lat' dir='ltr'><strong>descriptio</strong></span> <span class='ocrx_word' id='word_1_279' title='bbox 1184 3405 1253 3472; x_wconf 90' lang='lat' dir='ltr'><strong>loci</strong></span> <span class='ocrx_word' id='word_1_280' title='bbox 1282 3414 1316 3472; x_wconf 92' lang='lat' dir='ltr'><strong>et</strong></span> <span class='ocrx_word' id='word_1_281' title='bbox 1341 3409 1505 3497; x_wconf 87' lang='lat' dir='ltr'><strong>temporis</strong></span> 
     </span>
     <span class='ocr_line' id='line_1_31' title="bbox 187 3509 1504 3600; baseline 0.004 -25"><span class='ocrx_word' id='word_1_282' title='bbox 187 3532 222 3576; x_wconf 89' lang='lat' dir='ltr'><strong>re</strong></span> <span class='ocrx_word' id='word_1_283' title='bbox 251 3509 383 3589; x_wconf 90' lang='lat' dir='ltr'><strong>eadem,</strong></span> <span class='ocrx_word' id='word_1_284' title='bbox 414 3533 502 3600; x_wconf 90' lang='lat' dir='ltr'><strong>quae</strong></span> <span class='ocrx_word' id='word_1_285' title='bbox 525 3533 604 3577; x_wconf 91' lang='lat' dir='ltr'><strong>vere</strong></span> <span class='ocrx_word' id='word_1_286' title='bbox 626 3516 659 3577; x_wconf 92' lang='lat' dir='ltr'><strong>et</strong></span> <span class='ocrx_word' id='word_1_287' title='bbox 680 3509 778 3576; x_wconf 79' lang='lat' dir='ltr'><strong>facile</strong></span> <span class='ocrx_word' id='word_1_288' title='bbox 802 3518 912 3598; x_wconf 89' lang='lat' dir='ltr'><strong>posset</strong></span> <span class='ocrx_word' id='word_1_289' title='bbox 937 3510 981 3577; x_wconf 92' lang='lat' dir='ltr'><strong>ad</strong></span> <span class='ocrx_word' id='word_1_290' title='bbox 1003 3516 1184 3600; x_wconf 92' lang='lat' dir='ltr'><strong>utramque</strong></span> <span class='ocrx_word' id='word_1_291' title='bbox 1211 3535 1286 3578; x_wconf 90' lang='lat' dir='ltr'><strong>eam</strong></span> <span class='ocrx_word' id='word_1_292' title='bbox 1314 3514 1504 3580; x_wconf 89' lang='lat' dir='ltr'><strong>orationem</strong></span> 
     </span>
     <span class='ocr_line' id='line_1_32' title="bbox 187 3616 1503 3708; baseline 0.005 -29"><span class='ocrx_word' id='word_1_293' title='bbox 187 3616 298 3680; x_wconf 77' lang='lat' dir='ltr'><strong>trahi?</strong></span> <span class='ocrx_word' id='word_1_294' title='bbox 320 3639 432 3704; x_wconf 91' lang='lat' dir='ltr'><strong>neque</strong></span> <span class='ocrx_word' id='word_1_295' title='bbox 453 3618 559 3684; x_wconf 91' lang='lat' dir='ltr'><strong>habet</strong></span> <span class='ocrx_word' id='word_1_296' title='bbox 578 3616 748 3684; x_wconf 91' lang='lat' dir='ltr'><strong>eiusmodi</strong></span> <span class='ocrx_word' id='word_1_297' title='bbox 765 3617 832 3684; x_wconf 91' lang='lat' dir='ltr'><strong>loci</strong></span> <span class='ocrx_word' id='word_1_298' title='bbox 850 3624 884 3682; x_wconf 87' lang='grc'><strong>61</strong></span> <span class='ocrx_word' id='word_1_299' title='bbox 905 3618 1069 3705; x_wconf 89' lang='lat' dir='ltr'><strong>temporis</strong></span> <span class='ocrx_word' id='word_1_300' title='bbox 1083 3618 1351 3708; x_wconf 86' lang='lat' dir='ltr'><strong>descriptionem</strong></span> <span class='ocrx_word' id='word_1_301' title='bbox 1366 3622 1503 3687; x_wconf 90' lang='lat' dir='ltr'><strong>tertium</strong></span> 
     </span>
     <span class='ocr_line' id='line_1_33' title="bbox 189 3721 1506 3812; baseline 0.003 -25"><span class='ocrx_word' id='word_1_302' title='bbox 189 3721 451 3803; x_wconf 89' lang='lat' dir='ltr'><strong>documentum,</strong></span> <span class='ocrx_word' id='word_1_303' title='bbox 488 3726 600 3812; x_wconf 91' lang='lat' dir='ltr'><strong>potuit</strong></span> <span class='ocrx_word' id='word_1_304' title='bbox 630 3724 737 3810; x_wconf 87' lang='lat' dir='ltr'><strong>igitur</strong></span> <span class='ocrx_word' id='word_1_305' title='bbox 768 3723 889 3790; x_wconf 86' lang='lat' dir='ltr'><strong>eadem</strong></span> <span class='ocrx_word' id='word_1_306' title='bbox 917 3745 1034 3790; x_wconf 89' lang='lat' dir='ltr'><strong>carere</strong></span> <span class='ocrx_word' id='word_1_307' title='bbox 1065 3725 1215 3792; x_wconf 88' lang='lat' dir='ltr'><strong>secunda</strong></span> <span class='ocrx_word' id='word_1_308' title='bbox 1248 3726 1369 3805; x_wconf 83' lang='lat' dir='ltr'><strong>oratio,</strong></span> <span class='ocrx_word' id='word_1_309' title='bbox 1398 3726 1506 3793; x_wconf 89' lang='lat' dir='ltr'><strong>lector</strong></span> 
     </span>
     <span class='ocr_line' id='line_1_34' title="bbox 190 3826 1502 3920; baseline 0.002 -27"><span class='ocrx_word' id='word_1_310' title='bbox 190 3826 455 3919; x_wconf 86' lang='lat' dir='ltr'><strong>descriptionem</strong></span> <span class='ocrx_word' id='word_1_311' title='bbox 477 3836 544 3910; x_wconf 81' lang='lat' dir='ltr'><strong>1,t.</strong></span> <span class='ocrx_word' id='word_1_312' title='bbox 563 3838 597 3896; x_wconf 74' lang='grc' dir='ltr'><strong>5ιι</strong></span> <span class='ocrx_word' id='word_1_313' title='bbox 615 3830 842 3919; x_wconf 83' lang='lat' dir='ltr'><strong>applicitorus</strong></span> <span class='ocrx_word' id='word_1_314' title='bbox 863 3835 936 3897; x_wconf 90' lang='lat' dir='ltr'><strong>erat</strong></span> <span class='ocrx_word' id='word_1_315' title='bbox 955 3829 1065 3896; x_wconf 91' lang='lat' dir='ltr'><strong>tribus</strong></span> <span class='ocrx_word' id='word_1_316' title='bbox 1085 3853 1126 3897; x_wconf 83' lang='lat' dir='ltr'><strong>ex</strong></span> <span class='ocrx_word' id='word_1_317' title='bbox 1149 3854 1260 3920; x_wconf 92' lang='lat' dir='ltr'><strong>aequo</strong></span> <span class='ocrx_word' id='word_1_318' title='bbox 1276 3833 1502 3900; x_wconf 88' lang='lat' dir='ltr'><strong>documentis.</strong></span> 
     </span>
     <span class='ocr_line' id='line_1_35' title="bbox 189 3935 1504 4026; baseline 0.004 -26"><span class='ocrx_word' id='word_1_319' title='bbox 189 3936 341 4002; x_wconf 81' lang='lat' dir='ltr'><strong>Profecto</strong></span> <span class='ocrx_word' id='word_1_320' title='bbox 368 3935 562 4025; x_wconf 81' lang='lat' dir='ltr'><strong>explanatio</strong></span> <span class='ocrx_word' id='word_1_321' title='bbox 582 3935 717 4002; x_wconf 91' lang='lat' dir='ltr'><strong>lacilior</strong></span> <span class='ocrx_word' id='word_1_322' title='bbox 740 3960 780 4004; x_wconf 88' lang='lat' dir='ltr'><strong>ea</strong></span> <span class='ocrx_word' id='word_1_323' title='bbox 804 3943 869 4013; x_wconf 86' lang='lat' dir='ltr'><strong>est,</strong></span> <span class='ocrx_word' id='word_1_324' title='bbox 898 3936 1158 4026; x_wconf 88' lang='lat' dir='ltr'><strong>inscriptionem</strong></span> <span class='ocrx_word' id='word_1_325' title='bbox 1184 3944 1325 4018; x_wconf 64' lang='lat' dir='ltr'><strong>tut-te</strong></span> <span class='ocrx_word' id='word_1_326' title='bbox 1350 3938 1504 4005; x_wconf 88' lang='lat' dir='ltr'><strong>additam</strong></span> 
     </span>
     <span class='ocr_line' id='line_1_36' title="bbox 189 4042 1508 4132; baseline 0.004 -26"><span class='ocrx_word' id='word_1_327' title='bbox 189 4064 258 4106; x_wconf 90' lang='lat' dir='ltr'><strong>esse</strong></span> <span class='ocrx_word' id='word_1_328' title='bbox 283 4047 368 4125; x_wconf 89' lang='lat' dir='ltr'><strong>tum,</strong></span> <span class='ocrx_word' id='word_1_329' title='bbox 391 4043 529 4130; x_wconf 91' lang='lat' dir='ltr'><strong>quaudo</strong></span> <span class='ocrx_word' id='word_1_330' title='bbox 550 4042 635 4108; x_wconf 91' lang='lat' dir='ltr'><strong>duas</strong></span> <span class='ocrx_word' id='word_1_331' title='bbox 653 4043 836 4124; x_wconf 88' lang='lat' dir='ltr'><strong>orationes,</strong></span> <span class='ocrx_word' id='word_1_332' title='bbox 858 4065 945 4132; x_wconf 91' lang='lat' dir='ltr'><strong>quae</strong></span> <span class='ocrx_word' id='word_1_333' title='bbox 959 4066 999 4110; x_wconf 91' lang='lat' dir='ltr'><strong>eo</strong></span> <span class='ocrx_word' id='word_1_334' title='bbox 1015 4065 1122 4132; x_wconf 91' lang='lat' dir='ltr'><strong>usque</strong></span> <span class='ocrx_word' id='word_1_335' title='bbox 1146 4044 1352 4113; x_wconf 89' lang='lat' dir='ltr'><strong>documenta</strong></span> <span class='ocrx_word' id='word_1_336' title='bbox 1369 4046 1508 4112; x_wconf 81' lang='lat' dir='ltr'><strong>fuerant</strong></span> 
     </span>
     <span class='ocr_line' id='line_1_37' title="bbox 189 4146 1507 4238; baseline 0.004 -26"><span class='ocrx_word' id='word_1_337' title='bbox 189 4146 276 4225; x_wconf 85' lang='lat' dir='ltr'><strong>duo,</strong></span> <span class='ocrx_word' id='word_1_338' title='bbox 298 4149 335 4212; x_wconf 87' lang='lat' dir='ltr'><strong>in</strong></span> <span class='ocrx_word' id='word_1_339' title='bbox 353 4171 460 4214; x_wconf 90' lang='lat' dir='ltr'><strong>unum</strong></span> <span class='ocrx_word' id='word_1_340' title='bbox 478 4148 609 4213; x_wconf 91' lang='lat' dir='ltr'><strong>librum</strong></span> <span class='ocrx_word' id='word_1_341' title='bbox 631 4148 845 4215; x_wconf 89' lang='lat' dir='ltr'><strong>conscribere</strong></span> <span class='ocrx_word' id='word_1_342' title='bbox 860 4149 1006 4238; x_wconf 76' lang='lat' dir='ltr'><strong>placuit:</strong></span> <span class='ocrx_word' id='word_1_343' title='bbox 1028 4149 1083 4216; x_wconf 90' lang='lat' dir='ltr'><strong>vel</strong></span> <span class='ocrx_word' id='word_1_344' title='bbox 1099 4152 1284 4238; x_wconf 79' lang='lat' dir='ltr'><strong>praelixam</strong></span> <span class='ocrx_word' id='word_1_345' title='bbox 1303 4173 1507 4219; x_wconf 78' lang='grc'>6666666111]-</span> 
     </span>
     <span class='ocr_line' id='line_1_38' title="bbox 190 4252 1508 4344; baseline 0.005 -28"><span class='ocrx_word' id='word_1_346' title='bbox 190 4252 254 4318; x_wconf 91' lang='lat' dir='ltr'><strong>dae</strong></span> <span class='ocrx_word' id='word_1_347' title='bbox 270 4254 429 4335; x_wconf 89' lang='lat' dir='ltr'><strong>orationi,</strong></span> <span class='ocrx_word' id='word_1_348' title='bbox 446 4277 515 4343; x_wconf 91' lang='lat' dir='ltr'><strong>quo</strong></span> <span class='ocrx_word' id='word_1_349' title='bbox 530 4260 685 4344; x_wconf 87' lang='lat' dir='ltr'><strong>tempore</strong></span> <span class='ocrx_word' id='word_1_350' title='bbox 705 4254 746 4321; x_wconf 91' lang='lat' dir='ltr'><strong>de</strong></span> <span class='ocrx_word' id='word_1_351' title='bbox 768 4278 808 4322; x_wconf 91' lang='lat' dir='ltr'><strong>ea</strong></span> <span class='ocrx_word' id='word_1_352' title='bbox 828 4277 906 4322; x_wconf 89' lang='lat' dir='ltr'><strong>cum</strong></span> <span class='ocrx_word' id='word_1_353' title='bbox 926 4256 1035 4323; x_wconf 90' lang='lat' dir='ltr'><strong>altera</strong></span> <span class='ocrx_word' id='word_1_354' title='bbox 1051 4257 1205 4323; x_wconf 88' lang='lat' dir='ltr'><strong>oratione</strong></span> <span class='ocrx_word' id='word_1_355' title='bbox 1226 4258 1403 4344; x_wconf 86' lang='lat' dir='ltr'><strong>iungenda</strong></span> <span class='ocrx_word' id='word_1_356' title='bbox 1422 4279 1508 4325; x_wconf 90' lang='lat' dir='ltr'><strong>non-</strong></span> 
     </span>
     <span class='ocr_line' id='line_1_39' title="bbox 190 4358 1505 4453; baseline 0.005 -29"><span class='ocrx_word' id='word_1_357' title='bbox 190 4359 274 4425; x_wconf 93' lang='lat' dir='ltr'><strong>dum</strong></span> <span class='ocrx_word' id='word_1_358' title='bbox 299 4358 524 4445; x_wconf 86' lang='lat' dir='ltr'><strong>cogitabatur.</strong></span> <span class='ocrx_word' id='word_1_359' title='bbox 550 4361 583 4428; x_wconf 91' lang='lat' dir='ltr'><strong>Si</strong></span> <span class='ocrx_word' id='word_1_360' title='bbox 606 4360 751 4450; x_wconf 90' lang='lat' dir='ltr'><strong>scriptor</strong></span> <span class='ocrx_word' id='word_1_361' title='bbox 765 4360 823 4429; x_wconf 90' lang='lat' dir='ltr'><strong>ille</strong></span> <span class='ocrx_word' id='word_1_362' title='bbox 848 4364 989 4429; x_wconf 89' lang='lat' dir='ltr'><strong>unicum</strong></span> <span class='ocrx_word' id='word_1_363' title='bbox 1013 4363 1178 4430; x_wconf 88' lang='lat' dir='ltr'><strong>traditum</strong></span> <span class='ocrx_word' id='word_1_364' title='bbox 1201 4371 1380 4453; x_wconf 86' lang='lat' dir='ltr'><strong>acceperat</strong></span> <span class='ocrx_word' id='word_1_365' title='bbox 1406 4365 1505 4431; x_wconf 91' lang='lat' dir='ltr'><strong>docu-</strong></span> 
     </span>
     <span class='ocr_line' id='line_1_40' title="bbox 191 4468 1508 4560; baseline 0.003 -28"><span class='ocrx_word' id='word_1_366' title='bbox 191 4472 362 4548; x_wconf 89' lang='lat' dir='ltr'><strong>mentum,</strong></span> <span class='ocrx_word' id='word_1_367' title='bbox 392 4469 510 4553; x_wconf 88' lang='lat' dir='ltr'><strong>Moysis</strong></span> <span class='ocrx_word' id='word_1_368' title='bbox 538 4468 690 4548; x_wconf 89' lang='lat' dir='ltr'><strong>theram,</strong></span> <span class='ocrx_word' id='word_1_369' title='bbox 717 4469 811 4534; x_wconf 88' lang='lat' dir='ltr'><strong>cuius</strong></span> <span class='ocrx_word' id='word_1_370' title='bbox 841 4492 880 4535; x_wconf 85' lang='lat' dir='ltr'><strong>ex</strong></span> <span class='ocrx_word' id='word_1_371' title='bbox 908 4491 1020 4558; x_wconf 91' lang='lat' dir='ltr'><strong>aequo</strong></span> <span class='ocrx_word' id='word_1_372' title='bbox 1050 4476 1165 4559; x_wconf 87' lang='lat' dir='ltr'><strong>partes</strong></span> <span class='ocrx_word' id='word_1_373' title='bbox 1194 4479 1304 4537; x_wconf 88' lang='lat' dir='ltr'><strong>essent</strong></span> <span class='ocrx_word' id='word_1_374' title='bbox 1333 4472 1445 4560; x_wconf 91' lang='lat' dir='ltr'><strong>prima</strong></span> <span class='ocrx_word' id='word_1_375' title='bbox 1474 4476 1508 4536; x_wconf 92' lang='lat' dir='ltr'><strong>et</strong></span> 
     </span>
     <span class='ocr_line' id='line_1_41' title="bbox 189 4571 1509 4656; baseline 0.002 -17"><span class='ocrx_word' id='word_1_376' title='bbox 189 4571 339 4640; x_wconf 88' lang='lat' dir='ltr'><strong>secunda</strong></span> <span class='ocrx_word' id='word_1_377' title='bbox 366 4573 492 4656; x_wconf 87' lang='lat' dir='ltr'><strong>oratic,</strong></span> <span class='ocrx_word' id='word_1_378' title='bbox 518 4597 663 4642; x_wconf 88' lang='lat' dir='ltr'><strong>aususne</strong></span> <span class='ocrx_word' id='word_1_379' title='bbox 684 4581 769 4642; x_wconf 90' lang='lat' dir='ltr'><strong>esset</strong></span> <span class='ocrx_word' id='word_1_380' title='bbox 795 4576 900 4642; x_wconf 88' lang='lat' dir='ltr'><strong>textui</strong></span> <span class='ocrx_word' id='word_1_381' title='bbox 920 4577 1077 4643; x_wconf 90' lang='lat' dir='ltr'><strong>omnium</strong></span> <span class='ocrx_word' id='word_1_382' title='bbox 1101 4578 1316 4644; x_wconf 88' lang='lat' dir='ltr'><strong>sanctissimo</strong></span> <span class='ocrx_word' id='word_1_383' title='bbox 1341 4578 1509 4644; x_wconf 88' lang='lat' dir='ltr'><strong>violentas</strong></span> 
     </span>
     <span class='ocr_line' id='line_1_42' title="bbox 190 4681 1509 4774; baseline 0.003 -29"><span class='ocrx_word' id='word_1_384' title='bbox 190 4681 318 4747; x_wconf 78' lang='lat' dir='ltr'><strong>inferre</strong></span> <span class='ocrx_word' id='word_1_385' title='bbox 346 4702 478 4761; x_wconf 83' lang='grc'>1111111116,</span> <span class='ocrx_word' id='word_1_386' title='bbox 502 4686 541 4749; x_wconf 90' lang='lat' dir='ltr'><strong>ut</strong></span> <span class='ocrx_word' id='word_1_387' title='bbox 561 4682 728 4749; x_wconf 88' lang='lat' dir='ltr'><strong>insereret</strong></span> <span class='ocrx_word' id='word_1_388' title='bbox 749 4682 1013 4771; x_wconf 86' lang='lat' dir='ltr'><strong>descriptionem</strong></span> <span class='ocrx_word' id='word_1_389' title='bbox 1035 4681 1188 4773; x_wconf 88' lang='lat' dir='ltr'><strong>aliquam</strong></span> <span class='ocrx_word' id='word_1_390' title='bbox 1206 4685 1269 4750; x_wconf 89' lang='lat' dir='ltr'><strong>loci</strong></span> <span class='ocrx_word' id='word_1_391' title='bbox 1290 4693 1323 4751; x_wconf 82' lang='lat' dir='ltr'><strong>et</strong></span> <span class='ocrx_word' id='word_1_392' title='bbox 1345 4685 1509 4774; x_wconf 91' lang='lat' dir='ltr'><strong>temporis</strong></span> 
     </span>
    </p>
   </div>
   <div class='ocr_carea' id='block_1_3' title="bbox 0 0 1703 5346">
    <p class='ocr_par' dir='ltr' id='par_1_6' title="bbox 0 0 1703 5346">
     <span class='ocr_line' id='line_1_43' title="bbox 0 0 1703 5346; baseline 0 0"><span class='ocrx_word' id='word_1_393' title='bbox 0 0 1703 5346; x_wconf 95' lang='lat' dir='ltr'><strong> </strong></span> 
     </span>
    </p>
   </div>
  </div>
 </body>
</html>
