3366 5346
504 287 552 346 11.
577 303 632 346 nex
653 301 691 347 ns
712 299 900 345 receneris:
920 300 1005 344 ocur.
1030 284 1170 355 las-ea.
1438 288 1495 346 377

184 434 377 501 sacerdotes
392 456 521 503 omnes.
533 436 598 502 Sed
609 435 694 503 sicut
709 434 862 501 indicum
877 432 1098 522 particularia
1110 433 1222 500 officia
1237 439 1270 501 et
1282 435 1498 502 sacerdotum

116 538 118 542 ’
185 541 361 630 portiones
388 542 551 608 describit
576 542 695 631 quales
720 563 782 608 suo
808 546 963 629 tempore
992 545 1105 620 erant,
1136 544 1169 608 et
1196 539 1238 607 de
1270 541 1383 630 primo
1415 564 1497 628 rege

184 755 428 843 prophetarum
453 777 523 820 non
549 760 735 822 extremam
759 751 921 820 describit
944 752 981 819 in
1005 753 1126 820 messia
1151 753 1411 842 perfectionem,
1438 755 1498 821 sed

183 859 236 926 sui
251 863 415 951 temporis
430 860 676 941 conditionem,
697 860 839 950 quando
857 859 957 926 bonis
976 857 1097 926 discoli
1116 857 1259 926 admixti
1277 861 1497 949 reperieban-

184 971 249 1034 tur.
275 969 524 1057 Prophetarum
546 967 669 1036 seriem
692 952 844 1034 clausum
870 965 915 1032 iri
939 986 1008 1031 uno
1037 963 1155 1054 aliquo
1181 965 1350 1054 propheta
1377 968 1498 1035 ceteris

182 1073 342 1140 omnibus
361 1074 608 1157 excellentiore,
626 1096 684 1142 seu
703 1074 860 1141 messiam
873 1072 947 1139 fore
962 1071 1213 1161 prophetarum
1230 1071 1496 1156 nobilissimum,

182 1202 221 1244 ex
236 1180 307 1246 solo
322 1184 413 1249 textu
432 1181 573 1247 seorsim
592 1203 613 1247 a
633 1179 808 1270 prioribus
827 1177 998 1246 vaticiniis
1012 1177 1227 1245 considerato
1247 1200 1317 1245 non
1334 1178 1494 1247 efficitur.

180 1285 246 1352 Sed
260 1308 338 1354 cum
352 1309 371 1354 e
387 1290 467 1352 Gen.
488 1283 583 1369 3,'15;
600 1291 718 1366 aa,1o;
736 1290 836 1353 Num.
854 1291 957 1364 2¹4,ss
972 1284 1043 1351 iam
1058 1290 1131 1351 tum
1144 1288 1326 1366 constaret,
1342 1285 1498 1353 futurum

182 1390 368 1482 aliquando
392 1413 557 1480 magnum
580 1391 765 1482 quemdam
786 1391 1077 1480 triumphatorem
1102 1395 1135 1456 et
1163 1391 1372 1481 principem,
1394 1391 1497 1459 obvia

182 1504 258 1565 erat
280 1498 453 1565 conclusio
476 1499 547 1565 eius
566 1504 721 1587 tempore
742 1497 899 1565 instituta
918 1497 1035 1563 omnia
1054 1496 1185 1586 populo
1206 1497 1314 1564 electo
1332 1497 1495 1564 divinitus

181 1625 340 1671 concessa
358 1605 396 1670 in
412 1609 503 1672 statu
520 1605 594 1670 fore
611 1603 855 1671 florentissimo
873 1624 881 1672 :
904 1625 1064 1690 regnum,
1086 1602 1325 1685 sacerdotium,
1343 1604 1501 1692 prophe·.
1578 1604 1582 1617 ¹

180 1711 276 1777 tiam.
300 1714 389 1797 Ergo
411 1709 549 1778 messias
572 1710 742 1800 propheta
763 1711 798 1776 in
822 1713 939 1777 nostro
962 1713 1057 1776 textu
1081 1707 1284 1790 continetur,
1310 1710 1338 1776 si
1360 1707 1392 1776 is
1417 1730 1496 1776 cum

180 1815 356 1905 prioribus
370 1816 540 1884 vaticiniis
557 1817 768 1896 conferatur,
787 1814 965 1906 multoque
984 1814 1178 1882 distinctius
1196 1813 1290 1882 idem
1305 1815 1353 1883 ib.
1376 1815 1497 1902 depre-

181 1920 398 2008 hendebatur
409 1946 430 1990 a
442 1923 575 1990 ludaeis
586 1922 843 2012 posterioribus
856 1923 918 2009 qui
931 1923 1030 1988 asuis
1041 1920 1219 2010 prophetis
1233 1920 1346 1987 edocti
1360 1921 1498 1987 fuerant

182 2030 340 2096 messiam
372 2030 446 2096 fore
478 2027 799 2097 excellentissimum
838 2028 994 2094 omnium
1022 2026 1232 2116 principem,
1266 2025 1492 2108 sacerdotem,

181 2136 399 2224 prophetam.
420 2140 540 2203 Textus
554 2134 611 2203 hic
627 2135 836 2226 procedente
852 2140 1006 2224 tempore
1030 2155 1051 2200 a
1070 2132 1203 2200 ludaeis
1221 2131 1356 2223 plenius
1368 2131 1496 2199 intelli-

181 2240 339 2329 gebatur,
358 2264 463 2331 quam
476 2241 628 2333 primum
643 2242 757 2308 fuerat
769 2240 977 2308 intellectus.
1310 2242 1312 2248 ’

225 2353 520 2416 Demonstraverat
534 2347 650 2416 lsraeli
668 2351 755 2413 Deus
770 2351 826 2414 Ex.
853 2353 930 2431 1a,c
948 2373 963 2406 «
989 2367 1136 2434 regnum
1151 2346 1361 2414 sacerdotale
1386 2373 1416 2425 »,
1434 2345 1497 2412 llo·
1516 2331 1518 2336 ¹

181 2455 408 2520 rentissimam
423 2456 473 2521 rei
489 2453 647 2543 publicae
667 2452 913 2534 conditionem,
935 2474 1006 2541 qua
1020 2452 1113 2519 idem
1132 2452 1269 2519 futurus
1285 2458 1370 2518 esset
1387 2473 1445 2518 rex
1464 2457 1497 2518 et

180 2559 338 2625 sacerdos
353 2565 397 2641 et,
415 2558 508 2647 quod
522 2559 624 2625 facile
637 2557 795 2625 indidem
807 2558 1039 2645 consequitur,
1057 2557 1162 2623 etiam
1177 2557 1361 2646 propheta.
1379 2561 1495 2624 Nonne

181 2663 432 2753 quadamtenus
451 2663 640 2754 prophetae
662 2664 817 2729 exstitere
837 2664 890 2728 vel
911 2662 977 2752 ipsi
995 2662 1170 2749 pontifices
1185 2662 1340 2729 aaroniei
1355 2661 1447 2729 Urim
1463 2668 1497 2729 et

180 2769 376 2836 Thummim
390 2772 582 2857 gestantes?
604 2768 727 2859 Populi
745 2775 804 2836 Ex.
829 2775 871 2836 32
887 2767 1078 2835 delectione
1102 2767 1204 2835 huius
1226 2767 1346 2834 divini.
1360 2766 1495 2834 consilii

182 2876 350 2944 exsecutio
370 2876 605 2957 differebatur,
622 2875 759 2942 nonnisi
781 2895 843 2964 per
862 2880 977 2964 partes
996 2875 1183 2944 successive
1204 2873 1387 2940 efficienda
1402 2881 1434 2940 et
1450 2874 1496 2940 ad

182 3004 278 3049 suam
294 2982 432 3049 tandem
447 2983 693 3071 perfectionem
709 2980 922 3072 deducenda.
938 2983 1141 3077 Concessum
1156 2986 1206 3047 est
1220 2979 1371 3070 primum
1385 3003 1496 3047 socer·

182 3088 313 3155 dotium
340 3088 554 3172 serenicum,
592 3087 685 3178 quod
718 3109 826 3177 usque
853 3087 897 3154 ad
925 3087 1099 3154 Christum
1126 3086 1343 3176 perduravit,
1378 3092 1497 3176 postea

181 3217 326 3284 requam
349 3195 556 3275 davidicum,
586 3194 648 3263 sed
669 3193 762 3284 quod
784 3193 865 3261 inde
892 3192 937 3259 ab
967 3193 1086 3260 exsilio
1114 3192 1321 3281 babylonico
1349 3192 1492 3275 delecit3

178 3301 358 3391 prophetia
375 3301 456 3369 inde
483 3325 504 3368 a
523 3305 642 3390 Moyse,
664 3299 753 3368 nulli
775 3299 883 3366 tribui
905 3298 1081 3380 adstricta,
1098 3298 1337 3365 intermittens.
1360 3299 1496 3389 Aspira·

182 3407 266 3474 bant
286 3407 403 3475 ludaei
427 3408 472 3474 ad
493 3430 574 3475 suae
596 3407 647 3474 rei
671 3406 831 3495 publicae
853 3406 1045 3494 perlectum
1066 3409 1204 3487 statum,
1231 3403 1371 3492 quando
1393 3426 1497 3494 penes

181 3535 290 3580 unum
311 3514 423 3580 futura
446 3519 556 3579 essent
584 3533 744 3598 regnum,
775 3509 1017 3590 sacerdotium,
1044 3508 1238 3598 prophetia.
1261 3514 1329 3575 lloc
1349 3531 1496 3596 regnum

182 3619 390 3684 sacerdotale
406 3627 440 3684 et
459 3619 700 3707 propheticum
716 3618 836 3684 merito
850 3616 889 3683 in
910 3614 1107 3682 novissimis
1128 3614 1249 3682 diebus
1265 3615 1497 3706 opperieban-

184 3730 249 3803 tur,
266 3723 303 3790 in
317 3729 433 3790 nostro
449 3723 552 3790 etiam
576 3728 668 3791 textu
684 3722 928 3791 adumbratum
945 3718 1207 3788 contuebantur.

282 3951 478 4020 11111111
501 3951 695 4019 civitatibus
718 3913 851 4042 resupii
872 3949 1108 4018 cisiordanicis
1130 3954 1230 4017 Decet.
1257 3956 1403 4034 19,1-13.

225 4152 310 4239 1119.
328 4189 372 4200 -
386 4150 548 4239 Pericope
568 4153 617 4216 est
637 4148 818 4238 explicatio
837 4147 927 4234 legis
946 4150 1045 4214 Num.
1069 4154 1169 4230 35,10
1194 4168 1271 4236 sqq.
1292 4169 1299 4215 :
1317 4168 1361 4214 sc.
1385 4168 1417 4212 v.
1437 4151 1493 4215 116

182 4262 262 4322 etv.
285 4265 386 4324 11-13
401 4257 564 4345 exemplis
577 4255 707 4337 definit,
726 4255 803 4344 quis
817 4254 1007 4321 censendus
1024 4254 1067 4320 sit
1081 4253 1210 4320 occisor
1223 4252 1402 4336 innocens,
1418 4253 1494 4343 quis

183 4384 319 4431 nocens.
343 4363 575 4430 Praemittitur
588 4384 621 4429 v.
640 4360 695 4430 1'.3
711 4362 873 4452 prologus
887 4359 1073 4444 oratorius3
1093 4360 1255 4427 inseritur
1270 4383 1302 4427 v.
1320 4367 1401 4427 7-10
1420 4382 1494 4426 mo-

182 4468 292 4533 nitum
312 4475 390 4559 pest
404 4470 565 4536 dilatatos
588 4469 822 4536 Hebraeorum
845 4468 929 4535 lines
951 4466 1054 4535 etiam
1073 4465 1323 4557 duplicandum
1344 4488 1414 4533 csse
1433 4488 1492 4532 ea-

184 4594 260 4638 rnm
275 4572 449 4642 civitatum
465 4596 663 4643 numerum.

227 4678 473 4766 Explicationes
485 4681 564 4750 illae
582 4681 653 4748 sine
669 4679 776 4749 dubio
797 4702 833 4747 re
853 4680 996 4746 eaedem
1015 4684 1097 4747 sunt
1113 4700 1192 4746 cum
1207 4674 1493 4765 explicationibus
