3366 5346
59 285 63 291 ’
194 300 251 357 116
745 309 958 354 rsrnonucrro.

193 448 327 535 (21,23;
349 452 445 525 22,”1;
465 449 578 525 usus.
599 450 659 525 20;
680 447 775 524 21,1;
795 449 909 524 25,12.
934 449 992 526 16;
1015 445 1144 530 26,15);
1163 444 1246 510 item
1265 443 1300 509 in
1321 444 1506 533 adscriptis

194 551 488 621 benedictionibus
521 551 633 639 (22,7;
660 555 778 630 23,2θ;
804 551 920 637 2515)
947 556 980 616 11
1001 547 1326 617 comminationibus
1356 550 1506 639 (25,12);

194 660 350 739 adverte,
365 677 585 747 nequaquam
606 653 724 721 omnia
742 653 803 721 illa
817 655 982 724 idiomata
1001 676 1072 722 esse
1092 661 1185 722 certa
1204 657 1248 744 (v.
1261 653 1316 742 i.).
1334 656 1507 740 Proiecto,

193 765 342 832 affinitas
361 763 422 830 illa
442 761 592 829 universi
611 760 680 828 stili
698 760 817 848 legum
832 760 954 828 tertiae
970 759 1072 844 seriei
1091 782 1169 828 cum
1185 764 1281 828 Deut.
1304 762 1508 850 5-11planc

191 871 341 958 gratuito
360 866 563 936 adstruitur.

233 981 340 1062 Ergo,
362 975 390 1042 si
415 971 562 1041 criteriis
577 978 667 1058 1111.
690 995 809 1063 reapse
834 972 953 1064 aliqua
979 973 1048 1041 stili
1077 973 1227 1041 affinitas
1254 975 1509 1043 demonstratur

189 1106 268 1150 cum
283 1086 378 1149 Dent.
395 1087 493 1163 5-11,
510 1102 579 1146 111
595 1085 645 1146 est
660 1101 701 1146 ea
714 1079 935 1147 attribuenda
949 1079 1032 1169 ipsis
1047 1078 1181 1167 legibus
1198 1101 1216 1146 e
1231 1080 1335 1146 variis
1353 1081 1507 1149 lontibus

165 1266 168 1271 ,
190 1188 422 1279 undequaque
448 1187 589 1266 coactis,
613 1185 672 1253 sed
703 1185 875 1252 collectori
902 1185 1033 1274 legum.
1058 1186 1406 1276 Deprehendehamus
1433 1191 1506 1255 cut

190 1320 224 1385 p.
244 1302 284 1363 19
296 1318 348 1385 sq.
364 1289 493 1361 textum
508 1293 639 1380 legum,
654 1313 743 1383 quae
758 1313 778 1358 a
792 1291 1000 1381 patriarchis
1012 1290 1382 1361 adltebrueosfucrant
1397 1300 1506 1362 trans-

189 1403 326 1482 missae,
346 1405 461 1468 sancte
481 1396 727 1488 utplurimum
742 1403 912 1466 servatum
933 1403 1037 1488 atque
1056 1420 1096 1465 ea
1116 1398 1274 1465 habitum
1294 1402 1503 1482 reverentia,

188 1514 225 1574 ut
238 1508 325 1575 nihil
341 1513 401 1575 aut
413 1507 445 1574 ei
463 1505 673 1593 insereretur
686 1510 745 1573 aut
760 1504 798 1572 in
811 1527 851 1572 eo
867 1511 1058 1573 mutaretur
1072 1505 1148 1586 sed,
1163 1506 1191 1572 si
1206 1504 1291 1595 quid
1306 1506 1506 1598 addendum

187 1614 404 1705 postmodum
426 1612 612 1693 videretur,
636 1611 721 1679 illud
745 1612 905 1700 antiquae
924 1610 994 1698 legi
1014 1611 1214 1681 immutatae
1236 1611 1279 1679 ad
1295 1613 1424 1681 calcem
1442 1613 1505 1681 ad-

186 1720 404 1789 scriberetur.
426 1718 501 1785 Atia
520 1718 656 1785 videtur
674 1716 777 1784 tuisse
797 1717 933 1804 legum,
960 1739 1049 1807 quae
1072 1717 1230 1785 nondum
1254 1719 1400 1809 scriptae
1419 1742 1504 1788 aevo

186 1827 338 1894 iudicum
368 1823 709 1905 circumferebantur,
739 1822 903 1890 conditio.
933 1827 1007 1890 Non
1029 1821 1100 1891 iam
1124 1822 1246 1891 eadem
1273 1824 1317 1892 ab
1344 1822 1505 1893 omnibus

187 1931 348 1999 videntur
371 1931 532 1998 recitatae
552 1951 623 1996 esse
644 1929 771 2007 sorma3
790 1927 962 1996 collectori
985 1929 1178 2018 epluribus
1199 1929 1317 1998 formis
1337 1953 1406 1998 una
1424 1931 1504 1999 seli-

186 2039 316 2126 genda,
343 2035 552 2127 quandoque
579 2056 596 2102 e
621 2035 780 2126 pluribus
809 2056 879 2102 una
904 2036 1113 2102 accurratior
1136 2035 1392 2126 compingenda
1414 2043 1500 2105 erat.

186 2150 300 2232 Neque
318 2145 390 2233 ipso
408 2143 591 2225 verebatur
609 2142 678 2207 iam
693 2141 802 2208 textui
818 2140 951 2209 incerto
966 2141 1151 2208 admovere
1162 2163 1301 2226 manus,
1318 2142 1418 2210 initio
1435 2145 1503 2210 im·

186 2249 310 2339 primis
322 2256 354 2315 et
366 2251 403 2314 in
413 2248 494 2329 fine,
513 2246 808 2313 benedictionibus
820 2246 876 2313 vel
891 2247 1216 2317 comminationibus
1229 2248 1433 2338 adscriptis,
1447 2249 1503 2318 vel

186 2353 343 2422 formulis
366 2354 450 2435 illis,
470 2352 597 2442 quibus
619 2351 692 2441 ipse
716 2352 907 2420 identidem
926 2353 1064 2421 insertis
1089 2354 1298 2422 collectaneo
1323 2356 1392 2423 vim
1413 2355 1503 2444 legis

49 2478 57 2491 ·
186 2460 394 2528 vindicabat.
437 2534 440 2538 Α

229 2572 389 2658 Superest
403 2588 522 2656 porro,
543 2571 579 2633 ut
597 2567 830 2634 examinemus
845 2572 977 2646 utrum,
995 2589 1081 2655 quas
1095 2589 1263 2657 perpensa
1283 2567 1384 2635 tertia
1398 2546 1503 2636 series

183 2680 278 2742 Dent.
315 2679 513 2757 21,1-26,15
547 2673 705 2761 suggerit
737 2673 986 2753 conclusiones,
1012 2672 1149 2740 easdem
1187 2696 1378 2764 perpensae
1412 2674 1501 2743 dacae

180 2782 312 2872 priores
327 2779 430 2848 series
445 2784 541 2847 lleut.
562 2762 662 2846 ltu-20
678 2779 896 2846 confirment.

229 2888 337 2973 Igitur
356 2889 393 2953 in
413 2885 635 2974 inscriptione
656 2891 753 2952 Dent.
778 2892 873 2965 12,1,
896 2908 1000 2974 quam
1023 2885 1266 2953 collector-toti
1288 2885 1499 2955 collectaneo

182 2992 355 3082 praefixit,
384 2991 602 3080 reperiuntur
626 2991 807 3071 idiomata,
837 3014 878 3057 ex
902 2992 943 3057 iis
972 3013 1061 3081 quae
1088 2996 1169 3060 Kue.
1195 2992 1329 3076 statuit,
1356 2994 1498 3061 omnino

183 3097 467 3187 quatuortntpn,
490 3111 551 3169 nu,
576 3110 645 3165 111,
668 3086 770 3164 accub
791 3104 890 3175 111).
913 3097 1052 3165 Nullum
1077 3097 1183 3165 habet
1211 3098 1415 3190 perantiqua
1444 3101 1499 3167 lex

184 3202 361 3286 1227111
385 3201 461 3269 loco
486 3202 607 3269 cultus.
633 3206 656 3268 E
678 3208 799 3270 contra
823 3202 963 3269 novellis
987 3211 1127 3292 praeter
1148 3205 1315 3272 formulas
1337 3228 1369 3272 v.
1393 3211 1497 3274 2332

183 3309 364 3398 adscripsit
378 3308 543 3375 collector
559 3331 591 3373 v.
616 3314 668 3374 11.
689 3314 728 3376 11
751 3308 868 3396 (etiam
884 3330 916 3376 v.
934 3309 991 3398 21)
1007 3309 1114 3376 verba
1133 3332 1221 3399 quae
1237 3310 1400 3402 praecepi
1416 3312 1493 3397 tici,
1529 3311 1531 3314 ⁴

182 3417 225 3483 ad
245 3415 371 3483 clarius
388 3412 604 3482 innuendum
624 3414 696 3481 sola
719 3414 885 3481 sacrificia
904 3415 982 3503 lege
996 3428 1184 3506 praecepta
1205 3416 1249 3484 ad
1262 3417 1496 3485 sanctuarium

182 3523 368 3591 maximum
382 3521 508 3589 deterri
523 3526 699 3612 oporterc;
715 3521 796 3586 item
812 3523 974 3588 instantes
991 3521 1197 3589 monitiones
1211 3545 1241 3589 v.
1260 3531 1313 3590 13.
1334 3531 1386 3591 19.
1405 3530 1447 3591 39
1464 3531 1497 3592 11

180 3628 439 3695 benedictiones
462 3652 495 3695 v.
524 3636 580 3697 25.
609 3633 664 3696 28.
691 3631 752 3694 Tot
776 3628 842 3694 hae
870 3624 1025 3694 novellae
1051 3628 1182 3695 habent
1206 3629 1390 3707 idiomata,
1416 3636 1496 3696 111

180 3735 362 3803 collectore
381 3740 473 3801 totae
490 3734 593 3800 veluti
609 3738 810 3801 retractatae
829 3756 900 3800 esse
919 3733 1112 3802 videantur.
1131 3736 1281 3825 ldipsum
1299 3737 1341 3804 de
1361 3759 1437 3826 cap.
1455 3743 1495 3804 13

180 3843 225 3910 ob
242 3842 394 3933 plurima
407 3840 572 3907 idiomata
587 3840 763 3908 affirmant
777 3840 881 3907 eliam
895 3840 1087 3908 criticorum
1106 3841 1225 3931 aliqui.

224 3956 314 4016 Duae
328 3949 422 4035 leges
436 3947 479 4013 de
492 3945 669 4014 funeribus
685 3953 718 4013 et
733 3948 819 4014 cibis
833 3947 869 4013 iu
887 3969 991 4014 unam
1009 3949 1121 4033 legem
1140 3954 1275 4029 11,1-21
1299 3957 1496 4038 compactae

179 4057 436 4144 conspiciuntur
455 4052 628 4132 formulis,
646 4075 734 4142 quae
755 4077 824 4119 non
843 4061 921 4120 sunt
940 4054 1050 4120 nostri
1070 4054 1281 4134 collectoris,
1303 4054 1361 4122 sed
1381 4055 1495 4144 potius

178 4165 255 4229 Lev.
276 4168 451 4241 11,13-15;
471 4165 572 4226 18-22
587 4158 641 4247 (11.
660 4159 838 4226 Schemate
852 4163 924 4226 cuc
937 4183 971 4250 p.
991 4167 1068 4228 119.
1086 4161 1163 4248 ara)
1180 4160 1217 4226 in
1231 4168 1378 4227 mentem
1396 4183 1493 4230 revo-

178 4273 257 4334 cant
280 4290 286 4334 :
313 4296 328 4327 a
356 4267 429 4333 Filii
453 4265 530 4332 estis
555 4265 656 4332 lahve
679 4265 737 4330 Dei
760 4266 862 4331 vestri
890 4296 921 4345 ι),
942 4294 957 4326 o
984 4266 1134 4356 populus
1157 4273 1292 4334 sanctus
1317 4290 1350 4334 es
1372 4297 1400 4346 υ,
1427 4273 1491 4334 111.

177 4378 328 4441 Fortasse
349 4373 413 4439 hae
433 4372 521 4456 duae
540 4372 634 4458 leges
653 4370 723 4438 iam
743 4371 778 4437 in
803 4395 906 4439 unam
926 4373 1141 4454 coaluerant,
1161 4373 1300 4462 quando
1316 4376 1352 4441 in
1373 4396 1494 4442 manus

177 4480 369 4549 collectoris
393 4480 572 4546 devenere.
598 4479 732 4544 Nullum
754 4480 884 4546 habent
906 4477 1037 4546 idioma
1059 4501 1098 4545 ex
1122 4479 1179 4559 iis,
1209 4504 1296 4570 quae
1319 4486 1399 4548 Kue.
1427 4488 1494 4547 sta·

176 4592 256 4672 tuit,
271 4595 407 4678 praeter
423 4609 455 4653 v.
475 4594 493 4653 3
509 4600 621 4654 nnmn.
638 4590 761 4651 Eorum
778 4587 876 4675 plura
897 4586 1002 4653 habet
1027 4587 1078 4652 lex
1093 4586 1135 4654 de
1158 4587 1298 4653 decimis
1317 4593 1490 4668 112229,

175 4720 258 4764 aevo
279 4695 430 4763 iudicum
447 4699 525 4761 nata
545 4700 603 4761 aut
619 4697 817 4766 retractata.
837 4701 868 4759 et
883 4691 936 4759 lex
957 4693 999 4760 de
1019 4716 1109 4761 anno
1130 4693 1307 4763 sabbatico
1331 4701 1488 4776 15,1-18;
