3366 5346
243 302 302 361 Μ
694 310 927 360 cotuacmrnuu
947 309 1108 358 sannaus.

241 452 448 542 praestitisse
461 452 635 539 integrum
651 455 685 516 et
696 450 770 515 sine
782 445 1021 538 superstitione
1035 444 1187 512 declaret
1203 442 1295 533 apud
1311 444 1567 529 sanctuarium,

242 580 323 625 sane
343 563 416 625 tum
432 557 569 649 quando
587 555 756 624 decimam
776 574 996 622 communem
1011 551 1093 619 illuc
1107 551 1250 618 deferet.

286 665 470 756 Pericopae
497 687 529 732 v.
559 670 635 732 1-11
662 670 695 730 et
719 669 821 729 12-15
850 666 960 748 agunt
984 659 1027 726 de
1051 658 1154 725 rebus
1176 657 1352 741 affinibus,
1378 658 1569 750 deprimis

241 771 401 858 frugibus
426 777 461 838 et
482 771 525 838 de
544 770 683 858 frugum
706 769 861 836 decimis.
882 768 1065 857 Perieopas
1083 765 1239 832 intimius
1257 765 1361 832 etiam
1375 767 1568 836 cohaerere

242 879 332 945 inter
347 901 394 961 se,
411 879 521 945 infero
534 877 699 945 exverbis
711 899 742 942 v.
758 882 862 944 13-15
879 873 1022 942 omnino
1038 873 1201 940 affinibus
1213 871 1445 941 verborumv.
1465 880 1562 942 5-10.

242 988 328 1052 Sane
348 984 434 1051 boni
456 984 510 1052 illi
533 990 648 1075 patres
671 982 885 1051 familiarum
909 1004 977 1050 non
1005 981 1167 1049 continuo
1187 1000 1362 1047 sermones
1384 980 1568 1049 habebant

241 1113 349 1181 prope
372 1091 622 1173 sanctuarium,
649 1091 710 1159 sed
737 1089 824 1156 raris
845 1093 980 1157 tantum
1003 1086 1209 1178 quibusdam
1229 1085 1475 1155 occasionibus.
1498 1092 1567 1156 Cur

242 1219 435 1266 sermonem
468 1196 654 1266 habuerint
678 1196 782 1264 tertio
812 1218 951 1286 quoque
987 1217 1079 1263 anno
1112 1196 1154 1262 de
1182 1191 1325 1262 decimis
1351 1216 1563 1285 pauperum,

242 1298 513 1393 quidermonem
531 1326 603 1372 non
620 1304 783 1373 videntur
798 1302 959 1372 habuisse
977 1302 1162 1393 quotannis
1176 1301 1213 1370 in
1228 1299 1406 1371 tradendis
1419 1301 1566 1369 decimis

241 1410 365 1496 levitis,
387 1413 424 1478 in
450 1410 711 1502 praesentandis
729 1410 973 1503 primogenitis
993 1412 1081 1476 etc?
1103 1408 1226 1496 Agitur
1246 1410 1351 1477 etiam
1376 1408 1433 1476 hic
1451 1407 1495 1475 de
1524 1430 1564 1474 re

243 1516 453 1585 «dumtaxat
478 1518 584 1585 semel
604 1519 762 1586 iacienda
787 1546 818 1585 a.
840 1515 1055 1606 Praecipitur
1072 1515 1178 1602 igitur
1193 1518 1260 1583 hac
1275 1515 1353 1602 lege
1374 1536 1414 1582 ea
1429 1514 1567 1582 decima

242 1622 407 1690 solvenda
430 1624 529 1691 tertio
548 1646 639 1691 anno
663 1630 741 1714 post
764 1630 967 1713 occupatam
988 1628 1233 1714 permanenter
1256 1620 1409 1690 familiae
1427 1642 1566 1711 posses-

241 1729 372 1796 sionem
399 1729 445 1819 (v.
473 1733 525 1820 1),
553 1731 704 1797 secundo
726 1753 818 1798 enno
838 1735 917 1820 post
935 1729 1057 1796 allatas
1075 1729 1203 1819 primas
1218 1729 1336 1815 fruges
1348 1728 1395 1818 (v.
1412 1728 1468 1817 2),
1489 1750 1567 1795 non

244 1837 357 1924 primo
384 1836 501 1903 statim
525 1843 601 1926 post
624 1843 827 1928 occupatam
855 1835 1103 1928 possessionem
1129 1857 1237 1917 anno,
1260 1834 1344 1926 quia
1367 1833 1566 1902 uberiorem

242 1940 352 2009 solent
371 1942 448 2029 agri
472 1943 615 2010 reddere
629 1950 839 2034 proventum
861 1949 947 2027 tum,
977 1942 1117 2032 quando
1136 1965 1209 2032 -per
1228 1942 1364 2032 aliquos
1382 1961 1493 2008 annos
1508 1962 1566 2007 ex·

242 2048 455 2116 colebantur.
475 2050 688 2140 raecipitur
704 2053 770 2118 hac
785 2051 865 2138 lege
889 2049 1072 2141 pendenda
1091 2048 1209 2132 semel,
1229 2049 1300 2131 scd,
1325 2047 1386 2115 ubi
1399 2048 1568 2138 deinceps

242 2155 376 2223 decima
391 2178 507 2223 annua
525 2157 638 2225 levitis
652 2158 828 2225 subtracta
848 2156 1004 2247 impendi
1023 2160 1144 2246 coepta
1158 2162 1209 2223 est
1223 2155 1327 2223 sacris
1343 2153 1466 2245 populi
1480 2175 1567 2220 con-

243 2261 353 2342 viviis,
372 2284 412 2327 ac
430 2263 533 2328 simul
557 2263 757 2350 indigorum
779 2285 945 2331 numerus
965 2285 1071 2353 usque
1096 2263 1301 2350 augebatur,
1323 2259 1471 2327 invaluit
1485 2283 1567 2329 usus

246 2372 344 2448 ΜΒ
370 2389 438 2455 sq,
465 2373 505 2435 ut
528 2370 629 2435 tertio
654 2392 792 2459 quoque
823 2392 914 2437 enno
937 2369 1069 2436 decima
1092 2391 1208 2436 annua
1230 2389 1299 2435 non
1324 2365 1491 2435 conviviis
1505 2367 1566 2435 sed

242 2472 442 2559 indigorum
468 2475 658 2543 necessitati
688 2475 960 2567 impenderetur,
996 2482 1101 2567 atque
1124 2476 1174 2544 ita
1202 2475 1348 2556 decima,
1375 2496 1466 2564 quae
1506 2480 1564 2559 26,

245 2585 286 2646 12
300 2602 376 2670 sqq.
403 2603 467 2671 pro
486 2603 554 2648 una
570 2588 705 2650 tantum
721 2583 794 2651 vice
818 2583 997 2664 indicitur,
1013 2585 1102 2651 lacta
1117 2592 1166 2650 est
1183 2580 1441 2672 quodammodo
1458 2581 1568 2648 trien·

242 2684 344 2768 nelis,
367 2688 452 2776 quin
476 2692 593 2756 tamen
616 2691 718 2757 tertio
745 2713 885 2780 quoque
916 2711 1007 2757 anno
1037 2690 1126 2757 ditae
1149 2688 1302 2756 decimae
1332 2687 1561 2755 solverentur.

243 2797 363 2860 Nostra
375 2794 429 2861 lex
446 2795 623 2884 antiquior
636 2802 685 2864 est
699 2797 777 2884 lege
796 2803 976 2886 1t‚28sq.;
994 2798 1024 2863 si
1034 2796 1122 2863 illud
1143 2796 1187 2862 dc
1202 2794 1327 2863 Levitis
1341 2817 1374 2863 ν.
1394 2794 1501 2863 milli
1519 2794 1567 2863 ab

243 2899 343 2966 initio
367 2900 492 2984 inerat,
515 2903 697 2991 oportebat
729 2904 783 2969 vel
806 2909 880 2970 tum
905 2903 1038 2970 Levites
1061 2925 1186 2990 vagam
1211 2901 1337 2992 passim
1363 2905 1398 2968 et
1415 2922 1567 2987 egenam

245 3007 349 3071 vitam
364 3028 480 3092 agere.
498 3009 593 3084 Quod
612 3009 820 3076 confirmant
834 3008 908 3077 lud.
929 3017 972 3076 17
987 3031 1061 3100 sqq.

289 3133 321 3176 v.
339 3117 380 3177 12
396 3141 411 3171 u
436 3113 580 3193 Quando
600 3115 823 3204 eorrrpleceris
838 3115 1008 3183 decimam
1026 3129 1230 3183 cunctarum
1241 3115 1391 3206 fraqam
1405 3126 1563 3195 tuarum,

244 3240 336 3283 antio
349 3217 562 3286 decimarum
577 3220 677 3287 tertio
694 3221 792 3288 dabis
814 3222 953 3289 Levitae
966 3234 998 3289 et
1010 3221 1162 3290 advenae
1175 3235 1206 3289 et
1219 3222 1357 3314 pupillo
1371 3234 1405 3288 et
1420 3220 1566 3304 viduae,

245 3335 284 3391 ut
296 3324 476 3393 cornedant
490 3327 582 3394 intra
592 3341 713 3419 portos
726 3340 804 3396 tuas
817 3341 849 3396 et
863 3342 1063 3397 nutrirentur
1076 3357 1106 3398 ».
1124 3335 1212 3416 Ergo
1227 3328 1465 3398 distribuenda
1480 3328 1567 3396 haec

244 3433 280 3498 in
304 3432 401 3515 urbe,
436 3455 505 3500 non
535 3435 761 3524 producenda
786 3436 830 3504 ad
857 3436 1103 3504 sanctuarium.
1132 3450 1318 3508 turnum,
1349 3434 1568 3526 probabilius

244 3539 481 3628 punctandum
500 3542 570 3631 piel
595 3545 782 3626 uti1t,a·2;
810 3548 892 3610 Gen.
921 3549 1025 3625 2832
1050 3563 1058 3609 τ
1080 3549 1174 3611 verte
1198 3542 1368 3610 decimam
1389 3562 1564 3632 separare.

246 3650 323 3710 Post
346 3653 537 3734 separatam
558 3649 727 3716 decimam
751 3672 973 3717 communem
997 3656 1032 3717 et
1050 3654 1129 3717 ante
1148 3650 1245 3717 illam
1265 3649 1311 3717 ad
1330 3647 1567 3717 sanctuarium

245 3750 407 3833 delatam,
438 3760 575 3843 separat
600 3756 653 3821 vir
672 3755 817 3823 alteram
838 3756 1008 3824 decimam
1030 3778 1175 3846 eamque
1203 3754 1378 3822 distribuit
1398 3753 1568 3845 pauperi-

246 3858 322 3939 hus,
341 3858 423 3925 dein
446 3861 598 3927 ascendit
623 3862 667 3930 ad
691 3863 923 3930 sanctuarium
941 3869 985 3944 et,
1008 3863 1177 3930 decimam
1198 3882 1416 3930 communem
1439 3862 1569 3928 sistens

247 3987 362 4032 coram
384 3966 561 4035 sacerdote
579 3968 634 4035 vel
655 3969 772 4051 levita,
796 3974 1009 4059 protestatur
1030 3992 1065 4037 se
1084 3970 1230 4036 alteram
1244 3969 1414 4036 decimam
1428 3989 1566 4057 paupe·

247 4071 343 4136 ribus
365 4094 533 4160 erogasse.
556 4091 683 4164 quamn
702 4076 752 4141 uti
771 4082 884 4157 mna.
907 4082 950 4143 28
973 4082 1178 4166 proventum
1199 4096 1362 4163 agrorum
1377 4072 1564 4160 designat:

245 4198 292 4242 sc.
315 4178 455 4265 exponit
476 4203 508 4247 v.
533 4187 584 4263 12,
607 4180 691 4270 quid
713 4181 961 4272 praestandum
987 4184 1046 4266 sit,
1064 4183 1203 4273 quando
1225 4183 1302 4272 quis
1323 4182 1360 4248 in
1381 4179 1568 4271 possessio·

247 4302 325 4347 nem
341 4304 504 4370 apronium
523 4288 668 4354 venerit.
692 4288 756 4355 Sed
771 4310 840 4355 non
856 4289 973 4376 agitur
993 4288 1036 4357 de
1052 4288 1194 4356 decimis
1206 4289 1345 4370 annuiS,
1368 4286 1428 4354 sed
1442 4284 1487 4352 de
1505 4284 1567 4353 de-

247 4386 346 4454 cimis
367 4390 462 4454 tertii
481 4393 584 4473 anni,
608 4395 668 4482 qui
688 4400 907 4486 computatur
931 4420 950 4463 a
975 4398 1185 4487 possessione
1208 4415 1372 4482 agrorum
1392 4391 1567 4482 completa

247 4515 279 4560 v.
301 4502 329 4562 1.
355 4498 459 4562 Ilebr.
488 4517 496 4563 ε
521 4520 612 4564 anno
634 4501 746 4587 tertio,
768 4525 861 4569 uano
882 4502 1107 4570 decimarum.
1134 4501 1321 4582 Quomodo,
1340 4522 1417 4567 cum
1432 4498 1567 4585 singuli

247 4603 330 4668 anni
357 4625 437 4671 suas
459 4605 629 4673 haberent
643 4607 804 4689 decimas,
823 4632 934 4676 annus
949 4610 1071 4678 tertius
1086 4607 1203 4676 vocari
1215 4608 1325 4697 potuit
1341 4628 1454 4674 annas
1471 4603 1567 4673 deci·

246 4713 406 4777 cnorum?
432 4715 496 4780 Pro
519 4727 636 4782 turno
652 4729 721 4778 nrt·
734 4715 812 4802 lege
835 4738 913 4783 cum
928 4710 1019 4785 LXX
1042 4729 1158 4785 rtrum
1174 4729 1273 4790 trram,
1293 4726 1326 4784 τὸ
1343 4722 1479 4803 δεύτερον
1496 4718 1566 4782 ἐπι·
