3366 5346
197 323 256 381 371
648 332 878 380 cornacrausux
901 332 1058 376 saxosus.

196 470 375 538 oraculum
400 468 491 535 edat.
512 468 627 533 Merito
651 466 731 534 huie
754 465 959 555 prophetiae
984 469 1141 531 accenset
1169 467 1223 529 Ps.
1253 465 1327 529 lou.
1359 463 1457 529 Urim
1487 468 1520 529 et

194 576 400 655 Thummim,
420 574 514 665 quod
540 595 657 662 reapse
677 578 750 638 erat
772 572 984 638 oraculum«
1006 572 1194 660 perlectum
1217 599 1232 630 »
1252 569 1297 657 (v.
1324 569 1380 658 13)
1398 569 1433 635 in
1459 591 1517 635 eo-

194 684 273 749 dem
297 703 435 768 genere,
460 682 495 746 in
515 702 583 769 quo
605 678 752 765 auguria
776 687 839 744 oto.
868 677 913 743 ob
940 676 1091 744 additam
1112 676 1391 767 superstitionem
1416 682 1517 743 erant

193 788 406 877 imperfecta.
423 785 486 852 Sed
504 786 718 874 potissimum
732 783 974 870 intelliguntur
989 781 1055 873 ipsi
1070 783 1272 873 prophetae.
1291 782 1385 849 Sicut
1397 787 1511 848 autem

191 916 304 983 neque
331 892 425 982 apud
448 897 566 978 gentes
594 913 731 980 semper
751 890 845 957 etde
869 889 1028 959 omnibus
1050 889 1270 956 habebantur
1293 888 1447 972 oracula,
1464 887 1511 956 ita

191 1022 303 1089 neque
331 997 424 1089 apud
448 997 617 1065 Hebraeos
645 999 698 1082 (el.
725 1004 739 1063 1
766 1002 850 1083 Heg.
877 997 984 1085 ‘28‚b),
1007 996 1066 1063 sed
1092 1000 1224 1063 lantum
1251 995 1510 1086 «temporibus

190 1107 258 1174 suis
276 1133 291 1165 n
315 1105 572 1193 (1191199333).
590 1127 622 1171 v.
642 1111 714 1171 15«
733 1103 939 1194 I’ropbctum
953 1102 995 1169 dc
1009 1114 1110 1191 qcutc
1128 1115 1188 1169 tica
1210 1103 1266 1190 [ct]
1285 1100 1327 1169 de
1339 1102 1509 1189 frutribus

190 1214 269 1296 turs,
284 1213 371 1279 sicut
396 1233 460 1295 me,
477 1210 658 1277 suscitabit
678 1210 741 1276 tibi
764 1209 930 1276 Dominus
948 1213 1040 1275 Deus
1064 1221 1141 1275 trices
1165 1232 1172 1276 :
1198 1208 1310 1299 ipsium
1333 1209 1505 1276 audies».

190 1317 325 1406 Reliqui
353 1316 512 1384 audietis.
533 1319 634 1382 chr.
660 1315 779 1383 Cbold.
803 1318 883 1405 Syr.
910 1339 916 1384 :
939 1314 980 1381 de
1008 1313 1118 1381 medio
1141 1313 1207 1395 tui,
1223 1319 1256 1381 ct
1285 1315 1358 1382 sine
1383 1314 1510 1404 copula

188 1424 438 1515 appositionem
468 1422 671 1490 adscribunt
695 1421 736 1489 dc
762 1421 935 1508 fratribus
962 1423 1042 1488 tuis.
1072 1424 1166 1490 Sam.
1194 1423 1299 1506 LXX,
1325 1420 1375 1487 uti
1405 1443 1438 1488 v.
1469 1427 1509 1519 18

189 1530 231 1597 dc
250 1529 362 1598 medio
382 1531 535 1619 fratrum
555 1543 704 1596 tuorum.
724 1530 872 1614 Magistri
888 1528 933 1616 (a.
952 1529 985 1616 9)
1002 1528 1288 1618 superstitionum
1307 1534 1406 1595 erant
1424 1549 1510 1595 sane

188 1637 345 1727 plerique
362 1636 588 1722 alienigenae,
607 1658 727 1703 eorum
747 1622 837 1702 artes
852 1641 952 1701 erant
971 1641 1063 1701 certe
1081 1641 1274 1715 extraneae,
1290 1635 1413 1700 nonin
1435 1655 1510 1701 me·

188 1743 247 1810 dio
270 1743 391 1810 israele
411 1749 524 1809 natae.
546 1732 646 1809 Sicut
667 1764 733 1823 me,
752 1742 775 1808 i.
804 1765 833 1808 e.
858 1741 945 1808 sicut
963 1747 1098 1828 Hoysen
1121 1762 1129 1808 :
1151 1741 1209 1808 sed
1234 1740 1445 1830 comparatio
1468 1741 1511 1807 fit

183 1849 429 1945 'tantummodo
450 1849 565 1938 quoad
580 1848 797 1938 prophetiam
813 1846 1053 1937 superstitione
1068 1852 1253 1915 carentem.
1269 1850 1337 1913 Non
1357 1847 1510 1935 promit-

182 1957 270 2029 titur
291 1955 473 2047 propbeta,
493 1955 605 2046 qualis
623 1977 730 2045 usque
753 1955 796 2021 ad
816 1960 951 2044 tempus
966 1953 1147 2044 conscripti
1163 1959 1272 2020 textus
1286 1958 1382 2019 Deut.
1401 1958 1508 2036 autu

187 2085 255 2130 non
280 2068 484 2145 surrexerat,
510 2060 570 2150 qui
596 2067 709 2127 nosset
727 2061 835 2152 glabre
862 2061 947 2127 lacie
972 2059 1196 2127 adfaciem:
1221 2058 1282 2126 sed
1309 2080 1422 2149 neque
1454 2059 1507 2125 al-

188 2169 346 2234 firmatur
369 2167 446 2233 talis
471 2167 643 2256 propheta
666 2188 735 2233 non
760 2188 830 2233 esse
855 2173 1080 2247 surrecturus,
1100 2166 1193 2258 quod
1217 2188 1329 2256 neque
1357 2165 1508 2254 scriptor

188 2279 289 2354 aulo
312 2294 375 2361 pro
395 2273 511 2338 loturo
531 2279 685 2361 tempore
705 2280 821 2358 negat.
839 2271 928 2338 Fieri
949 2277 1076 2362 potest,
1093 2277 1130 2338 ut
1145 2278 1246 2354 3t‚10
1262 2271 1366 2338 lateat
1388 2271 1508 2362 aliqua

186 2379 231 2446 ad
256 2383 409 2444 nostrum
437 2383 566 2444 textum
588 2378 722 2446 allusio.
748 2379 848 2444 Cuius
871 2401 987 2445 versus
1011 2377 1157 2468 scriptor
1184 2400 1255 2445 non
1288 2377 1360 2445 sine
1389 2377 1507 2445 dolore

187 2485 347 2567 fateatur,
369 2506 476 2573 usque
506 2485 637 2552 adsue
664 2490 819 2574 tempora
846 2486 1052 2574 prophetam
1080 2484 1200 2572 Hoysis
1228 2485 1410 2574 aequalem
1436 2506 1507 2552 non

183 2591 380 2661 surrexisse.
404 2590 604 2658 Affirmatur
627 2613 730 2680 porro
752 2613 822 2658 una
841 2590 957 2680 aliqua
977 2591 1075 2675 ratio,
1101 2613 1172 2658 non
1194 2590 1308 2674 unica,
1336 2612 1398 2658 cur
1427 2606 1507 2657 eum

184 2698 391 2788 prophetam
417 2699 581 2765 concedat
608 2698 710 2764 lahve
737 2721 744 2763 :
767 2720 813 2765 sc.
840 2699 1018 2764 conlorme
1037 2696 1073 2763 id
1099 2703 1149 2764 est
1176 2696 1291 2787 petitis
1317 2696 1441 2786 populi
1463 2696 1506 2764 ad

184 2810 337 2871 montem
357 2804 481 2884 Horeb,
497 2827 584 2894 quac
605 2805 708 2870 lahve
731 2811 810 2871 ante
835 2811 909 2870 rata
928 2798 1049 2870 babuit
1067 2803 1182 2870 :sicut
1203 2803 1320 2870 omnia
1340 2825 1432 2892 quac
1441 2825 1506 2893 pe·

185 2909 259 2976 tisti
280 2922 344 2977 etc.
370 2909 570 2975 Affirmatur
588 2909 646 2974 ille
667 2911 837 2998 propheta
853 2911 953 2998 plene
974 2915 1206 3000 praestaturus
1228 2931 1299 2976 esse
1323 2930 1428 2976 omne
1454 2909 1504 2993 id,

186 3014 279 3104 quod
299 3021 367 3081 tum
387 3014 535 3104 populus
553 3015 589 3080 in
607 3017 693 3081 votis
708 3015 877 3082 habuerat
897 3035 904 3082 :
925 3038 1034 3106 neque
1049 3021 1166 3083 tamam
1181 3021 1330 3103 negatur
1349 3037 1504 3106 unquam

183 3127 434 3187 assurrecturus
455 3142 525 3186 csse
545 3120 589 3187 ad
613 3119 770 3187 altiorem
796 3122 899 3188 etiam
919 3123 1067 3209 gradum
1088 3145 1140 3205 eo,
1160 3144 1264 3212 quem
1285 3123 1328 3188 ad
1352 3127 1506 3189 montem

184 3226 294 3293 Horeb
310 3226 453 3293 Hebraei
465 3225 747 3313 imaginabantur
764 3248 771 3295 :
790 3250 821 3294 v.
842 3233 882 3293 16
899 3256 914 3289 u
931 3228 1103 3318 adpetisti
1114 3251 1136 3296 a
1147 3229 1293 3295 Domino
1308 3233 1377 3296 Deo
1393 3240 1453 3295 tuo
1470 3228 1507 3297 in

183 3335 306 3419 Horeb,
321 3332 459 3423 qzaeuudo
474 3332 591 3400 concio
607 3347 814 3422 conprobata
827 3347 875 3400 est
888 3362 904 3396 »
919 3333 1024 3423 (9,19;
1042 3342 1132 3418 lu‚t;
1145 3336 1181 3402 in
1196 3336 1506 3426 magnatheopha·

182 3439 240 3506 nia
260 3444 315 3506 Ex.
335 3447 376 3506 19
391 3443 471 3529 sm),
492 3471 507 3502 «
519 3453 623 3530 atquc
638 3439 761 3507 dixisti
772 3462 785 3505 .·
804 3441 900 3508 Ultra
915 3464 984 3508 nou
1000 3442 1142 3509 acediam
1156 3464 1268 3508 ooccm
1287 3442 1427 3509 Domini
1439 3442 1505 3509 Dci

183 3545 263 3630 mei,
279 3559 312 3612 et
327 3546 439 3636 ipucm
455 3547 545 3613 baruc
561 3547 752 3614 airammum
770 3547 920 3637 uruplius
935 3571 1005 3614 nou
1015 3547 1148 3631 videbe,
1160 3572 1202 3616 ue
1217 3550 1346 3616 moriar
1362 3577 1391 3616 ».
1409 3571 1443 3616 v.
1461 3555 1502 3615 17

186 3678 202 3711 u
215 3651 321 3717 Htoit
335 3654 502 3719 Dominus
517 3653 625 3722 mibi:
641 3657 731 3721 Bcnc
746 3653 863 3720 omnia
873 3667 955 3720 sicut
970 3654 1077 3721 locuti
1093 3681 1122 3722 u.
1138 3655 1265 3723 Eadem
1280 3655 1387 3723 habes
1403 3663 1502 3739 539·

183 3763 237 3824 98.
251 3757 349 3824 Seda
363 3764 440 3837 5,31
458 3758 675 3848 aliquantum
691 3760 806 3826 differt
817 3765 973 3829 nosterv.
990 3767 1030 3828 18
1047 3780 1055 3828 :
1073 3789 1089 3823 u
1107 3763 1314 3851 Propbctom
1328 3762 1501 3831 suscitabo

182 3863 231 3930 cis
245 3863 287 3931 dc
303 3863 415 3930 medio
427 3863 581 3951 fratrum
594 3889 747 3949 saiorum,
760 3866 909 3933 similem
923 3867 986 3951 tui,
1005 3880 1037 3935 ct
1048 3891 1177 3958 porram
1192 3872 1289 3936 rerba
1303 3870 1502 3938 mediatore

182 3970 267 4051 eius,
287 3969 513 4059 loqueturque
532 3970 580 4037 ud
598 3995 653 4039 cos
671 3973 799 4050 omniu,
822 3996 911 4063 qaeae
922 3996 1128 4065 praecepero
1146 3975 1202 4041 illi
1217 4003 1247 4044 ».
1266 3975 1328 4043 Ubi
1345 3977 1504 4045 conferas

182 4075 285 4141 etiam
307 4077 414 4143 verba
436 4081 492 4142 Hx.
524 4084 616 4160 t.15,
642 4079 767 4167 quibus
790 4086 904 4146 Aaron
926 4081 1029 4169 Moysi
1054 4081 1307 4150 attribuebatur
1330 4085 1504 4174 propheta

184 4180 253 4268 (Hx.
277 4183 347 4269 7,1)
375 4203 381 4248 :
407 4187 446 4249 Et
464 4183 616 4273 loqueris
640 4187 683 4263 ei,
702 4207 875 4276 ponesque
893 4188 1008 4267 (noui)
1025 4188 1130 4256 verba
1151 4191 1186 4256 in
1207 4212 1266 4256 ore
1287 4189 1369 4276 eius,
1385 4197 1420 4256 et
1434 4212 1504 4279 ego

182 4308 241 4352 ero
255 4285 292 4352 in
312 4309 370 4353 ore
391 4294 449 4355 tuo
464 4294 497 4356 et
511 4289 545 4355 in
566 4312 625 4356 ore
647 4291 730 4374 eius,
748 4297 782 4358 et
799 4293 928 4360 docebo
949 4317 1007 4362 vos
1022 4295 1107 4384 quid
1122 4297 1233 4363 faeere
1249 4295 1412 4365 debeatis.
1431 4298 1504 4385 lgi-

179 4396 237 4459 tur
263 4398 337 4473 5,31
365 4393 406 4459 de
430 4396 504 4462 sola
526 4399 646 4484 Moysis
666 4399 869 4488 prophetica
894 4402 1062 4487 dignitate
1087 4403 1244 4492 explicite
1268 4425 1380 4470 sermo
1405 4411 1500 4486 erat;

179 4498 236 4565 hio
264 4500 519 4589 pronuntiatur,
544 4502 593 4569 ib.
620 4503 722 4570 simul
749 4528 954 4595 permanens
978 4510 1227 4598 prophetarum
1253 4511 1452 4578 institutum
1480 4536 1501 4581 a

176 4611 243 4673 Deo
258 4606 448 4674 stabilitum
465 4631 546 4676 esse.

221 4715 348 4804 Duplex
369 4714 530 4785 adiicitur
553 4718 682 4786 sanctio
705 4739 713 4788 ε
740 4719 848 4786 altera
871 4743 903 4787 v.
931 4729 971 4791 19
993 4720 1030 4789 in
1063 4723 1263 4809 Israelitam,
1284 4726 1343 4815 qui
1370 4748 1496 4797 verum
