3366 5346
582 289 661 340 QUAE
682 288 836 333 sshBUElllT
857 290 944 335 iruna
966 288 1103 333 nummu.
1466 271 1505 332 53

189 425 282 507 sarii,
300 430 337 491 ut
353 445 450 493 suam
470 423 608 489 firment
628 423 849 511 hypothesin,
866 424 993 492 librum
1016 421 1123 489 losiae
1145 426 1300 510 tempore
1318 426 1377 487 aut
1400 421 1505 510 paulo

189 538 267 600 ante
285 553 355 598 esse
373 529 616 619 conscriptum.
639 534 762 597 Verum
781 553 857 597 eam
873 531 1081 620 hypothesin
1098 527 1251 594 lundilns
1269 549 1424 595 eversam
1444 529 1505 597 ha·

189 639 249 706 bes
275 636 328 719 iis,
349 660 436 728 quae
461 636 502 703 de
522 636 730 703 collectaneo
753 636 1083 705 demonstrabamus.
1101 634 1228 701 Exinde
1252 633 1395 723 quippe,
1414 635 1505 724 quod

189 750 284 812 losue
313 749 346 811 et
370 744 505 811 Samuel
532 742 713 809 tradantur
736 765 799 811 sua
825 743 1008 811 inseruisse
1031 744 1151 809 thorae
1176 741 1311 829 Moysis,
1339 741 1503 830 quodque

179 851 354 918 *Samuelis
376 850 542 918 insertum
562 855 653 917 certe
676 855 782 916 exstet
808 856 904 917 Dent.
931 855 1144 932 tal-rouo,
1171 870 1249 937 pars
1278 871 1357 915 vero
1385 849 1506 915 inserti

189 963 284 1025 losua
304 957 517 1047 probabilius
535 961 641 1025 exstet
662 961 757 1025 Dent.
771 963 1007 1039 26‚16··27‚2ss‚
1030 954 1174 1022 indubie
1196 954 1357 1039 efficitur,
1375 960 1409 1022 et
1427 978 1506 1022 nar·

189 1065 356 1132 rationem
379 1071 394 1130 1
422 1068 506 1150 [leg.
534 1070 633 1144 1025
659 1068 693 1128 et
714 1067 776 1129 los.
803 1069 904 1142 9136
925 1085 995 1129 esse
1019 1084 1148 1143 veram,
1170 1067 1203 1128 et
1223 1062 1372 1144 thoram,
1400 1084 1505 1151 quam

188 1176 342 1238 nostrum
366 1175 459 1238 beut.
481 1169 598 1252 hahet,
616 1191 687 1236 esse
709 1168 856 1236 eandem
880 1191 983 1259 quam
1006 1167 1160 1234 habuere
1184 1173 1278 1237 losue
1297 1173 1330 1234 et
1354 1168 1503 1248 Samuel,

188 1299 271 1363 ergo
291 1278 427 1344 thoram
439 1276 569 1363 llloysis.
585 1280 653 1342 llox
670 1275 994 1359 demonstrabimus,
1014 1275 1160 1341 eandem
1179 1275 1269 1340 hanc
1289 1276 1426 1341 tharam
1447 1279 1506 1342 Sa·

188 1383 312 1451 muelis
330 1383 541 1450 collectaneo
563 1388 698 1449 auctam
724 1382 888 1472 reperisse
912 1381 1075 1450 Heleiam.
1098 1381 1236 1448 Etiamsi
1257 1382 1364 1467 igitur
1387 1381 1508 1449 adver·

187 1489 285 1556 soriis
300 1489 420 1557 demus
434 1488 533 1571 illud,
549 1488 640 1579 quod
656 1487 722 1578 ipsi
737 1489 879 1556 minime
893 1488 1144 1571 demonstrant,
1159 1489 1307 1568 thoram,
1321 1494 1506 1578 antequam

188 1596 232 1662 ab
248 1594 361 1662 Heleia
375 1594 597 1685 reperiretur,
619 1594 720 1662 fuisse
741 1595 945 1684 aequalibus
964 1595 1069 1662 losiae
1087 1595 1189 1685 plane
1208 1595 1374 1680 ignotam,
1391 1600 1507 1662 manet

187 1707 303 1768 tamen
321 1701 421 1783 illud,
443 1701 536 1791 quod
554 1707 603 1769 est
623 1701 727 1768 totius
746 1701 986 1791 disputationis
1006 1723 1152 1785 summa,
1169 1706 1341 1791 repertam
1365 1724 1437 1769 esse
1461 1701 1505 1768 ab

187 1808 300 1874 Helcia
318 1809 426 1898 ipsam
442 1830 517 1874 eam
535 1809 683 1890 thoram,
703 1830 806 1897 quam
823 1813 948 1896 Moyses
963 1808 1220 1897 conscripserat,
1236 1813 1269 1873 et
1284 1809 1421 1876 Samuel
1438 1808 1508 1874 col·

186 1913 340 1980 lectaneo
355 1920 505 1981 auxerat.
522 1913 687 1982 Panditur
701 1914 870 2000 lugendus
889 1916 991 2004 plane
1012 1915 1132 1983 thorae
1146 1914 1325 2000 neglectus
1341 1915 1505 2004 posterio-

186 2042 262 2086 rum
282 2041 404 2105 regum
423 2042 518 2101 aevo,
539 2026 655 2087 manet
672 2027 787 2086 tamen
802 2020 1074 2087 demonstratum
1090 2041 1166 2086 eam
1186 2021 1348 2086 exstitisse
1363 2020 1505 2106 regibus

185 2125 345 2193 omnibus
364 2127 468 2212 longe
484 2126 728 2215 antiquiorem.
748 2127 897 2193 Tandem
916 2127 972 2209 iis,
991 2149 1078 2215 qnae
1100 2126 1143 2192 de
1161 2125 1369 2193 collectaneo
1389 2126 1506 2216 dispu-

184 2232 356 2314 tabamus,
381 2231 574 2322 completur
597 2255 653 2314 ea,
680 2254 785 2321 quam
813 2256 918 2322 supra
942 2232 1187 2322 incompletam
1210 2232 1503 2322 relinquebamus,

184 2335 385 2428 disceptatio
412 2339 454 2405 de
478 2359 577 2406 sensu
608 2339 834 2428 expressionis
866 2352 966 2402 urum
983 2354 1055 2405 rnn-
1073 2338 1257 2407 Induhiot
1290 2343 1374 2426 Reg.
1404 2346 1446 2404 22
1471 2346 1506 2407 et

184 2450 205 2509 2
224 2449 298 2512 Par.
322 2450 363 2511 31
380 2445 536 2530 designat
557 2467 598 2512 ea
611 2444 711 2511 illum
730 2445 997 2513 determinatum
1012 2445 1153 2523 librum,
1170 2447 1264 2535 qnia
1283 2451 1389 2532 ltloyse
1406 2451 1501 2514 Dent.

185 2557 285 2630 arnt
310 2556 344 2618 et
368 2574 387 2617 a
409 2556 475 2618 Deo
500 2556 563 2619 los.
591 2557 646 2633 l,8
670 2559 811 2618 vocatur
836 2567 893 2616 mu
909 2562 1095 2625 urrunnun,
1115 2557 1177 2617 los.
1210 2557 1311 2631 wo
1338 2567 1415 2615 nun
1442 2566 1503 2620 nnn

186 2645 295 2734 nanta,
315 2663 330 2721 1
348 2663 430 2743 [teg.
447 2664 548 2740 1⁰35
564 2672 660 2729 annu,
677 2657 700 2724 i.
723 2679 753 2724 e.
776 2657 864 2723 liber
878 2658 947 2726 κατ’
964 2662 1084 2745 ἐξοχὴν.

230 2770 262 2831 3.
280 2764 466 2831 Dicendum
485 2787 589 2854 porro
604 2770 656 2831 est
670 2763 713 2831 de
727 2762 810 2829 libri
824 2764 869 2830 ab
889 2763 1003 2830 Heleia
1015 2763 1143 2854 reperti
1157 2768 1361 2848 argumento
1380 2770 1414 2829 et
1430 2787 1504 2831 am-

182 2869 269 2952 bitu,
290 2893 377 2960 quae
398 2870 614 2938 definiuntur
632 2870 685 2951 iis,
707 2893 797 2960 qnae
820 2875 839 2936 t
859 2875 942 2958 Reg.
966 2875 1038 2937 et2
1061 2876 1136 2937 Par.
1159 2869 1344 2935 traduntur
1362 2870 1404 2936 de
1424 2871 1504 2937 libri

182 2976 320 3044 nomine
335 2983 369 3044 et
381 2990 594 3066 orpumeneo.

227 3088 374 3150 Vocatur
395 3083 453 3150 ille
474 3082 563 3151 liber
585 3084 642 3173 (cf.
659 3106 693 3173 p.
712 3082 768 3172 t8)
795 3082 880 3150 liber
902 3082 1019 3149 thorae
1046 3088 1079 3148 et
1100 3081 1186 3148 liber
1211 3080 1374 3170 foederis.
1399 3088 1503 3151 Porro

181 3196 317 3279 praeter
339 3189 434 3277 leges
459 3189 594 3279 aliquas
620 3189 845 3280 particulares
872 3191 998 3277 (legem
1027 3190 1215 3278 zelotypiae
1240 3190 1329 3274 etc),
1352 3212 1440 3278 quae
1466 3191 1504 3257 in

181 3302 272 3364 textu
298 3297 417 3364 thorae
442 3301 617 3380 vocantur,
644 3297 703 3363 sed
732 3295 817 3362 h.1.
845 3294 968 3362 merito
994 3294 1325 3384 praetermittuntur,
1348 3296 1503 3380 conside-

181 3404 289 3471 randa
307 3403 449 3471 veniunt
461 3402 665 3470 documenta
681 3401 868 3492 prolixiora
885 3402 941 3491 (cf.
958 3401 1065 3468 Klost.
1084 3424 1118 3490 p.
1139 3407 1199 3467 111
1217 3401 1283 3490 sq.)
1303 3423 1310 3468 :

184 3497 186 3501 ⁸
224 3532 256 3576 a.
279 3511 378 3576 Liber
399 3508 558 3576 Foederis
579 3508 725 3576 sinaitici
743 3514 800 3576 Ex.
820 3515 933 3589 21-23,
951 3531 992 3575 eo
1014 3507 1155 3574 nomine
1175 3513 1316 3574 vocatus
1331 3513 1386 3574 Ex.
1403 3516 1499 3591 2¹⁴OE

180 3614 346 3682 sedidem
363 3638 433 3682 non
449 3616 646 3706 appellatur
656 3619 774 3699 thora;
792 3615 830 3683 in
845 3615 984 3705 epilogo
1003 3621 1162 3695 2:3‚20-33
1178 3614 1420 3703 promissiones
1439 3618 1501 3684 ha-

180 3721 253 3803 het,
269 3742 339 3787 non
358 3721 481 3788 minas.
749 3792 751 3796 ,

224 3827 259 3895 b.
280 3828 389 3894 Thoro
404 3827 664 3917 Sacrificiorum
683 3836 760 3897 Lev.
781 3835 947 3911 1,1-·1‚38,
962 3827 1209 3917 subscriptione
1225 3836 1303 3910 7‚37
1326 3829 1425 3894 thora
1441 3853 1503 3918 ap-

179 3934 346 4023 pellatur;
365 3956 485 4001 verum
498 3934 586 4002 liber
600 3936 748 4003 foederis
765 3958 836 4002 non
852 3940 1003 4016 vocatur,
1020 3956 1132 4025 neque
1147 3941 1198 4001 est
1211 3934 1254 4000 de
1271 3933 1408 4001 loedere
1424 3936 1501 4002 lah-

179 4063 245 4108 ven
264 4041 354 4108 inter
376 4046 410 4107 et
428 4040 610 4131 populum,
634 4043 694 4109 sed
716 4050 766 4109 est
787 4040 1004 4109 enchiridion
1026 4041 1072 4108 ad
1095 4063 1195 4108 usum
1216 4041 1430 4129 potissimum
1450 4066 1502 4111 sa-

180 4147 357 4214 cerdotum
371 4147 630 4231 concinnatum
648 4171 716 4215 non
732 4149 838 4216 habet
852 4150 973 4216 minas.

216 4263 252 4321 c.
280 4252 389 4320 Yboro
413 4253 603 4321 Murtditiei
626 4261 702 4322 hev.
734 4262 849 4322 11-15.
875 4254 1038 4340 Singulae
1069 4253 1164 4339 leges
1190 4252 1500 4343 subscriptionibus

178 4359 297 4426 thorae
312 4360 546 4450 appellantur;
564 4361 624 4427 sed
642 4383 709 4427 non
730 4363 803 4448 agit
818 4383 857 4427 ea
872 4361 973 4426 thora
988 4361 1031 4426 de
1047 4358 1150 4425 rebus
1171 4360 1301 4426 cultum
1316 4363 1499 4450 spectanti-

176 4465 253 4550 bus,
271 4488 339 4533 non
355 4467 460 4534 habet
476 4469 599 4548 minas,
616 4490 687 4534 non
701 4473 812 4557 potest
829 4466 944 4534 vocari
958 4466 1048 4532 liber
1062 4466 1220 4532 foederis.

223 4572 257 4639 d.
271 4577 329 4655 lla,
346 4596 451 4663 qnam
471 4573 507 4640 in
529 4575 778 4641 commentario
798 4577 824 4639 Τ
822 4574 943 4640 horam
962 4572 1166 4640 Sanctitntis
1186 4572 1392 4638 vocabamus
1407 4571 1497 4656 (hev.

180 4678 307 4767 18-22),
323 4680 359 4745 in
381 4685 472 4746 textu
495 4702 608 4770 neque
630 4681 731 4748 thora
752 4703 865 4770 neque
888 4680 977 4746 liber
998 4678 1146 4745 foederis
1168 4681 1321 4755 vocatur,
1343 4696 1414 4739 non
1430 4673 1502 4758 agit
