3366 5346
504 297 552 357 11.
577 313 633 357 rex
654 312 692 358 nn
712 311 876 356 rxorurrrs
893 311 901 355 ι
920 311 1006 355 neor.
1030 275 1171 367 l8,9-2·2.
1438 300 1495 358 377

185 445 377 512 sacerdotes
392 467 521 514 omncs.
534 446 599 512 Sed
609 446 695 514 sicut
710 444 862 512 iudicum
877 443 1098 534 particularia
1111 444 1223 511 officia
1237 450 1271 512 et
1282 446 1498 514 sacerdotum

186 551 361 640 portiones
389 551 552 619 describit
576 553 695 642 quales
721 574 782 619 suo
808 556 963 640 ternpore
992 556 1105 631 erant,
1137 550 1238 619 etde
1270 552 1383 641 primo
1415 576 1497 641 rege

184 765 429 853 prophetarum
454 787 524 831 non
549 770 736 833 extremam
759 763 921 831 describit
944 764 982 830 in
1005 764 1126 831 messia
1151 765 1411 853 perfectionem,
1437 767 1499 833 sed

183 870 236 936 sui
252 873 416 961 temporis
430 871 676 952 conditionem,
698 871 838 960 quando
858 870 957 937 bonis
976 869 1098 937 discoli
1116 868 1259 937 admixti
1277 872 1498 961 reperieban-

183 981 250 1044 tur.
275 980 524 1067 Prophetarum
547 977 669 1047 seriem
693 963 844 1044 clausurn
871 977 915 1043 iri
939 996 1009 1042 uno
1037 974 1155 1065 aliquo
1180 977 1350 1066 propheta
1377 980 1498 1047 ceteris

182 1083 342 1151 omnibus
361 1085 608 1168 excellentiore,
626 1107 685 1152 seu
704 1085 860 1152 messiam
874 1083 947 1150 fore
962 1082 1213 1173 prophetarum
1229 1083 1496 1167 nobilissimum,

182 1212 221 1256 ex
236 1191 308 1257 solo
322 1195 413 1259 textu
432 1192 572 1258 seorsim
592 1214 613 1258 a
634 1190 808 1281 prioribus
827 1189 998 1258 vaticiniis
1012 1187 1228 1256 considerato
1248 1211 1317 1256 non
1334 1190 1494 1258 eflicitur.

181 1296 246 1363 Sed
260 1319 337 1365 eum
353 1320 371 1365 e
387 1301 467 1364 Gen.
488 1304 584 1380 3,15;
601 1301 719 1378 te,10;
736 1301 837 1364 Num.
855 1301 956 1376 2th
972 1295 1043 1362 iam
1058 1301 1132 1362 tum
1144 1300 1327 1378 constaret,
1342 1296 1498 1364 futurum

182 1401 368 1493 aliquando
392 1425 557 1491 magnum
580 1402 766 1493 quemdam
787 1402 1077 1491 triumphatorem
1101 1407 1135 1468 et
1163 1402 1372 1491 prinoipem,
1394 1402 1497 1470 obvia

182 1515 257 1575 erat
280 1509 453 1576 conclusio
476 1509 548 1576 eius
566 1515 721 1599 tempore
743 1508 899 1576 instituta
918 1508 1035 1575 omnia
1054 1507 1185 1598 populo
1206 1507 1495 1577 eleeto'divinitus

181 1636 340 1682 concessa
358 1615 396 1681 in
412 1621 503 1682 statu
520 1616 594 1682 fore
611 1615 855 1682 florentissimo
873 1636 880 1683 :
904 1611 1064 1700 regnum,
1086 1613 1325 1696 sacerdotium,
1342 1615 1501 1704 prophe.
1579 1614 1582 1627 '

180 1722 276 1787 tiam.
300 1725 389 1808 Ergo
411 1721 549 1788 messias
572 1721 742 1811 propbeta
764 1722 798 1787 in
822 1725 939 1788 nostro
962 1725 1056 1788 textu
1081 1719 1284 1801 continetur,
1310 1721 1338 1787 si
1360 1719 1392 1787 is
1417 1741 1496 1788 cunr

180 1825 356 1916 prioribus
369 1827 541 1894 vaticiniis
557 1828 768 1907 conferatur3
787 1825 965 1916 multoque
984 1825 1178 1892 distinctius
1196 1825 1289 1893 idem
1305 1825 1353 1894 ib.
1375 1826 1496 1914 depre-

180 1932 397 2019 hendebatur
409 1957 430 2001 a
443 1934 575 2000 ludaeis
586 1933 843 2022 posterioribus,
856 1935 918 2020 qui
931 1933 1030 1999 asuis
1040 1931 1219 2022 prophetis
1232 1931 1346 1998 edocti
1360 1932 1498 1999 fuerant

182 2041 339 2106 messium
372 2040 445 2107 fore
478 2038 798 2108 excellentissimum
838 2038 994 2105 omnium
1022 2037 1232 2127 principem,
1266 2038 1492 2120 sacerdotem,

181 2146 399 2234 prophetam.
420 2151 540 2213 Textus
554 2145 611 2213 hic
627 2145 836 2236 procedente
851 2151 1006 2234 tempore
1029 2166 1051 2210 a
1070 2143 1203 2212 ludaeis
1221 2143 1356 2234 plenius
1367 2143 1496 2211 intelli-

181 2251 339 2339 gebatur,
358 2252 627 2343 quamprimum
643 2253 756 2318 luerat
770 2251 977 2319 intellectus.

225 2363 520 2426 Demonstraverat
535 2358 650 2426 lsraeli
669 2363 755 2424 [teus
770 2362 826 2425 Ex.
853 2365 930 2441 1e,o
947 2384 963 2418 «
989 2379 1136 2445 regnum
1151 2357 1361 2425 sacerdotale
1385 2384 1416 2436 »,
1434 2357 1497 2422 llo·
1516 2343 1518 2349 ¹

181 2465 408 2531 rentissimam
423 2466 473 2531 rei
489 2464 647 2554 publicae
667 2463 913 2545 conditionem,
935 2485 1006 2552 qua
1019 2463 1113 2531 idern
1131 2464 1269 2530 futurus
1285 2469 1370 2530 esset
1387 2485 1444 2530 rex
1464 2468 1497 2530 et

180 2569 338 2635 sacerdos
352 2577 397 2652 et,
415 2569 507 2659 quod
522 2570 624 2636 facile
637 2569 795 2635 indidem
807 2569 1039 2656 consequitur,
1057 2568 1161 2635 etiam
1176 2569 1360 2657 propheta.
1379 2573 1495 2635 Nonne

181 2673 432 2763 quadamtenus
450 2674 640 2764 prophetae
661 2675 817 2740 exstitere
837 2675 890 2739 vel
910 2673 977 2762 ipsi
995 2673 1170 2760 pontifices
1185 2674 1339 2740 aaronici
1355 2672 1447 2741 Urim
1463 2679 1496 2741 et

180 2780 375 2848 Thummim
390 2783 582 2867 gestantes?
604 2779 726 2869 Populi
745 2785 803 2847 Ex.
828 2785 871 2847 32
887 2778 1077 2846 delectione
1102 2779 1204 2846 huius
1226 2779 1345 2846 divini.
1360 2778 1495 2846 consilii

182 2887 350 2954 exsecutio
370 2886 605 2968 differebatur,
622 2885 760 2953 nonnisi
780 2906 842 2975 per
862 2891 977 2975 partes
995 2885 1183 2955 successive
1204 2885 1386 2952 efficienda
1402 2892 1434 2952 et
1450 2886 1496 2952 ad

181 3014 278 3060 suam
293 2993 432 3060 tandem
447 2994 692 3083 perfectionem
709 2991 921 3060 deducenda.
938 2995 1141 3088 Concessum
1156 2996 1206 3058 est
1219 2990 1370 3082 primum
1385 3014 1495 3058 sacer·

182 3099 313 3166 dotium
340 3100 554 3183 aaronicum,
591 3098 686 3189 quod
719 3097 897 3188 usquead
925 3098 1098 3166 Christum
1125 3098 1343 3188 perduravit3
1377 3104 1496 3188 postea

180 3228 325 3294 reperim
348 3207 555 3287 davidicum,
585 3204 647 3274 sed
669 3205 761 3295 quod
784 3204 865 3272 inde
892 3204 937 3270 ab
966 3205 1085 3271 exsilio
1114 3204 1321 3292 babylonico
1349 3204 1492 3286 delecit3

178 3312 358 3402 prophetia
375 3312 456 3379 inde
483 3336 503 3379 a
522 3316 642 3402 Moyse,
663 3311 753 3378 nulli
775 3310 882 3377 tribui
905 3310 1081 3391 adstricta,
1098 3309 1337 3377 intermittens.
1359 3311 1496 3400 hspira·

181 3417 266 3484 bant
287 3418 402 3486 ludaei
426 3419 470 3484 ad
493 3440 574 3486 suae
596 3419 647 3484 rei
672 3417 831 3506 publicae
853 3417 1045 3505 perlectum
1066 3420 1204 3499 statum,
1231 3415 1370 3504 quando
1392 3438 1496 3504 penes

181 3546 289 3590 unum
311 3524 423 3591 lutura
445 3531 556 3590 essent
583 3544 744 3609 regnum,
774 3520 1016 3601 sacerdotium,
1043 3519 1238 3610 prophetia.
1261 3525 1328 3586 Hoc
1348 3543 1496 3607 regnum

181 3629 390 3695 sacerdotale
406 3636 440 3695 et
459 3630 699 3718 propheticum
715 3629 835 3695 merito
850 3627 888 3694 in
909 3625 1107 3693 novissimis
1128 3624 1249 3693 diebus
1265 3626 1496 3716 opperieban-

184 3739 249 3813 tur,
266 3734 302 3800 in
317 3740 433 3801 nostro
448 3734 552 3801 etiam
576 3739 668 3801 textu
683 3731 928 3802 adumbratum
944 3731 1207 3799 contuebantur.

281 3971 333 4030 12.
350 3968 420 4030 Leuc
436 3962 478 4030 (le
500 3962 694 4030 ciuitatibus
718 3923 851 4052 rescipit
872 3961 1107 4029 cisiordanicis
1130 3965 1229 4029 Dent.
1256 3968 1403 4045 19,1·13.

225 4162 310 4250 xqu.
327 4199 371 4210 -
386 4161 547 4249 Perieope
567 4163 616 4226 est
637 4159 817 4249 explicatio
837 4158 926 4245 legis
946 4162 1045 4225 Num.
1068 4165 1169 4241 35,10
1194 4180 1270 4247 sqq.
1291 4181 1298 4226 :
1316 4179 1361 4224 sc.
1385 4179 1417 4224 v.
1436 4163 1493 4226 t·6

181 4272 215 4333 et
230 4289 261 4333 v.
284 4275 386 4334 11-13
401 4267 563 4356 exemplis
576 4266 707 4347 definit,
725 4266 802 4356 quis
817 4265 1006 4332 censendus
1023 4265 1067 4331 sit
1081 4265 1210 4332 occisor
1223 4263 1401 4347 innocens,
1417 4265 1494 4354 quis

182 4395 318 4441 nocens.
342 4373 574 4441 Praemittitur
587 4395 620 4440 v.
640 4370 694 4440 1'-3
711 4373 873 4463 prologus
887 4370 1073 4455 oratorius;
1092 4371 1255 4438 inseritur
1269 4394 1301 4438 v.
1319 4378 1401 4438 7-10
1419 4393 1494 4438 me·

181 4478 292 4543 nitum
312 4487 390 4568 post
403 4481 564 4547 dilatatos
587 4480 821 4546 Hebraeorum
843 4479 928 4546 fines
950 4478 1053 4546 etiam
1072 4476 1323 4568 duplicandum
1343 4498 1414 4544 esse
1433 4499 1491 4544 ea-

183 4605 260 4649 rum
274 4584 448 4652 civitatum
464 4607 662 4654 numerum.

227 4689 472 4777 Explicationes
484 4692 563 4761 illae
581 4692 653 4760 sine
668 4690 775 4760 dubio
796 4713 832 4758 re
852 4691 995 4758 eaedem
1015 4695 1096 4758 sunt
1113 4712 1191 4758 curn
1206 4686 1493 4778 explicationibus
