3366 5346
235 253 294 310 ant
706 265 819 309 orario
841 263 950 308 uorsrs
973 262 1077 305 rmus.

236 401 401 479 alienum,
422 404 458 465 ut
486 398 614 465 iussum
639 402 738 464 Num.
761 396 951 484 35‚1tipse
971 395 1085 462 adhuc
1104 399 1274 481 superstes
1297 395 1563 479 exsequeretur.

235 511 307 573 Non
333 507 416 571 alias
442 504 784 594 deprehendebamus
810 509 944 590 Moysen
970 500 1134 568 mandata
1151 501 1253 566 lalrve
1281 498 1424 564 liberius
1446 498 1567 563 inter-

237 618 443 702 pretantem.
464 616 517 677 Est
539 619 652 678 autem
685 633 801 677 sensus
824 608 944 675 obvius
968 605 1174 673 narrationis
1194 609 1257 671 los.
1284 612 1326 671 20
1347 604 1415 684 hic,
1435 625 1567 670 omnes

236 721 376 784 ommno
397 718 498 783 rrrfies
518 717 643 804 refugii
662 721 756 783 losue
779 713 1011 802 designandas
1027 714 1140 780 fuisse.
1163 710 1337 790 Quomodo
1359 711 1444 777 haec
1463 732 1566 777 com-

235 846 406 914 ponamus
420 825 510 889 inter
527 825 584 889 se?

280 930 468 996 Coniecerit
487 929 595 1016 igitur
620 928 745 1018 aliquis
762 952 795 995 v.
819 935 919 996 ti-ts
935 950 1008 994 esse
1031 925 1273 1016 perantiquam
1296 924 1446 1014 aliquam
1468 924 1564 991 sacri

235 1044 343 1105 textus
363 1035 525 1127 qlossom.
541 1035 707 1102 Collector
726 1036 850 1123 aliquis
865 1035 1145 1101 documentorum
1164 1032 1390 1099 mosaicorum
1418 1052 1564 1120 repere-

237 1144 280 1210 rit
300 1145 536 1229 fragmentum
554 1143 619 1208 hoc
634 1142 784 1209 incertae
807 1141 966 1227 originis;
984 1163 1053 1230 qua
1079 1145 1253 1206 teneretur
1272 1138 1439 1217 omnium,
1464 1160 1561 1226 quae

235 1256 368 1337 Moysen
392 1248 614 1334 attingerent,
641 1269 775 1313 summa
796 1246 1004 1326 reverentia,
1033 1267 1102 1312 non
1128 1267 1229 1313 ausus
1252 1246 1294 1311 sit
1320 1245 1560 1329 fragmentum

237 1356 430 1446 repudiare,
451 1354 510 1421 sed
531 1355 721 1421 decreverit
740 1355 881 1442 reliquis
895 1352 1108 1419 documentis
1132 1374 1321 1418 accensere.
1347 1356 1387 1416 nt
1408 1349 1559 1417 ubinam

235 1461 478 1528 inserendum?
500 1465 569 1527 Non
597 1467 677 1527 ante
695 1465 794 1527 Num.
813 1467 868 1541 35,
888 1459 948 1525 ubi
970 1459 1082 1548 prima
1105 1458 1244 1525 urbium
1275 1456 1401 1543 refugii
1423 1456 1557 1523 mentio

235 1569 394 1634 habetur.
416 1573 487 1633 Non
503 1571 601 1632 Num.
620 1573 660 1634 35
677 1588 742 1655 sq.,
760 1589 804 1632 ne
821 1588 889 1632 una
903 1566 1102 1652 legerentur
1115 1572 1222 1632 textus
1237 1585 1324 1632 unus
1336 1585 1411 1630 rem
1430 1562 1558 1630 iubens

235 1673 428 1741 faciendam
449 1674 590 1739 traiecto
607 1672 763 1753 iordane,
778 1678 956 1760 textusque
972 1671 1059 1738 alter
1074 1693 1146 1738 rem
1159 1671 1284 1738 factam
1298 1692 1464 1737 enarrans
1476 1676 1558 1736 ante

235 1782 417 1848 traiectum
439 1780 578 1846 flumen.
606 1779 749 1845 inseruit
770 1779 878 1865 igitur
895 1778 985 1844 inter
1004 1778 1152 1867 primam
1170 1784 1203 1844 et
1219 1777 1401 1845 secundam
1428 1777 1559 1843 oratio-

234 1907 326 1956 nem.
345 1891 494 1952 Fortasse
508 1886 698 1974 antiquitus
716 1886 825 1974 aliqui
846 1885 1076 1970 indulgebant
1093 1884 1254 1975 pruritui,
1274 1891 1310 1949 ut
1327 1882 1502 1972 quaelibet
1519 1883 1558 1949 in

150 2034 153 2039 -
234 2000 342 2080 geute
356 1994 461 2059 electu
481 1998 596 2057 sancte
611 1991 767 2058 instituta
785 1997 922 2078 allapsa
942 1993 1109 2058 sentirent
1128 2015 1197 2058 non
1209 1991 1318 2057 solum
1333 2012 1402 2056 esse
1418 1990 1558 2056 decreta

236 2099 308 2171 sed.
333 2104 502 2187 quantum
523 2098 573 2163 rei
598 2105 720 2164 natura
741 2099 862 2173 ferret,
885 2098 1068 2165 abeodem
1095 2099 1175 2164 item
1204 2120 1274 2164 esse
1296 2098 1427 2163 effectui
1456 2118 1559 2162 man-

237 2205 317 2271 data
337 2227 344 2270 :
363 2205 473 2270 eidem
489 2204 597 2289 igitur
612 2204 832 2269 attribuerint
843 2190 1039 2289 designatas
1053 2204 1153 2270 urbes
1169 2203 1294 2289 refugii
1311 2206 1429 2269 saltem
1443 2210 1556 2269 trans-

237 2310 443 2377 iordanicas.
462 2309 557 2385 Quod
571 2309 820 2398 praeiudicium
835 2310 1003 2395 glossator
1018 2317 1132 2376 noster
1145 2312 1354 2400 expresserit.
1372 2310 1556 2376 Emendari

238 2423 351 2506 potest
368 2417 453 2482 hacc
474 2414 671 2482 coniectura
691 2414 755 2497 ita,
777 2421 815 2481 ut
834 2437 865 2479 v.
889 2420 991 2482 lif-'43
1009 2415 1120 2505 plossa
1141 2416 1281 2505 quidem
1302 2417 1367 2482 sint
1385 2415 1488 2482 textui
1502 2417 1555 2482 in·

238 2528 328 2590 serta
348 2523 423 2588 loco
450 2543 521 2587 non
544 2544 622 2601 suo,
645 2528 679 2587 at
705 2521 808 2588 simul
832 2544 909 2587 aera
936 2522 1003 2589 sint
1030 2529 1062 2589 et
1082 2522 1262 2612 inspirata.
1289 2530 1360 2597 Sc..
1384 2524 1432 2588 uti
1458 2522 1555 2609 leges

237 2635 333 2697 Num.
352 2636 406 2709 st,
426 2629 473 2694 ita
493 2629 547 2694 les
567 2633 665 2694 Num.
687 2636 765 2708 aaa
781 2650 856 2718 sqq.
873 2635 923 2695 est
942 2629 984 2695 de
1002 2630 1106 2696 rebus
1123 2631 1170 2696 cis
1188 2629 1367 2697 Iordanem
1389 2630 1555 2696 ordinan-

236 2736 301 2812 dis,
328 2735 459 2803 necnisi
475 2758 539 2824 per
560 2747 783 2802 transennam
805 2759 836 2800 v.
870 2741 909 2801 tt
936 2737 1077 2822 attingit
1095 2743 1163 2803 tres
1185 2736 1287 2803 urbes
1304 2736 1432 2821 refugii
1445 2742 1556 2801 trans-

234 2844 442 2915 iordanicaS.
465 2842 576 2908 tacitis
597 2842 812 2922 nominibus,
830 2843 909 2907 licet
928 2864 986 2908 eas
1006 2844 1147 2909 fortasse
1168 2849 1239 2909 tum
1258 2846 1384 2928 ltoys‘es
1407 2843 1475 2908 iam
1492 2863 1556 2908 no-

236 2951 385 3014 minibus
414 2949 612 3032 designatas
643 2949 797 3014 liaberet.
833 2947 994 3015 Similiter
1016 2955 1079 3015 los.
1111 2956 1153 3015 20
1175 2950 1279 3016 refert
1307 2951 1554 3017 exsecutionem

235 3055 320 3140 legis
333 3058 430 3119 Num.
454 3058 533 3131 35‚9
548 3074 622 3140 sqq.
644 3076 664 3118 a
678 3060 787 3140 Moyse
803 3053 933 3131 editae3
953 3054 1010 3120 ubi
1027 3077 1164 3122 rursum
1180 3079 1211 3122 v.
1229 3063 1249 3123 8
1256 3078 1321 3145 per
1334 3069 1555 3122 transennam

237 3159 454 3245 attinguntur
479 3158 582 3224 urbes
604 3157 729 3243 refugii
753 3158 1057 3227 transiordanicae.
1085 3188 1100 3221 «
1122 3161 1321 3227 llecernitur
1339 3191 1353 3223 a
1371 3164 1414 3249 (v.
1437 3164 1469 3249 7)
1483 3184 1551 3227 nou

235 3265 272 3331 id
294 3264 424 3343 solum,
447 3263 540 3353 quod
564 3286 692 3329 novum
715 3264 818 3353 plane
844 3270 876 3330 et
901 3265 1096 3332 inauditum
1126 3267 1347 3356 praecipitur,
1373 3268 1432 3334 sed
1465 3268 1553 3334 illud

236 3371 335 3453 item,
352 3371 444 3461 quod
471 3377 571 3438 antea
592 3369 768 3437 decretum
789 3393 877 3437 novo
903 3370 1039 3438 decreto
1059 3372 1259 3440 inculcatur.
1284 3379 1440 3441 Ceterum
1466 3373 1552 3439 haec

238 3478 385 3568 penitius
401 3479 608 3545 rimabimur
626 3477 662 3544 in
679 3479 931 3545 Commentario
944 3477 981 3543 in
1001 3479 1128 3546 librum
1144 3485 1248 3546 losue.

278 3680 376 3726 Censet
399 3678 501 3729 Dittin..
518 3679 611 3727 stilum
634 3692 660 3728 v.
679 3678 762 3728 n-to
781 3691 844 3728 esse
859 3680 973 3728 omnino
992 3679 1258 3729 deuteronomicum.
1276 3687 1312 3735 tn
1329 3694 1410 3731 secus
1425 3683 1453 3730 iu
1469 3682 1551 3732 Deut.

236 3778 292 3814 non
308 3765 434 3826 habetur,
452 3766 503 3816 scd
519 3773 595 3820 sinn
612 3773 673 3823 iffi
691 3768 727 3829 lp.
749 3769 795 3817 ria
811 3782 838 3815 u.
862 3767 915 3828 til).
933 3772 1039 3827 *itm
1059 3767 1189 3832 planities
1205 3770 1307 3832 legitur
1322 3772 1349 3818 in
1366 3771 1399 3820 l'.
1420 3772 1450 3820 l’.
1469 3773 1554 3821 uicies

237 3860 278 3905 tcr
293 3858 329 3915 et,
345 3860 456 3918 praeter
471 3855 546 3903 huuc
562 3856 676 3905 textum.
694 3857 859 3906 iterabant.
878 3855 950 3917 3,10;
969 3856 1024 3907 Ios.
1042 3857 1112 3909 tas.
1131 3857 1267 3919 rotatu
1283 3859 1356 3919 tunt,
1374 3861 1474 3922 quibus
1485 3862 1554 3910 loeis

235 3945 366 3994 omnibus
380 3944 511 4006 designat
526 3943 671 4006 planitiem
683 3947 760 3994 trans
771 3944 929 3995 Iordanem.
942 3945 1036 3996 Fuerit
1052 3947 1137 4009 igitur
1152 3959 1183 3996 ca
1200 3961 1254 3997 vox
1269 3949 1398 4011 primitus
1412 3949 1553 3998 moabitis-

236 4045 297 4081 mus
312 4034 405 4094 potius
420 4034 464 4082 vel
478 4031 723 4091 amorrhaeismus,
736 4046 820 4096 quam
836 4033 1119 4086 deuteronomismus.
1137 4036 1311 4087 Posteriores
1326 4038 1475 4100 scriptores
1491 4049 1553 4086 eam

236 4132 333 4169 vocem
352 4121 513 4170 adhibuisse
539 4120 722 4170 detractibus
746 4122 830 4171 ctiam
846 4123 886 4171 cis
904 4122 1008 4173 flumen
1030 4126 1101 4175 sitis.
1122 4124 1196 4174 haud
1211 4132 1254 4175 est
1267 4126 1432 4179 mirandum.
1449 4126 1552 4176 l'erurn

236 4211 288 4263 est,
303 4209 374 4270 legis
388 4211 570 4259 summarium
581 4223 608 4258 r.
627 4209 658 4259 tr
675 4210 763 4259 multo
778 4209 889 4260 affinius
907 4224 970 4262 csse
983 4215 1076 4263 textus
1090 4214 1172 4263 Dent.
1194 4215 1282 4271 toan
1298 4229 1381 4279 quam
1397 4216 1479 4264 Num.
1493 4214 1525 4264 [to
1544 4228 1549 4261 :

236 4297 285 4347 sed
296 4299 378 4346 Deut.
400 4298 429 4347 tn
445 4311 502 4348 non
522 4304 565 4349 cst
589 4300 681 4349 textus
705 4299 959 4357 deuteronomicus,
985 4302 1035 4351 sed
1058 4308 1100 4352 est
1115 4303 1281 4354 collectanei
1297 4307 1401 4365 textus;
1416 4315 1473 4368 quo
1487 4315 1552 4352 con·

237 4385 372 4447 firmatur,
388 4400 415 4435 r.
438 4386 518 4436 tuto
542 4388 646 4437 seriore
669 4400 754 4438 manu
777 4401 839 4438 csse
863 4388 1012 4453 adscripta.
1034 4389 1074 4442 Cl.
1095 4371 1187 4451 Sint,
1212 4393 1259 4442 ubi
1279 4394 1361 4443 Num.
1385 4394 1416 4443 ³5
1438 4398 1487 4476 qn:
1506 4393 1551 4441 sel

222 4483 311 4559 nup:
334 4481 393 4538 ann
412 4457 509 4531 nutu
527 4456 635 4531 lana:
652 4483 711 4535 mn
733 4457 811 4531 ἡκ,
