3366 5346
556 256 639 306 ouan
660 255 783 300 menan
805 256 976 301 scarrsanm
997 258 1120 303 norsas.
1459 248 1495 306 73

181 391 356 478 ceteroqui
379 389 604 479 superfluam,
629 390 721 478 quod
745 389 927 479 descriptio
956 395 1063 471 t,t.5⁸
1090 413 1153 481 pro
1174 397 1320 482 utraque
1343 395 1493 462 oratione

182 504 267 565 esset
286 497 387 563 satis?

227 613 256 687 (1.
273 604 388 670 Prima
408 602 517 670 oratio
539 625 598 669 seu
623 602 818 692 paraenesis
833 602 953 670 thorae
973 603 1213 674 multominus
1234 610 1324 672 arcte
1339 605 1497 691 iungitur

180 709 351 777 secundae
375 709 533 789 orationi,
561 730 665 799 quam
689 708 833 776 historia
858 709 1036 777 foederis:
1062 713 1160 801 atqui
1186 712 1329 778 historia
1347 711 1496 779 foederis

181 838 250 883 non
273 824 346 882 erat
369 838 448 905 pars
468 818 589 882 thorae
609 838 629 881 a
653 820 762 902 Moyse
782 815 1006 905 conscriptae,
1035 816 1126 907 qnod
1148 818 1260 884 statim
1285 817 1496 885 demonstra-

181 922 306 989 bimus.

225 1031 260 1097 b.
279 1028 432 1095 Historia
445 1027 614 1118 foedera,

227 1167 255 1203 α.
276 1135 334 1202 nbi
350 1136 557 1203 mentionem
573 1135 653 1202 lecit
666 1134 749 1202 libri
768 1135 899 1215 thorae,
917 1135 946 1201 si
960 1157 1058 1202 sensu
1079 1135 1180 1203 obvio
1196 1143 1398 1227 exponatur,
1415 1161 1496 1228 snp-

182 1243 278 1332 ponit
300 1264 378 1310 eum
398 1241 528 1308 librum
546 1240 712 1331 scriptum
732 1241 770 1307 in
788 1241 946 1308 manibus
970 1243 1116 1310 oratoris
1139 1243 1254 1311 luisse.
1278 1245 1419 1323 Quando
1440 1251 1494 1325 29,
1590 1262 1593 1268 ‘

181 1356 224 1415 20
241 1349 307 1438 (19)
330 1348 466 1416 dicebat
490 1352 646 1434 Moyses:
675 1375 691 1408 «
718 1353 759 1413 Et
781 1347 961 1414 incubabit
982 1348 1013 1415 ei
1041 1348 1152 1416 omnis
1176 1348 1381 1433 maledictio,
1409 1373 1497 1440 quae

181 1457 307 1545 scripta
325 1456 425 1522 estin
446 1453 536 1521 libro
560 1454 625 1520 hoc
646 1481 677 1537 »,
704 1454 870 1543 scriptum
888 1477 972 1544 prae
999 1456 1159 1524 manibus
1179 1456 1331 1524 habebat
1353 1457 1494 1524 librum.

181 1566 263 1628 item
280 1583 313 1628 v.
331 1567 370 1627 21
395 1560 464 1649 (20)
486 1582 493 1627 :
514 1588 529 1620 «
544 1559 725 1651 Separabit
740 1582 820 1628 eum
834 1559 871 1625 in
887 1560 1018 1628 malum
1034 1562 1223 1629 secundum
1243 1563 1497 1631 maledictiones

181 1666 337 1748 foederis,
366 1667 457 1757 quod
486 1666 722 1757 scriptumest
748 1667 786 1733 in
804 1666 905 1734 libro
919 1667 986 1734 hoc
1007 1667 1128 1736 thorae
1153 1692 1189 1752 »;
1216 1675 1249 1737 et
1272 1691 1305 1736 r.
1330 1674 1372 1735 27
1398 1669 1466 1757 (28)
1487 1694 1493 1737 ;

184 1804 199 1835 «
230 1780 267 1840 ut
294 1774 436 1842 inducat
468 1796 572 1863 super
600 1796 676 1841 eam
708 1773 887 1861 regionem
920 1796 1058 1842 omnem
1089 1774 1380 1855 maledictionem,
1408 1798 1496 1866 quac

181 1883 304 1969 scripta
319 1889 367 1947 est
381 1881 419 1947 in
434 1879 523 1945 libro
539 1881 605 1946 hoc
625 1907 654 1947 ».
672 1880 720 1946 Cf.
737 1886 852 1961 30,10.

227 1994 256 2067 (1.
284 1987 395 2053 Tbora
420 1996 493 2053 erat
516 1985 756 2053 decrementum
781 1985 933 2072 foederis
961 1987 999 2054 in
1029 1995 1121 2054 terra
1149 1987 1244 2054 Moab
1279 1987 1493 2054 restituendi.

181 2091 472 2181 Quandocumque
491 2093 633 2161 foedera
660 2093 858 2160 solemniter
879 2093 1092 2173 sanciuntur,
1114 2093 1327 2160 conditiones
1348 2093 1497 2161 foederis

181 2199 386 2265 documento
401 2198 646 2275 inscribuntur,
664 2198 750 2264 illud
769 2199 1013 2266 documentum
1034 2199 1237 2266 iuramentis
1251 2199 1399 2267 foederis
1415 2221 1496 2289 sup·
1592 2219 1594 2223 ’

146 2290 149 2303 ’
182 2304 332 2395 ponitur.
359 2303 396 2370 ld
418 2304 524 2371 fiebat
553 2303 645 2394 apud
669 2303 833 2393 antiquos
852 2306 998 2395 populos
1021 2304 1261 2388 communiter,
1290 2306 1498 2394 Babylonios
1568 2367 1573 2375 .

180 2411 351 2501 imprimis
373 2417 407 2479 et
430 2411 626 2478 Phoenices.
654 2410 688 2477 ld
713 2433 734 2477 a
755 2416 866 2499 Moyse
887 2412 1017 2478 factum
1042 2416 1092 2479 est
1113 2412 1151 2479 in
1171 2412 1284 2502 primo
1306 2413 1443 2479 foedere
1461 2413 1495 2477 in

183 2525 295 2584 monte
317 2517 411 2584 Sinai
431 2516 628 2598 sanciendo,
652 2516 707 2583 cui
726 2516 809 2583 ritui
824 2518 897 2607 ipse
917 2517 1111 2585 credendus
1136 2517 1236 2584 estin
1254 2517 1407 2584 secundo
1426 2518 1498 2583 foe-

183 2624 263 2690 dere
278 2623 432 2714 proxime
449 2623 652 2690 adhaesisse.
668 2628 725 2689 Ex.
750 2627 841 2703 2ι,ι.
865 2630 903 2703 7;
922 2624 1021 2690 Hebe.
1046 2631 1125 2700 9,19
1146 2624 1297 2712 primum
1319 2624 1498 2711 descripsit

180 2729 309 2797 librum
337 2729 484 2798 foederis
510 2729 650 2819 prioris,
677 2728 758 2795 dein
783 2728 930 2795 foederis
956 2728 1113 2795 victimas
1136 2729 1343 2806 immolavit,
1368 2728 1495 2795 librum

181 2836 350 2924 sanguine
370 2835 586 2904 victimarum
609 2835 766 2926 aspersit.
788 2834 964 2918 Similiter,
986 2835 1126 2924 quando
1150 2840 1244 2902 [tout.
1262 2841 1341 2916 29,9
1365 2836 1413 2923 (8)
1430 2833 1497 2900 aie-

182 2944 266 3012 bat:
287 2971 303 3003 «
319 2943 496 3011 Custodite
510 2941 616 3010 verba
630 2942 778 3009 foederis
798 2942 901 3009 huius
922 2969 958 3023 »,
974 2941 1080 3008 verba
1098 2941 1225 3030 scripta
1245 2941 1396 3008 habebat
1415 2963 1499 3031 prae¹

184 3051 355 3129 manibus,
374 3074 406 3117 v.
424 3057 464 3116 19
481 3050 551 3139 (18)
564 3049 669 3115 verba
686 3048 948 3117 «audiebantur
965 3077 980 3110 υ
999 3071 1017 3114 e
1034 3048 1161 3138 scripto
1176 3049 1360 3138 praelecta.

226 3157 331 3239 Dices,
353 3180 392 3224 ex
419 3163 498 3238 31,9
518 3155 605 3223 ellici
625 3155 747 3236 videri,
766 3162 898 3243 Moysen
917 3155 1048 3222 librum
1068 3155 1207 3221 nonnisi
1230 3161 1381 3221 extrema
1395 3155 1497 3222 tertia

182 3267 346 3332 concione
370 3263 574 3353 scripsisse:
598 3263 726 3330 etenim
740 3276 821 3352 post
838 3269 1109 3341 sernrones'29‚2
1133 3262 1181 3350 (1)
1201 3266 1245 3310 ’-
1268 3267 1347 3337 318
1373 3260 1497 3327 dicitnr

184 3400 200 3432 «
222 3371 356 3461 scripsit
371 3371 507 3436 tharam
523 3399 553 3436 o.
575 3369 670 3448 Quod
693 3369 744 3435 ibi
763 3368 977 3458 potissimum
997 3373 1159 3435 narratur
1176 3373 1225 3433 est
1247 3367 1326 3432 libri
1343 3367 1495 3439 traditio,

184 3480 222 3544 fit
241 3486 355 3544 autem
383 3476 526 3543 incisira
551 3476 677 3543 mentio
704 3475 902 3565 scriptionis
927 3474 1145 3564 :scripserat
1171 3481 1204 3539 ct
1228 3472 1383 3554 tradidit,
1410 3493 1495 3539 sen:

183 3584 348 3673 scriptum
366 3582 520 3649 tradidit.
547 3587 704 3649 Formam
727 3597 815 3646 :neu
837 3583 923 3659 verti
945 3601 1040 3670 posse
1060 3579 1254 3669 scripserat,
1272 3580 1499 3666 grammatica

184 3690 336 3757 hebraea
350 3689 495 3772 doceris;
510 3691 545 3756 h.
562 3690 586 3758 l.
610 3689 659 3755 ita
679 3689 767 3755 verti
787 3688 931 3767 debere,
949 3686 1103 3753 efficiunt
1119 3709 1205 3776 quas
1230 3687 1334 3752 modo
1349 3686 1498 3775 explica-

183 3797 306 3862 bamus
328 3796 477 3863 rationes
495 3797 583 3862 duae
607 3819 614 3863 :
636 3794 726 3862 liber
746 3795 891 3884 scriptus
910 3793 1091 3860 exsistebat
1112 3799 1203 3873 298.
1228 3800 1281 3858 20.
1307 3799 1361 3857 21.
1386 3799 1426 3857 27
1451 3793 1495 3878 (8.

185 3910 237 3970 19.
259 3908 313 3969 20.
341 3905 414 3991 26);
443 3910 555 3984 30,10,
586 3923 668 3988 ergo
691 3924 762 3968 non
784 3900 998 3967 scribebatur
1021 3901 1160 3966 tandem
1183 3907 1258 3988 post
1278 3897 1384 3964 verba
1400 3904 1495 3978 31,8;

183 4009 287 4076 verba
301 4009 450 4076 foederis
471 4014 596 4097 Moyses
620 4009 744 4098 scripta
764 4006 878 4074 attulit
898 4007 1031 4074 ineam
1052 4006 1261 4085 concionem,
1277 4005 1314 4070 in
1334 4027 1403 4094 qua
1431 4006 1499 4071 loe-

183 4115 248 4182 dus
262 4122 335 4182 erat
350 4115 584 4183 sanciendum.

228 4253 259 4308 γ.
275 4227 403 4310 Moyses
420 4230 510 4289 certo
531 4216 641 4290 totum
662 4222 791 4288 librum
811 4223 1004 4310 scripserat,
1024 4227 1208 4309 antequam
1226 4219 1326 4287 illum
1346 4219 1497 4286 traderet

183 4329 419 4396 sacerdotibus
433 4352 540 4418 prope
556 4351 671 4396 arcam
685 4328 937 4417 reponendum.
958 4350 1071 4416 neque
1092 4335 1207 4416 postea
1227 4328 1325 4393 illum
1345 4324 1494 4416 repetiit,

184 4441 223 4501 nt
240 4435 383 4526 aliquod
397 4435 540 4502 adderet
560 4434 797 4525 postoriptum.
814 4435 847 4500 Si
862 4456 945 4519 ergo
961 4434 1062 4500 tertia
1077 4435 1183 4500 oratio
1202 4443 1251 4500 est
1269 4455 1348 4522 pars
1363 4434 1493 4505 thorae,

185 4546 370 4632 antequam
394 4542 530 4608 thoram
554 4541 702 4608 traderet
723 4538 972 4621 sacerdotibus
994 4541 1175 4628 scripserat
1197 4544 1322 4626 Moyses
1344 4538 1494 4613 31,9-13,

185 4654 385 4715 narraverat
405 4655 480 4714 acta
499 4648 652 4714 nondum
669 4647 769 4713 lacta.
788 4646 890 4735 atqui
905 4645 941 4711 id
956 4669 1024 4713 non
1043 4666 1248 4711 consuevere
1268 4645 1379 4708 lacero
1392 4637 1498 4705 histo-
