3366 5346
530 280 757 325 comminuunt
779 281 851 324 AEt'l
873 280 998 325 lUDICUbl
1020 280 1143 327 Aemus.
1456 278 1495 338 33

182 416 248 483 Sed
265 417 307 483 de
330 415 422 482 tribu
442 414 521 481 Levi
543 415 616 489 fuse
638 419 748 500 agunt
769 415 884 504 priora
904 416 1018 504 capita
1038 421 1053 480 1
1075 421 1172 504 Reg.,
1195 416 1238 486 dc
1259 443 1340 488 arca
1358 424 1437 495 item
1460 434 1494 496 et

182 523 421 603 tabernacula,
446 521 612 597 seditem
640 520 883 587 discernuntur
911 520 1092 589 turbarum
1120 525 1273 612 vestigia.
1304 533 1432 599 aaroni
1457 537 1494 602 in

183 629 385 720 pontificatu
401 632 609 696 successerat
624 628 764 694 Eleazar
778 626 868 694 filius
882 633 965 693 natu
982 628 1103 713 maior,
1120 630 1200 698 huic
1215 633 1360 703 Phinees
1377 639 1466 707 filius
1486 663 1494 711 :

182 740 315 815 tamen,
337 736 442 825 stirpe
463 734 615 802 Eleazari
634 756 853 823 nequaquam
873 734 1052 816 exstincta,
1072 737 1263 825 reperimus
1284 743 1497 830 pontificiam

184 842 388 929 dignitatem
407 864 512 931 penes
531 846 682 930 posteros
704 840 856 907 lthamar
874 840 938 906 filii
956 845 1068 907 Aaron
1089 842 1241 912 minoris.
1262 848 1429 919 Etlectaue
1447 860 1497 923 est

183 949 269 1016 haec
298 949 442 1015 mutatio
471 947 629 1038 pacifice,
654 947 866 1037 temporibus
895 947 1039 1015 rudibus
1067 952 1100 1016 et
1126 952 1356 1038 perturbatis?
1379 959 1413 1025 Si
1442 983 1495 1028 res

185 1055 354 1143 agebatur
370 1055 534 1122 violentia
552 1054 720 1143 quadam,
738 1074 851 1119 nonne
867 1075 907 1119 ea
921 1053 1026 1143 stirps
1046 1057 1280 1144 praevalitura
1299 1070 1387 1140 erat,
1407 1089 1496 1155 quae

185 1161 357 1251 simplices
370 1161 492 1228 levitas
506 1161 550 1228 ad
563 1182 640 1226 suas
654 1164 765 1249 partes
777 1159 1018 1249 pertraxisset?
1032 1165 1149 1228 Nonne
1162 1161 1199 1228 hi
1212 1164 1311 1232 facile
1326 1168 1500 1241 alliciendi

185 1275 300 1349 erant,
316 1268 344 1334 si
364 1267 412 1335 eis
428 1267 686 1356 promitteretur
704 1265 901 1332 communio
923 1265 1185 1355 privilegiorum
1201 1273 1417 1344 sacerdotum
1439 1284 1498 1346 aut

186 1375 302 1465 aliqua
324 1381 383 1441 aut
402 1373 622 1440 omnimoda?
642 1371 838 1439 Sacerdotes
858 1372 1082 1440 ltbamaridas
1107 1373 1193 1441 lilios
1214 1378 1287 1444 lleli
1307 1380 1499 1470 deprehen·

187 1481 300 1548 dimus
313 1487 392 1561 ΜΞ
404 1503 479 1570 sqq.
497 1481 615 1566 legum
628 1502 648 1546 a
660 1484 769 1570 lloyse
780 1500 843 1567 pro
857 1479 1033 1546 sacrificiis
1047 1485 1250 1549 statutarum
1265 1484 1389 1556 misere
1404 1489 1499 1558 incu-

185 1587 271 1670 rios,
290 1587 472 1669 violentoS,
490 1608 645 1667 voraceS,
664 1585 754 1652 male
775 1590 942 1668 moratos,
960 1586 1181 1674 irreligiosos.
1200 1594 1273 1657 Non
1292 1593 1411 1684 utique
1428 1620 1499 1665 ser·

185 1694 313 1762 vehant
325 1698 483 1761 accurate
499 1716 550 1776 ea,
567 1715 654 1782 quae
671 1696 796 1780 lloyses
811 1691 854 1758 de
868 1692 1082 1780 portionibus
1095 1696 1200 1761 sacris
1213 1701 1378 1768 statuerat
1393 1724 1400 1770 :
1419 1726 1497 1772 cum

188 1808 204 1868 1
227 1806 311 1887 ch.
334 1806 476 1880 asa-17
497 1800 540 1865 of.
564 1803 660 1865 lleut.
685 1805 774 1881 18,3.
797 1803 904 1866 Causa
923 1804 1020 1866 erant
1043 1798 1126 1889 ipsi,
1148 1823 1210 1867 cur
1230 1803 1386 1873 homiues
1405 1832 1426 1874 a
1444 1832 1498 1878 sa·

186 1906 326 1975 orificiis
354 1907 454 1972 lahve
483 1905 754 1972 retraherentur.
781 1909 927 1971 Asaoro
957 1905 1124 1994 scriptore
1150 1906 1211 1973 filii
1235 1912 1405 1999 pontificis
1428 1939 1499 1985 non

186 2011 360 2079 immerito
391 2016 554 2078 vocantur
587 2037 603 2070 a
630 2010 691 2075 filii
716 2009 821 2077 Belial
852 2037 882 2074 ».
908 2014 998 2087 Quae
1021 2010 1171 2077 filiorum
1195 2037 1301 2104 prava
1329 2025 1403 2087 acta
1428 2023 1500 2090 lleli

186 2141 288 2187 senex
302 2117 424 2184 debilis
437 2116 657 2206 improbabat
672 2115 830 2204 quidem,
848 2115 906 2182 sed
920 2137 988 2203 non
1002 2119 1223 2207 reprimebat.
1242 2127 1358 2204 Em
1374 2127 1499 2197 intule-

187 2225 271 2308 rim,
286 2224 399 2315 ipsum
418 2223 491 2290 lleli
510 2245 580 2289 non
601 2224 649 2290 uti
668 2222 757 2288 filios
776 2221 919 2311 perditis
935 2223 1091 2291 moribus
1110 2225 1228 2311 fuisse,
1251 2250 1370 2298 verum
1390 2256 1500 2323 quan-

187 2338 321 2423 topere,
344 2330 556 2419 temporibus
582 2327 754 2418 imprimis
778 2328 1005 2418 perturbatis,
1029 2352 1083 2398 res
1105 2353 1222 2400 sacrae
1247 2336 1310 2402 suh
1336 2342 1498 2428 pontifice

189 2438 296 2506 debili
311 2436 495 2504 debuerint
511 2434 729 2516 labefactari,
748 2434 847 2502 laeile
862 2437 1057 2525 perspicies,

234 2545 468 2611 Consolatores
486 2542 625 2608 interim
646 2540 785 2630 populi,
802 2549 972 2628 quantum
992 2544 1165 2628 novimus,
1187 2568 1255 2614 non
1275 2556 1372 2618 erant
1392 2575 1501 2622 sacer-

191 2651 301 2732 dotes,
318 2650 377 2716 sed
390 2647 587 2739 prophetae.
607 2647 681 2712 lud.
699 2644 845 2736 2,1s‘qq.
863 2647 1011 2735 populus
1028 2650 1217 2737 prophetae
1234 2657 1410 2724 cuiusdam
1430 2683 1501 2726 mo-

191 2757 271 2824 nitis
294 2758 344 2845 (Cl
365 2779 400 2846 p.
430 2755 485 2842 60)
508 2753 552 2820 ab
575 2751 775 2818 idololatria
797 2759 986 2821 revocatur.
1011 2759 1037 2819 Α
1060 2756 1189 2822 Sisarae
1211 2760 1388 2830 vexatione
1408 2765 1500 2834 idem

191 2863 356 2931 liberatur
376 2867 431 2944 [μὴ
453 2883 515 2951 per
534 2858 728 2927 Debboram
747 2858 1013 2948 prophetissam.
1035 2865 1073 2927 ln
1091 2861 1348 2934 lladianitarum
1363 2892 1501 2960 oppres·

190 2972 284 3038 sione
302 2970 515 3036 confortatur
530 2971 586 3048 6,ss
607 2987 682 3054 sqq.
703 2964 856 3054 alloquio
869 2964 957 3032 alius
972 2968 1179 3056 prophetae;
1198 2977 1231 3038 et
1245 2993 1381 3041 rursum
1401 2984 1497 3060 10,11

193 3079 242 3166 (Cl
255 3101 289 3167 p.
304 3078 380 3159 207)
395 3074 431 3141 in
444 3071 656 3161 gravissimis
669 3070 816 3137 miseriis
828 3071 924 3138 adest
936 3074 1106 3162 propheta
1117 3074 1251 3164 aliquis.
1269 3079 1501 3154 Utehanturne

191 3183 229 3250 bi
250 3183 440 3274 prophetae
461 3177 695 3266 degeneribus
714 3176 947 3245 sacerdotibus
970 3179 1089 3246 amicis
1109 3185 1142 3246 et
1165 3183 1380 3254 fautoribus?
1402 3191 1502 3260 Adest

194 3298 209 3357 l
228 3294 311 3376 Reg.
329 3293 468 3369 aar-36
482 3285 575 3376 apud
591 3283 664 3350 Heli
679 3283 849 3373 propheta
862 3283 1021 3373 quidam,
1037 3286 1149 3353 cultus
1161 3291 1337 3358 sanctioris
1350 3298 1504 3364 aemula-

192 3403 258 3480 tor,
272 3394 420 3484 ideoque
436 3415 517 3460 sane
536 3389 774 3459 sacerdotibus
793 3389 938 3473 invisus,
956 3413 1025 3457 non
1044 3392 1202 3460 habitans
1218 3418 1324 3485 prope
1344 3408 1505 3470 sanctua-

193 3502 302 3583 rium,
319 3501 378 3568 sed
398 3499 523 3590 raptim
544 3497 651 3566 veluti
671 3497 759 3564 illud
778 3496 943 3579 invisens,
962 3497 1117 3587 pontifici
1131 3521 1211 3566 suae
1231 3501 1353 3571 domus
1367 3506 1504 3577 ruinam

194 3608 450 3699 praenuntians.
475 3605 597 3672 Procul
622 3603 815 3670 sanctuario
838 3603 1016 3670 habebant
1041 3607 1228 3694 prophelae
1249 3630 1327 3676 suas
1349 3612 1447 3681 sedes
1471 3623 1504 3683 et

156 3750 161 3759 ·
195 3736 274 3782 mox
297 3711 450 3795 habuere
474 3731 674 3778 numerosos
702 3708 1046 3799 discipulos10,5.10
1071 3732 1167 3800 sqq.;
1198 3720 1297 3794 19,ἓο
1324 3739 1399 3808 sqq.
1425 3727 1505 3789 Erat

194 3817 396 3912 prophetia,
413 3816 508 3906 qnod
523 3821 620 3894 Dent.
645 3821 744 3896 tals
765 3837 842 3904 sqq.
861 3815 973 3880 fuerat
989 3818 1210 3906 promissum,
1228 3844 1434 3910 permanens
1452 3829 1504 3896 in·

194 3927 351 3994 stitutum
367 3924 424 4014 (cl.
447 3930 463 3990 1
480 3928 566 4009 Reg.
584 3925 673 4011 9,9),
691 3921 771 3987 licet
786 3919 907 3986 cadem
922 3925 1076 4011 tempore
1092 3924 1165 3991 Heli
1180 3933 1264 3993 esset
1281 3931 1392 3996 rarior
1408 3932 1502 4022 (a,1).
1577 4013 1580 4019 ⁴

195 4032 383 4100 Videbatur
404 4051 605 4097 evanescere
619 4028 790 4118 pretiosus
808 4026 1008 4116 prophetiae
1029 4029 1122 4111 sons,
1139 4031 1354 4102 abundantes
1377 4060 1453 4107 mox
1471 4041 1517 4109 in'

195 4139 354 4208 Samuele
369 4138 569 4228 profusurus
584 4155 702 4224 aquas.

240 4246 354 4314 Prima
372 4241 538 4312 Samuelis
556 4239 773 4332 prophetial
796 4244 879 4326 Reg.
902 4247 921 4306 3
945 4240 1108 4328 dirigitur
1127 4250 1246 4312 contra
1265 4249 1505 4338 lthamaridas,

197 4360 273 4434 321
289 4351 396 4420 habes
409 4349 601 4418 Samuelem
613 4349 820 4437 prophetam
840 4369 860 4413 a
875 4351 944 4412 toto
959 4349 1086 4438 populo
1105 4372 1239 4419 summo
1259 4353 1390 4425 honore
1410 4361 1508 4428 babi-

197 4467 286 4544 tum,
304 4458 398 4549 apud
417 4454 648 4524 sanctuarium
669 4453 893 4535 residentem,
910 4452 969 4520 sed
987 4477 1049 4543 pro
1071 4455 1167 4523 brevi
1188 4462 1342 4549 tempore
1360 4469 1506 4532 tantum.

89 4560 94 4569 ’
198 4571 251 4635 Sc.
269 4589 330 4657 per
349 4564 483 4632 cladem
500 4561 593 4652 apud
605 4561 696 4628 Eben
717 4561 892 4627 ha·ezera
908 4561 1086 4651 prophetis
1101 4565 1377 4653 praenuntiatam
1391 4591 1409 4633 e
1426 4569 1509 4637 vivis

197 4673 365 4742 tolluntur
382 4669 511 4761 Ophni,
527 4669 671 4735 Plrinees
693 4690 732 4734 ac
754 4666 893 4733 tandem
914 4665 986 4756 ipsc
1007 4669 1093 4748 Heli,
1112 4677 1146 4737 et
1169 4670 1267 4737 annis
1288 4670 1376 4738 hene
1394 4674 1511 4743 multis

588 4796 763 4834 nullatum.
781 4808 813 4819 ··
829 4795 905 4832 COH·
919 4794 945 4831 ΙΝ
961 4795 1033 4833 ῡΕῑΤ.
1051 4810 1081 4820 -
1097 4787 1112 4832 3
