3366 5346
180 293 238 352 503
555 307 628 350 xcrx
652 270 784 350 uxrraxa
806 304 867 348 una
890 304 978 347 xxrxu
999 303 1113 347 noxas.

224 449 255 506 2.
286 441 421 507 Cantici
447 439 589 506 frideles.
615 440 673 505 t'et
703 439 813 504 obiter
841 437 1036 527 inspicienti
1062 439 1231 504 canticum
1258 436 1402 503 evidens
1434 441 1505 515 cst,

177 547 264 614 falso
280 547 421 614 asseria
438 546 556 612 Ilillm.
578 569 610 635 p.
632 551 707 625 392,
727 551 837 610 ratem
854 543 1027 611 historiam
1042 542 1175 610 lsraelis
1192 566 1296 633 usquc
1315 541 1365 608 ud
1382 539 1506 607 deter-

176 655 347 721 minatum
368 652 514 741 aliquod
529 665 695 742 peractum
717 674 797 741 prae
818 651 923 717 oculis
949 651 1088 717 habere.
1109 650 1200 717 Unde
1219 650 1306 716 false
1321 649 1398 739 ipse
1420 653 1506 737 pest

176 764 240 826 Kn.
257 764 369 827 censet
379 761 549 825 canticum
565 757 745 847 specialius
759 781 828 824 esse
842 757 1057 823 referendum
1075 757 1119 824 ad
1134 762 1290 846 tempora
1304 753 1504 821 Benhadad

176 873 209 932 et
234 865 384 933 ltazaetis
410 887 531 951 regum
556 866 685 952 Syriae,
710 864 769 931 alii
794 864 838 930 ad
865 869 1015 930 extrema
1045 871 1201 952 tempora
1229 863 1424 941 Samariae,
1455 859 1503 927 ad

177 981 334 1063 tempera
355 971 615 1039 Saturanassaris
630 971 682 1037 vel
701 971 1015 1038 Nabuchodonosor
1034 977 1098 1037 etc.
1117 971 1228 1037 Otiose
1248 968 1356 1059 aliqui
1380 968 1504 1057 inqui·

178 1086 269 1161 runt,
290 1101 462 1168 quaenam
487 1079 643 1166 gentium
672 1077 831 1144 Hebraeis
858 1077 1075 1144 inimicarum
1104 1077 1207 1144 fuerit
1239 1098 1321 1166 prae
1348 1073 1503 1164 reliquis

178 1184 296 1268 stulto,
316 1208 392 1251 eum
418 1207 486 1251 nou
505 1185 547 1250 dc
566 1184 714 1250 inimicis
733 1184 951 1264 stultissimis,
973 1184 1033 1250 sed
1054 1183 1097 1250 de
1117 1183 1266 1249 inimicis
1285 1182 1399 1248 stultis
1413 1188 1502 1268 agat

177 1296 298 1358 textus,
316 1296 367 1359 Sc.
392 1292 561 1358 canticum
587 1291 795 1358 adamussim
820 1296 970 1381 praestat
988 1290 1085 1371 illud,
1106 1289 1198 1380 qued
1223 1295 1325 1370 31,16
1348 1310 1429 1376 sqq.
1455 1293 1501 1353 26

177 1420 253 1488 sqq.
277 1398 543 1488 promittebatur
571 1420 577 1466 :
607 1399 681 1487 opit
704 1397 745 1464 dc
766 1397 938 1464 eventibus
963 1397 1106 1484 sectaris.
1133 1398 1269 1475 Quoties
1298 1394 1448 1461 Hebraei
1478 1416 1499 1459 a

178 1504 270 1570 eultu
292 1505 392 1570 tahve
415 1504 458 1571 ad
478 1504 708 1570 idololatriam
732 1504 927 1570 deficientes
951 1504 987 1570 in
1009 1508 1210 1594 potestatem
1234 1501 1370 1568 venturi
1395 1509 1501 1567 erant

178 1611 466 1696 alienigenarum,
486 1611 550 1676 hec
575 1612 708 1677 cantico
731 1611 886 1696 erigendi
914 1618 1013 1676 erant
1034 1611 1078 1677 ad
1103 1609 1276 1676 fiduciam.
1304 1609 1352 1674 Ad
1369 1607 1500 1696 ,ripam

178 1715 329 1782 terdenis
345 1738 422 1782 cum
442 1716 593 1783 exercitu
615 1717 846 1782 Hebraeorum
869 1716 1074 1783 constitutus
1090 1723 1182 1782 vates
1207 1736 1408 1806 persuasum
1435 1715 1501 1780 ha·

177 1823 235 1888 het
259 1823 362 1888 breve
389 1827 464 1912 post
491 1829 628 1911 tempus
652 1823 820 1889 Hebraeos
844 1824 984 1889 traiecto
1009 1823 1152 1888 flumine
1181 1823 1218 1888 in
1243 1818 1500 1887 Chanaauitidc

177 1950 246 1995 esse
268 1950 495 1996 consessores.
519 1933 561 1995 Eo
582 1951 616 1994 se
642 1935 754 1995 mente
778 1930 936 1995 transfert
962 1929 1080 2019 ibique
1105 1927 1359 1995 decantandum
1392 1925 1499 2011 tingit

176 2057 316 2101 carmen
335 2057 341 2102 :
358 2035 449 2124 qued
470 2034 615 2103 fictionis
634 2057 743 2122 genus
758 2034 875 2124 eequis
897 2042 1018 2126 poetae
1042 2035 1125 2101 vitio
1148 2033 1309 2100 verterit?
1325 2032 1500 2099 Hebraeo·

177 2155 253 2207 rum
280 2142 316 2208 in
343 2141 403 2207 illa
434 2143 574 2228 regione
602 2143 877 2231 prosperitatem,
913 2141 1132 2222 delectiones,
1163 2139 1404 2206 tribulationes
1435 2139 1500 2205 de-

176 2248 294 2313 scribit
309 2248 500 2334 pancration
515 2247 631 2335 plonc,
650 2248 696 2312 ita
711 2254 748 2312 ut
762 2249 864 2313 verba
878 2247 1083 2336 adaptentur
1094 2247 1273 2336 quibusvis
1289 2245 1417 2312 futuris
1434 2249 1499 2312 He·

178 2353 362 2418 braeerum
382 2352 669 2418 vicissitudinibus
689 2376 707 2418 a
731 2353 955 2433 Chananacis,
978 2352 1183 2434 amalecitis,
1202 2351 1368 2432 lteabitis,
1385 2352 1497 2439 Syris,

178 2460 308 2546 Assyris
323 2466 386 2526 etc.
406 2465 469 2525 eto.
493 2457 686 2548 prefectis.-

221 2570 259 2631 rt
273 2587 335 2632 nos
350 2565 489 2654 quidem
509 2565 649 2631 omnine
669 2565 884 2632 defendimus
901 2571 1009 2632 vatem
1026 2589 1089 2655 per
1106 2566 1322 2655 prophetiam
1341 2583 1500 2651 gnarum

176 2671 277 2738 fuisse
296 2672 433 2739 futurae
455 2672 687 2738 Hebraeorum
710 2672 882 2753 historiae,
901 2678 1070 2761 quatenus
1083 2696 1123 2739 ea
1138 2672 1330 2761 perrel-atim
1352 2671 1499 2736 carniae

167 2778 216 2843 ¹in
243 2779 377 2845 cantico
402 2778 575 2867 panditur.
603 2784 738 2862 Verum,
769 2779 831 2845 etsi
857 2779 933 2867 quis
959 2779 1174 2846 rationalista
1195 2776 1413 2869 prophetiam
1440 2799 1500 2843 re·

176 2893 288 2974 spuat,
306 2891 441 2951 nonest
459 2884 510 2951 illi
525 2885 605 2951 idco
626 2886 679 2951 ius
697 2885 877 2971 negandae
890 2887 1011 2951 cantici
1027 2886 1250 2975 antiquitatis.
1266 2884 1400 2952 Etenim
1417 2890 1500 2973 pest

180 2991 327 3056 feliciter
346 3015 384 3056 cx
407 2996 563 3079 Aegypto
582 2992 625 3058 ad
647 2992 826 3057 Iordanem
842 2993 1047 3081 perductum
1067 2992 1246 3083 populum,
1270 2997 1343 3082 pest
1362 2990 1500 3078 glorio-

176 3118 248 3162 sam
269 3118 389 3182 regum
414 3097 527 3162 Schen
548 3104 580 3165 et
597 3101 647 3182 Og
663 3104 826 3183 stragem,
850 3098 1066 3186 exspectabat
1084 3120 1165 3166 sane
1186 3105 1291 3181 vates,
1314 3102 1500 3186 exspecta-

177 3202 261 3267 bant
284 3201 426 3268 Hebraei
448 3202 733 3269 confidentissime
751 3211 784 3269 et
805 3227 867 3292 pro
887 3210 979 3271 certe
1001 3206 1118 3271 future
1140 3205 1315 3272 habebant
1336 3204 1500 3270 Chanaa-

177 3307 295 3374 nitidis
323 3308 568 3391 subactionem,
601 3315 700 3376 norat
730 3316 823 3376 vates
854 3317 972 3397 gentes
995 3312 1150 3379 ethnicas
1175 3312 1394 3378 idololatriae
1421 3333 1499 3378 esse

89 3467 92 3479 .
179 3414 311 3481 deditas
335 3437 448 3504 neque
470 3416 513 3481 ab
528 3438 568 3482 ea
589 3439 788 3498 recessuros
806 3422 965 3506 expertus
984 3425 1057 3484 erat
1079 3425 1179 3503 31,·29
1197 3418 1349 3485 indolem
1370 3417 1499 3507 pepuli

178 3520 322 3587 hebraei
341 3520 386 3587 ad
405 3521 641 3602 idololatriam
660 3526 783 3590 misere
802 3523 905 3612 proni
927 3546 934 3591 :
959 3525 1071 3613 potuit
1095 3547 1190 3612 ergo,
1216 3525 1347 3591 etiamsi
1367 3546 1387 3589 a
1410 3546 1499 3612 pre·

178 3628 294 3714 phetia
317 3627 567 3707 abstrahamus,
583 3630 714 3696 futuras
737 3630 966 3696 Hebraeorum
982 3631 1189 3697 defectiones
1203 3637 1235 3698 et
1249 3629 1499 3697 tribulationes

177 3738 269 3798 certe
294 3735 492 3822 praesagire
522 3740 555 3800 et
579 3758 640 3824 pre
668 3735 736 3801 illis
757 3737 939 3816 canticum,
962 3737 1061 3825 quale
1087 3737 1124 3805 in
1139 3743 1234 3804 [tent.
1254 3738 1393 3824 legitur,
1412 3744 1500 3805 ante

177 3839 396 3906 concinnare.
423 3844 513 3926 Ergo
530 3840 661 3922 exinde,
681 3842 774 3931 qued
795 3841 965 3909 canticum
990 3844 1122 3910 futuros
1147 3851 1287 3911 eventus
1311 3844 1496 3933 respiciat,

175 3968 219 4012 nc
237 3946 455 4013 rationalistis
474 3947 613 4035 quidem
634 3948 751 4014 efficax
773 3948 1013 4037 suppeditatur
1031 3952 1116 4015 ratio
1133 3949 1345 4039 antiquitatis
1369 3951 1497 4018 carmi-

176 4052 434 4139 nisnegandac.

220 4162 335 4245 Neque
364 4182 473 4225 seram
501 4160 623 4227 cantici
649 4160 820 4245 originem
848 4161 928 4227 inde
954 4162 1005 4228 fas
1038 4169 1087 4228 est
1114 4162 1255 4243 inferre,
1280 4162 1372 4252 quod
1395 4169 1497 4230 vates

176 4284 208 4327 v.
227 4268 305 4328 a-tt
322 4272 462 4331 eventus
488 4266 563 4332 aevi
587 4267 726 4333 mosaici
751 4274 927 4357 tamquam
954 4298 969 4328 u
994 4268 1183 4337 diutissime
1208 4276 1286 4336 ante
1308 4296 1324 4329 a
1354 4269 1493 4358 (nilon.

176 4391 210 4458 p.
235 4368 311 4457 393)
329 4376 421 4436 actes
436 4373 616 4439 describat.
635 4373 798 4440 Describit
812 4396 881 4441 nen
898 4373 1086 4442 diutissimo
1102 4384 1179 4443 ante
1194 4378 1253 4444 sed
1269 4375 1494 4445 selummodo

82 4517 87 4526 -
176 4482 256 4542 ante
280 4480 386 4556 actoS,
413 4499 431 4543 a
452 4479 607 4565 patribus
632 4504 662 4545 v.
688 4489 707 4545 7
728 4479 875 4546 mediate
900 4482 952 4546 vel
975 4481 1171 4549 immediate
1192 4482 1381 4549 discendes.
1404 4486 1496 4550 Cum

176 4590 290 4649 autem
318 4605 375 4650 ees
395 4590 510 4674 patres
529 4607 592 4675 per
613 4588 728 4651 oxnnia
753 4589 868 4652 lutura
887 4592 1040 4676 tempera
1064 4590 1204 4655 inducat
1225 4589 1305 4656 tiliis
1324 4587 1393 4654 suis
1412 4595 1498 4656 acta

176 4690 251 4754 acri
278 4689 417 4757 mosaici
437 4697 648 4773 enarrantes,
668 4691 800 4758 inducit
823 4715 877 4758 eos
899 4693 982 4761 bace
1002 4701 1199 4762 enarrantes
1219 4718 1289 4762 non
1310 4700 1497 4784 tanlquam
