3366 5346
193 248 254 307 aaa
528 263 639 308 oasuo
660 261 770 306 uorsrs
793 259 925 305 saeuum
950 260 957 302 ε
982 258 1177 314 iunsnussrs.

191 396 462 485 tonueritque
484 395 634 462 reticuisti
658 417 717 461 uos
738 417 750 460 .·
770 397 848 460 Non
866 403 1005 482 poterut
1022 391 1190 459 Dominus
1217 393 1445 462 introducere
1466 419 1529 463 eos

190 505 227 569 in
251 517 389 583 terrum,
412 525 518 591 qurum
536 501 716 592 pollicitus
736 513 784 566 est
804 500 864 585 eis,
889 512 922 565 et
949 499 1065 565 oderat
1085 498 1163 566 illos
1182 521 1195 564 .·
1221 498 1354 568 idcirco
1375 500 1524 591 educarit,

189 622 226 676 ut
250 610 454 697 interficeret
470 609 575 674 cosin
598 607 784 675 solitudine
810 625 842 687 »3
861 630 892 673 v.
920 612 961 674 29
986 634 1001 668 κ
1028 606 1090 695 qui
1109 619 1190 672 suut
1203 607 1359 697 populus
1379 621 1466 676 tutes
1492 623 1528 675 et

189 715 383 784 haereditas
406 729 478 797 trio,
499 738 583 804 quos
602 713 756 781 edocuisti
776 713 812 779 iu
834 713 1012 801 fortudine
1031 725 1091 778 tua
1110 735 1240 803 meque
1261 726 1297 780 et
1317 715 1353 780 iu
1372 715 1526 784 brachio

190 836 246 890 tuo
267 835 402 890 retento
431 850 459 887 ».
569 830 573 835 ’

234 931 347 996 Prima
361 929 475 994 fronte
491 929 643 994 narratio
658 934 777 1010 10‚1-5
795 926 931 993 videtur
946 927 1176 994 enarratione
1196 927 1301 993 Exodi
1317 928 1519 998 dissonare.

190 1034 329 1102 Videtur
347 1035 476 1124 quippe
504 1039 591 1101 [teus
611 1034 742 1116 iubere,
763 1039 802 1101 ut
822 1055 889 1099 uno
914 1032 1104 1122 eodemque
1129 1040 1282 1123 tempore
1308 1041 1342 1101 et
1366 1036 1520 1104 tabulae

188 1142 349 1209 dolentur
363 1148 396 1207 et
409 1162 487 1207 area
501 1140 708 1222 fabricetur3
727 1139 862 1207 videtur
875 1161 954 1206 area
966 1139 1068 1207 tuisse
1084 1143 1249 1229 perlecta,
1269 1163 1337 1230 quo
1352 1147 1520 1232 tempore

187 1254 312 1335 Moyses
335 1270 412 1315 cum
437 1246 565 1314 tabulis
582 1251 732 1313 montem
756 1245 1026 1328 conscendebat;
1044 1249 1168 1334 Moyses
1190 1247 1233 1314 de
1253 1254 1373 1315 monte
1400 1249 1519 1316 redux

186 1354 325 1422 videtur
343 1359 436 1421 recta
461 1375 576 1420 arcam
598 1353 734 1442 petiisse
752 1358 786 1419 et
806 1352 843 1419 in
865 1375 905 1419 ea
923 1350 1058 1418 tabulas
1081 1352 1286 1422 condidisse.
1305 1359 1416 1432 Quare
1442 1357 1517 1421 cri-

185 1460 244 1527 tici
258 1460 465 1527 recentiores
481 1459 566 1525 duas
580 1460 793 1526 narrationes
812 1458 1046 1526 discordantes
1061 1459 1259 1528 subodorati
1274 1468 1364 1528 sunt.
1381 1465 1514 1528 Verum

186 1566 335 1647 adverte,
356 1566 448 1656 quod
468 1565 595 1633 iterum
610 1565 806 1656 iterumque
825 1565 1061 1648 monebamus,
1082 1567 1315 1634 narrationem
1336 1569 1429 1635 hano
1443 1567 1516 1636 dis-

187 1674 267 1764 poni
288 1673 409 1739 ordine
422 1672 636 1761 potissimum
653 1695 723 1738 non
739 1671 914 1752 historico,
929 1673 988 1738 sed
1004 1673 1187 1741 rhetorico.
1205 1679 1323 1740 Nonne
1339 1675 1513 1763 inpriore

186 1781 268 1847 item
284 1780 437 1846 oratione
460 1785 538 1859 1‚37
555 1801 605 1868 sq.
628 1779 836 1868 loquebatur
851 1783 990 1866 Moyses,
1006 1781 1073 1846 acsi
1094 1802 1162 1847 una
1177 1781 1371 1870 eademque
1387 1779 1513 1849 divina

188 1885 354 1954 sententia
369 1885 443 1974 ipse
460 1891 492 1951 et
510 1886 657 1975 populus
671 1884 813 1952 fuissent
832 1885 877 1952 ab
891 1886 1048 1972 ingressu
1065 1890 1176 1954 terrae
1194 1887 1383 1976 promissae
1402 1888 1512 1955 inter·

188 1991 292 2059 dicti?
312 1995 429 2058 Nonne
445 1997 524 2071 5,Ξὲ
540 1991 610 2081 (19)
626 1991 674 2058 ita
688 1991 853 2081 loquitur,
871 1991 941 2058 acsi
962 1992 1130 2082 extemplo
1150 1999 1227 2083 post
1245 1995 1510 2082 pronuntiatum

189 2098 394 2184 decalogum
410 2101 496 2164 Deus
510 2097 575 2163 sibi
588 2098 723 2165 tabulas
742 2094 958 2166 tradidisset?
974 2098 1091 2166 Simile
1111 2099 1194 2189 quid
1208 2101 1282 2187 agit
1308 2101 1344 2166 b.
1366 2099 1390 2165 l.
1415 2099 1509 2167 lllud

188 2205 347 2291 exigebat
370 2204 536 2270 orationis
560 2205 814 2287 consiliumet
835 2210 1061 2273 narrarentur
1084 2206 1222 2273 tabulae
1242 2206 1387 2273 traditae
1411 2212 1446 2273 et
1469 2206 1507 2274 in

187 2333 268 2378 area
293 2310 350 2376 Dei
371 2311 469 2378 iussu
492 2316 688 2377 constructa
716 2310 900 2399 repositae;
918 2316 1029 2377 totum
1053 2311 1139 2378 illud
1166 2313 1258 2380 haud
1289 2335 1370 2380 sane
1397 2313 1506 2380 breve

186 2424 331 2508 tempus,
348 2416 440 2507 quod
460 2417 609 2483 Beseleel
624 2417 751 2506 aliique
767 2417 985 2484 conficiendis
1001 2416 1102 2484 rebus
1116 2421 1221 2485 saeris
1238 2418 1502 2510 impendissent,

186 2525 384 2591 solemnitas
408 2525 511 2590 erecti
532 2528 566 2590 et
586 2523 775 2591 consecrati
794 2523 979 2592 sanctuarii
1004 2524 1140 2592 silentio
1164 2532 1263 2592 erant
1289 2527 1505 2615 praetermit-

187 2631 301 2698 tenda.
320 2637 410 2716 Ergo
430 2630 631 2696 mandatum
655 2630 796 2697 dolandi
820 2631 956 2698 tabulas
980 2636 1037 2697 Ex.
1065 2639 1141 2713 3t,t
1170 2638 1204 2698 et
1229 2634 1386 2715 alterum,
1408 2634 1505 2723 quod

187 2744 287 2805 antea
307 2742 362 2804 Mn.
380 2742 481 2818 tato
497 2737 626 2803 editum
648 2738 771 2818 fuerat,
795 2738 976 2804 struendae
996 2759 1094 2806 arcae
1115 2739 1151 2804 in
1171 2761 1277 2805 unum
1306 2746 1378 2819 10,1
1404 2761 1504 2806 man·

188 2844 307 2911 datum
323 2844 479 2929 congerit
494 2849 621 2910 orator.
644 2849 716 2911 Una
733 2867 764 2910 v.
787 2851 805 2909 3
827 2844 994 2910 sententia
1016 2845 1120 2912 refert
1135 2849 1167 2912 et
1182 2867 1296 2912 arcam
1313 2851 1346 2913 ct
1368 2845 1505 2913 tabulas

187 2971 260 3014 esse
282 2956 519 3036 praeparatas3
541 2955 574 3014 et
597 2958 690 3029 nota,
708 2948 797 3015 illud
819 2971 933 3015 arcam
951 2950 1025 3038 [cei
1046 2951 1139 3017 idem
1159 2974 1280 3020 sonare
1301 2959 1403 3042 atque
1424 2951 1505 3040 fieri

188 3053 284 3119 iussi.
303 3059 433 3139 Moysen
455 3053 617 3119 describit
637 3053 679 3119 de
695 3061 813 3121 monte
835 3077 912 3121 oum
929 3056 1053 3122 tabulis
1074 3055 1338 3125 descendentem
1356 3064 1390 3125 ot
1407 3063 1505 3125 reeta

185 3159 290 3227 veluti
310 3160 542 3225 sanctuarium
560 3165 744 3249 petentem.
762 3166 854 3238 Quae
874 3162 991 3228 omnia
1010 3185 1089 3230 vere
1109 3165 1155 3230 ita
1176 3165 1420 3231 describuntur
1440 3187 1505 3265 per

186 3265 326 3333 modum
343 3267 457 3332 brevis
476 3272 676 3355 conspectus
695 3267 870 3335 rhetorici.
889 3268 1044 3336 Indidem
1062 3271 1203 3338 tortasse
1219 3271 1420 3361 explicatur,
1439 3293 1503 3338 eur

185 3373 241 3441 hio
254 3379 340 3441 [teus
352 3372 489 3440 dicatur
502 3373 710 3463 inscripsisse
725 3375 860 3442 tabulas
878 3398 884 3440 :
902 3375 1075 3464 inscripsit
1087 3399 1133 3444 sc.
1151 3399 1222 3445 non
1235 3400 1297 3467 per
1313 3401 1348 3445 se
1363 3376 1425 3444 sed
1438 3399 1502 3465 per

183 3485 329 3568 Moysen,
349 3502 450 3570 saepe
473 3468 606 3548 iubenti
628 3482 755 3549 factum
778 3482 954 3563 tribuitur,
970 3483 1062 3571 quod
1082 3484 1194 3552 iussus
1214 3485 1301 3552 alter
1327 3488 1502 3551 exsecutus

183 3593 241 3652 est.
263 3589 309 3653 Gt.
328 3592 383 3654 Ex.
403 3595 504 3670 3t‚27
524 3611 575 3678 sq.
593 3593 708 3679 Neque
728 3595 801 3656 erat
819 3588 854 3654 h.
870 3589 894 3654 l.
916 3588 1042 3656 diserte
1057 3590 1314 3674 affirmandum,
1334 3591 1502 3659 secundas

181 3692 318 3758 tabulas
338 3715 409 3760 non
431 3717 503 3760 esse
525 3697 667 3785 scriptas
686 3695 795 3782 digito
819 3695 876 3761 uei
904 3695 953 3762 uti
979 3696 1109 3785 priores
1127 3719 1134 3765 ε
1152 3720 1229 3765 eum
1253 3704 1368 3766 orator
1387 3699 1501 3787 potius

183 3799 417 3865 demonstrare
441 3800 587 3881 studeat,
604 3801 847 3869 intercessione
874 3803 989 3889 Moysis
1014 3803 1135 3871 foedus
1160 3810 1192 3871 et
1218 3804 1405 3871 amicitiam
1428 3825 1500 3870 esse

183 3905 282 3994 plene
298 3905 466 3973 restituta.

227 4014 308 4100 Cup.
332 4015 365 4078 X
384 4036 416 4078 v.
441 4020 455 4078 1
482 4041 497 4071 α
521 4016 564 4080 lu
587 4025 736 4102 ternpore
758 4015 818 4080 illo
840 4015 930 4080 dicit
954 4017 1121 4082 llomiuus
1147 4015 1195 4083 od
1215 4041 1268 4084 ute
1290 4041 1301 4084 :
1322 4016 1408 4084 Dolo
1433 4016 1497 4081 tibi

176 4115 262 4182 dirus
289 4117 424 4184 tobtrlos
450 4117 620 4208 lapideas,
644 4120 733 4187 siout
756 4120 889 4210 priores
909 4123 1069 4208 suerunt,
1093 4137 1124 4190 et
1148 4124 1292 4191 ascende
1311 4125 1359 4191 ud
1384 4146 1435 4190 me
1460 4123 1495 4189 iu

179 4234 339 4306 metuent,
351 4224 531 4315 faciesque
554 4253 569 4288 »
588 4225 650 4292 tibi
670 4253 686 4287 «
709 4247 826 4293 orcum
849 4226 999 4315 liqueant
1018 4249 1051 4308 »ς
1067 4253 1099 4296 v.
1121 4238 1141 4296 2
1160 4258 1176 4290 u
1201 4244 1232 4297 et
1246 4233 1391 4298 scribom
1413 4259 1428 4292 »
1454 4268 1499 4280 -
1575 4252 1583 4263 ·

179 4327 244 4395 soli
264 4331 355 4394 LXX
371 4331 511 4423 scribes,
533 4332 593 4399 sed
613 4356 645 4399 v.
670 4338 688 4398 t
711 4334 833 4421 legunt
857 4334 906 4400 uti
926 4335 1052 4424 reliqui
1072 4374 1116 4387 —-
1136 4365 1151 4398 u
1175 4338 1212 4404 iu
1232 4338 1356 4405 luteolis
1379 4335 1493 4422 cerba,

179 4457 267 4525 quiue
284 4436 429 4523 suerunt
448 4437 567 4520 intes,
591 4463 677 4526 qteus
696 4453 775 4508 oute
796 4441 1015 4531 carlsrcyisti,
1029 4466 1208 4535 ponesque
1228 4467 1284 4511 cus
1304 4448 1339 4512 iu
1356 4467 1438 4511 orco
1464 4471 1494 4510 ».

182 4549 392 4633 Responsum
413 4546 514 4613 labve
530 4547 574 4612 ad
585 4546 865 4614 intercessionem
881 4555 1021 4629 936-29
1039 4551 1103 4616 boc
1117 4552 1190 4634 tuit,
1209 4558 1246 4618 ut
1261 4553 1496 4620 manifestaret

180 4650 389 4721 voluntatem
413 4653 561 4721 foederis
589 4675 665 4720 oum
693 4653 851 4721 Hebraeis
875 4656 976 4745 plene
1002 4656 1272 4745 redintegrandi.
1296 4659 1492 4727 procuravit
