3366 5346
654 343 743 388 naur.
767 329 817 401 nt,
840 329 860 388 8
880 343 946 398 sao.
1396 334 1452 396 161

141 488 278 569 quoque
291 478 477 567 arripiente
492 479 595 560 viam,
613 500 701 567 quae
721 500 755 544 se
779 479 893 567 prima
908 477 1088 547 obtulisset
1116 481 1159 547 ad
1178 482 1298 568 fugam
1319 483 1452 572 (Meni.

140 608 173 652 v.
199 593 220 654 8
251 613 266 646 a
289 585 433 651 dimittet
456 584 625 651 Dominus
649 583 901 651 bendictionem
921 595 1026 674 super
1047 586 1189 654 cellario
1213 600 1272 655 tuo
1298 601 1331 656 et
1353 613 1455 681 super

141 692 256 759 omnia
274 713 377 781 opera
400 713 568 758 manuum
588 703 740 773 tuarum,
758 689 997 781 benedicetque
1017 691 1082 758 tibi
1105 693 1143 760 in
1164 706 1254 761 terra
1273 718 1376 786 quam
1396 721 1453 765 ac-

140 798 266 888 ceperis
283 827 313 863 ».
332 800 435 866 Hebr.
453 820 461 867 :
477 799 607 865 iubebit
624 799 700 889 (pro
719 812 765 864 itt
786 798 882 865 Sum.
905 799 986 878 11111)
1007 798 1108 866 labae
1123 812 1236 867 tecum
1250 802 1455 871 benedictio-

138 928 216 972 nem
237 926 339 995 super
360 904 529 994 prunonio
550 916 654 972 tua...
676 917 708 971 et
725 903 899 972 benedicet
916 915 960 971 te.
977 905 1133 973 Habebas
1150 930 1182 974 v.
1206 908 1456 978 abenedictio-

139 1034 218 1079 nem
247 1011 353 1080 veluti
383 1016 580 1079 currentem
607 1033 614 1079 :
640 1011 697 1079 hic
717 1011 862 1094 doceris,
880 1033 948 1102 quo
976 1011 1117 1079 iubente
1141 1012 1203 1080 illa
1224 1021 1351 1083 currat.
1377 1040 1407 1083 v.
1435 1024 1455 1084 9
1552 1021 1559 1035 ’

142 1149 157 1180 «
181 1117 371 1188 suscitabit
397 1147 427 1201 »,
452 1140 511 1184 seu
536 1117 650 1208 potius
674 1117 835 1202 stabiliet,
856 1129 926 1184 «te
949 1117 1118 1186 Dominus
1139 1118 1206 1186 sibi
1227 1121 1265 1188 in
1287 1123 1459 1212 populum

139 1238 306 1311 sanctum,
323 1225 413 1291 sicut
428 1224 557 1291 iurauit
576 1223 650 1309 tibi,
666 1224 698 1291 si
717 1223 917 1291 custodieris
931 1224 1097 1293 mandata
1111 1226 1252 1294 Domini
1273 1228 1338 1295 Dei
1358 1231 1410 1296 tui
1425 1241 1458 1296 et

140 1331 368 1399 ambulaveris
394 1330 433 1397 in
458 1331 524 1398 uiis
545 1330 617 1397 eius
649 1358 679 1399 n.
706 1354 738 1397 v.
763 1338 804 1398 10
833 1358 850 1392 a
881 1329 1119 1423 Videbuntque
1150 1356 1266 1401 omnes
1287 1348 1456 1402 terrarum

137 1439 271 1529 populi,
294 1437 388 1528 quod
407 1461 531 1505 nomen
554 1437 701 1505 Domini·
712 1437 912 1506 invocatum
928 1437 974 1504 sit
995 1461 1096 1529 super
1115 1451 1146 1506 te
1170 1469 1201 1523 a,
1224 1440 1311 1508 sicut
1333 1447 1375 1508 is.
1399 1431 1453 1527 1,1

141 1545 255 1612 mariti
277 1566 405 1612 nomen
427 1545 607 1612 invocatur
630 1566 734 1635 super
758 1566 911 1628 uxorem,
934 1566 1038 1634 quam
1065 1546 1140 1636 ipse
1165 1568 1262 1615 suam
1292 1547 1398 1616 habet
1423 1554 1456 1616 et

22 1654 25 1658 ⁴
140 1651 304 1734 defendit,
325 1678 341 1711 a
366 1663 398 1717 et
422 1651 589 1718 timebunt
610 1664 642 1717 te
673 1678 703 1719 ».
728 1674 762 1718 v,
792 1658 829 1718 11
865 1677 881 1712 a
905 1650 1092 1718 Abundare
1118 1664 1150 1720 te
1165 1653 1272 1742 saciet
1290 1655 1456 1722 Dominus

139 1757 297 1826 omnibus
312 1757 419 1842 bonis,
434 1759 553 1845 fructu
566 1757 657 1824 uteri
669 1757 721 1824 tui
736 1767 769 1823 et
782 1758 905 1847 fructu
923 1757 1156 1826 iumentorum
1175 1774 1321 1845 tuorum,
1337 1764 1456 1850 [ructu

126 1877 249 1932 terrae
268 1877 358 1944 triae,
370 1887 475 1954 quam
492 1864 621 1931 iuravit
638 1863 806 1930 Dominus
822 1864 979 1953 patribus
1001 1865 1081 1950 tuis,
1101 1877 1141 1932 nt
1160 1865 1258 1933 daret
1273 1868 1334 1934 tibi
1356 1896 1386 1935 ».
1405 1869 1452 1936 cf.

141 1995 172 2037 v.
191 1976 223 2038 1.
240 2009 284 2021 -
297 1993 330 2038 v.
348 1976 390 2037 12
407 1998 423 2032 «
439 1970 581 2060 Aperiat
591 1969 759 2037 Dominus
779 1969 975 2037 tltcsaurum
990 1993 1091 2038 suum
1109 1973 1292 2062 optimum,
1309 1973 1452 2061 coelum,

140 2089 178 2143 ut
197 2077 325 2144 tribuat
336 2075 500 2168 pluviam
518 2089 628 2143 terrae
645 2089 724 2144 tuae
743 2075 948 2168 intempore
967 2086 1040 2164 suo,
1059 2077 1302 2169 benedicetque
1324 2080 1456 2147 cunctis

140 2184 297 2273 operibus
322 2205 491 2249 manuum
512 2194 651 2249 tuamcm
669 2210 698 2248 ».
718 2187 777 2249 «Ε
800 2183 895 2250 coelo
915 2182 1056 2251 veniunt
1075 2184 1190 2252 omnia
1207 2186 1299 2253 hona
1319 2187 1415 2276 quasi
1436 2209 1455 2253 e

139 2292 299 2359 thesauro
322 2317 338 2351 »
365 2290 498 2379 (Man).
513 2288 609 2357 Alius
627 2287 770 2370 modus,
793 2311 862 2378 quo
886 2293 972 2356 Deus
995 2289 1179 2359 certissime
1196 2313 1274 2359 suas
1292 2292 1456 2360 benedie-

139 2397 247 2464 tiones
267 2397 330 2486 piis
351 2395 512 2464 attribuit
533 2418 541 2465 :
563 2397 673 2487 aperit
691 2417 858 2487 supernos
874 2397 1063 2479 thesauros,
1084 2397 1177 2465 unde
1196 2398 1270 2466 sola
1289 2400 1324 2465 vi
1343 2401 1456 2487 gravi-

139 2505 220 2568 tatis
237 2503 406 2569 beneficia
424 2505 584 2569 feruntur
605 2503 778 2568 deorsum.
800 2530 817 2563 a
840 2504 1089 2590 Etsoenerabis
1107 2503 1265 2594 pentibus
1279 2505 1407 2592 multis,
1424 2518 1456 2573 et

140 2608 210 2698 ipse
236 2631 257 2674 a
277 2607 374 2674 nullo
399 2609 525 2696 [oenus
551 2607 698 2698 accipies
719 2635 750 2675 ».
771 2635 787 2669 a
809 2612 882 2674 Non
902 2608 959 2674 hio
983 2613 1068 2675 Deus
1091 2610 1261 2699 permittit
1285 2619 1344 2678 aut
1357 2635 1456 2701 prae·

139 2714 223 2803 cipit
250 2735 370 2781 usuras
397 2741 413 2776 n
438 2712 552 2804 (Lep.)
575 2734 583 2781 :
610 2714 670 2781 sed
698 2713 857 2780 Israelitis
883 2713 1023 2799 dicitur,
1044 2720 1175 2782 tantam
1206 2716 1274 2783 illis
1301 2719 1452 2785 futuram

141 2821 274 2909 copiam
289 2841 418 2902 rerum,
435 2825 474 2887 ut
487 2819 565 2888 aliis
577 2819 740 2907 gentibus
751 2842 812 2887 sua
831 2832 991 2887 mutuare
1006 2822 1147 2911 possint,
1167 2844 1281 2912 neque
1300 2824 1365 2914 ipsi
1380 2845 1456 2892 mu-

140 2933 199 2993 tuo
218 2949 304 3017 opus
329 2926 479 2994 babeant
495 2926 612 3017 (list).
634 2949 667 2992 v.
692 2933 732 2993 13
753 2954 769 2989 a
797 2926 987 2994 constituet
1006 2939 1037 2994 te
1056 2927 1225 2996 Dominus
1244 2929 1281 2995 in
1300 2942 1454 3020 caputet

139 3055 209 3101 non
227 3034 264 3100 in
278 3034 426 3101 carcdam
443 3061 475 3112 s,
496 3062 511 3094 a
529 3033 695 3123 primum,
712 3054 782 3099 non
796 3032 993 3100 ultimum»
1012 3033 1158 3123 (Malu),
1177 3061 1193 3097 a
1211 3035 1325 3102 eteris
1342 3026 1453 3104 ›iton-
1487 3054 1495 3065 ·

139 3153 224 3225 tum,
239 3140 384 3231 ideoque
401 3167 418 3201 α
434 3161 567 3231 semper
585 3161 691 3230 supra
708 3151 741 3206 et
757 3162 826 3206 non
841 3138 953 3206 subter
971 3160 985 3205 .·
1003 3140 1035 3206 si
1049 3153 1164 3208 tamen
1183 3140 1336 3209 audieris
1354 3166 1449 3211 ntan-

140 3246 224 3315 data
248 3247 388 3314 Domini
403 3246 467 3314 Dei
492 3247 562 3332 tui,
584 3269 672 3338 quae
693 3269 754 3337 epo
775 3246 952 3338 praecipio
980 3246 1045 3313 tibi
1064 3246 1177 3334 bodie,
1203 3260 1236 3314 ct
1256 3248 1453 3317 custodieris

139 3366 171 3422 et
188 3354 311 3442 seceris
330 3383 361 3435 »,
383 3377 416 3422 v.
436 3359 477 3422 1t
502 3383 517 3414 α
537 3376 577 3419 ac
597 3375 667 3419 non
687 3351 914 3419 declinaveris
935 3350 977 3419 ab
996 3354 1042 3418 cis
1061 3376 1122 3419 nec
1143 3352 1193 3420 ad
1204 3354 1378 3422 deuterum
1391 3380 1453 3422 nec

139 3459 188 3526 ad
197 3460 384 3544 sinistram,
400 3482 461 3526 nec
475 3472 611 3525 secutus
623 3459 736 3544 feceris
750 3458 830 3524 deos
847 3458 984 3524 alienos
998 3480 1108 3547 neque
1121 3459 1269 3526 colueris
1284 3483 1339 3527 eos
1363 3489 1392 3527 s.

506 3698 542 3745 ΙΙ.
558 3696 832 3746 murmontis
848 3697 946 3744 DEUT.
965 3699 1087 3757 teleos.

185 3887 269 3973 Arp.
292 3922 336 3934 -
352 3888 412 3951 Sex
434 3883 729 3951 benedictionibus
747 3906 780 3952 v.
805 3891 860 3950 3-6
880 3884 1269 3975 opponunturtotidem
1291 3885 1453 3953 maledie-

141 3990 248 4059 tiones
274 4015 306 4060 v.
339 3997 451 4074 16-19,
477 3989 600 4057 iisdem
627 3989 751 4072 verbis,
778 3991 889 4057 solum
918 3991 1012 4082 quod
1039 3990 1191 4058 canistra
1222 4013 1316 4058 nuno
1338 4013 1454 4058 recen-

140 4103 377 4167 seanturante
398 4096 695 4165 foecunditatem:
716 4097 810 4187 quod
832 4097 926 4165 casui
949 4097 1079 4166 factum
1102 4096 1238 4165 videtur
1260 4120 1330 4164 esse
1357 4098 1452 4165 attri-

140 4206 331 4274 buendum.

183 4338 215 4380 v.
246 4321 286 4380 15
307 4342 324 4375 a
347 4310 477 4394 Quodsi
497 4310 618 4378 audire
636 4310 787 4378 nolueris
811 4333 926 4378 uocem
946 4309 1089 4377 Domini
1112 4310 1178 4377 Dei
1194 4310 1259 4393 tui,
1280 4323 1320 4377 ut
1341 4325 1451 4379 custo·

140 4419 215 4485 dias
233 4432 266 4486 et
282 4421 395 4508 facias
413 4418 531 4486 omnia
553 4417 718 4485 uzandoto
740 4417 813 4484 eius
836 4429 869 4484 et
887 4415 1108 4501 ceremonias,
1126 4439 1213 4508 quos
1238 4440 1300 4507 epo
1318 4419 1451 4509 pracci-

138 4526 196 4615 pio
223 4525 285 4591 tibi
312 4526 420 4609 bodie,
444 4527 579 4592 uenient
597 4547 698 4615 super
725 4536 756 4592 tc
779 4547 894 4592 omnes
920 4522 1182 4592 maledictiones
1207 4525 1304 4608 istae,
1328 4538 1361 4591 ct
1388 4547 1451 4616 op-

137 4630 352 4722 prebendam
383 4645 415 4699 tc
446 4661 476 4700 ».
505 4632 563 4699 Hic
588 4653 707 4700 versus
732 4633 978 4723 correspondet
1007 4633 1120 4700 versui
1152 4639 1168 4698 1
1199 4654 1250 4721 sq.
1278 4670 1322 4680 -
1348 4654 1380 4698 v.
1410 4638 1451 4698 16

144 4767 160 4801 a
180 4737 383 4806 Maledictus
402 4741 466 4806 eris
486 4740 522 4806 in
543 4739 689 4824 ciuitate,
711 4739 911 4808 maledictus
931 4739 968 4807 in
988 4761 1071 4830 apro
1093 4767 1123 4806 ».
1141 4760 1174 4806 v.
1195 4745 1235 4804 17
1253 4765 1269 4800 a
1286 4736 1450 4805 Maledic-
