3366 5346
250 294 309 354 15⁶2
798 307 1012 352 mraonecrro.

294 444 384 510 Nihil
409 443 492 510 certi
513 441 645 510 eruitur
669 465 687 509 e
710 446 802 509 textu
824 447 878 509 Ex.
909 448 1007 517 17,st
1031 463 1038 508 :
1066 469 1081 500 a
1105 441 1222 508 Scribe
1245 442 1331 507 haec
1352 441 1390 507 in
1411 440 1502 507 libre
1525 442 1563 507 in

250 550 467 628 memoriam,
485 556 518 616 et
536 572 626 640 pone
644 550 680 615 in
699 549 840 616 auribus
858 553 955 615 losue
977 578 1006 614 υ.
1030 548 1076 616 Cl.
1097 551 1169 615 CML
1185 571 1221 637 p.
1246 554 1325 626 182,
1346 546 1491 636 Cornely
1509 552 1564 614 ln-

250 657 338 724 tred.
368 661 394 722 ll
419 664 449 722 t.
477 659 519 722 to
542 679 592 745 sq.
621 660 693 722 Non
719 655 798 723 satis
823 653 1042 746 perspicitur,
1066 660 1232 741 agaturne
1256 653 1299 720 de
1325 653 1414 720 libro
1442 676 1487 720 an
1512 654 1558 720 dc

174 827 176 831 ,
251 763 393 846 scheda,
416 763 457 829 de
476 762 565 829 libro
583 762 811 829 determinato
831 761 976 851 (Moser.)
994 783 1038 828 an
1057 760 1333 827 indeterminato.
1355 764 1467 828 Potest
1485 783 1562 827 sen·

249 893 305 939 sus
320 893 407 950 esse,
425 868 626 936 mandatum
638 869 681 936 de
694 868 880 959 puniendis
894 867 1080 959 aliquando
1099 867 1293 935 Amalecitis
1309 867 1367 957 (cf.
1385 873 1480 935 Deut.
1499 874 1557 948 25,

251 977 364 1067 17-19)
391 975 644 1062 iniungendum
667 996 747 1064 esse
776 981 872 1043 losue
899 982 932 1042 et
957 974 1063 1042 verbe
1086 979 1120 1042 et
1144 975 1246 1042 etiam
1275 975 1419 1064 scripte,
1443 997 1489 1042 sc.
1520 975 1561 1041 in

248 1083 374 1150 scheda
395 1082 529 1171 aliqua,
554 1082 598 1149 ad
622 1083 732 1150 instar
755 1081 899 1149 schedae
925 1086 1023 1149 Num.
1051 1081 1231 1170 21‚1t(ct.
1259 1084 1308 1147 CN
1330 1105 1365 1171 p.
1393 1087 1457 1150 att
1480 1083 1560 1171 sq.).

249 1195 369 1258 Sensus
389 1188 606 1280 probabilior
627 1187 766 1256 alterius
787 1195 896 1256 textus
919 1193 1018 1257 Num.
1043 1194 1123 1267 333
1146 1188 1176 1254 is
1200 1193 1264 1268 est,
1290 1192 1423 1275 Moysen
1447 1210 1467 1253 a
1488 1193 1560 1255 Deo

248 1297 377 1364 iussum
397 1295 634 1362 esse'scribere
652 1295 832 1363 elenchum
855 1295 1037 1362 stationum
1062 1318 1069 1363 :
1092 1299 1142 1362 CN
1160 1318 1196 1385 p.
1223 1301 1287 1361 360
1311 1315 1361 1383 sq.
1384 1299 1408 1360 li
1432 1293 1563 1384 quibus

249 1403 396 1470 textibus
416 1425 529 1492 neque
552 1401 640 1468 illud
663 1402 894 1491 consequitur,
917 1401 1089 1491 scripsisse
1111 1405 1244 1488 Moysen
1266 1401 1352 1467 hacc
1377 1400 1445 1467 duo
1466 1400 1560 1479 sela,

249 1531 361 1599 neque
375 1508 480 1589 illud,
497 1508 668 1596 scripsisse
682 1514 818 1598 praeter
831 1508 916 1575 haec
930 1507 999 1574 duo
1019 1508 1121 1574 etiam
1136 1507 1270 1597 reliqua
1285 1508 1411 1573 omnia.
1431 1512 1564 1574 Tamen

249 1615 336 1683 illud
354 1615 457 1681 medo
472 1613 807 1698 demonstrabamus,
825 1635 894 1704 quo
912 1620 1069 1704 tempore
1084 1618 1207 1701 Moyses
1225 1614 1269 1679 ad
1289 1612 1468 1680 Iordanem
1483 1636 1564 1680 ver-

250 1722 403 1802 sabatur,
415 1721 484 1788 iam
497 1719 662 1788 exstitisse
670 1721 856 1812 inspirante
868 1726 934 1788 Deo
945 1721 1107 1811 scriptam
1120 1720 1318 1788 historicam
1331 1720 1564 1787 narrationem

125 1894 129 1905 ,
250 1826 519 1899 substantialiter
533 1826 694 1909 eandem,
711 1849 815 1917 quam
831 1828 913 1895 libri
927 1833 1104 1896 lla-Num.
1121 1827 1263 1895 habent.
1282 1828 1498 1893 Censendane
1513 1835 1565 1894 est

174 1992 178 1996 Α
250 1935 376 2024 scripta
395 1956 466 2001 esse
482 1933 588 2001 inscio
607 1940 665 2001 aut
678 1933 786 2001 invito
801 1937 931 2022 Moyse?
943 1939 1166 2024 Nequaquam
1183 1957 1191 2003 :
1210 1939 1333 2021 Moyses
1348 1955 1424 2000 eam
1444 1933 1564 2022 utique

249 2063 346 2108 suem
362 2040 444 2107 facit
458 2045 492 2107 et
503 2062 634 2108 sacram
649 2039 765 2108 habet.
787 2043 959 2123 Ceterum,
976 2041 1097 2108 nonin
1118 2039 1247 2126 linguis
1265 2040 1373 2107 latina
1386 2045 1420 2106 et
1435 2061 1564 2125 graeca

251 2148 379 2229 solum,
401 2146 458 2214 sed
480 2146 562 2214 item
586 2147 622 2213 in
644 2146 795 2214 hebraea
816 2146 942 2215 dicitur
955 2147 1081 2237 aliquis
1101 2147 1271 2237 scripsisse
1290 2145 1343 2228 id,
1360 2168 1431 2213 non
1451 2140 1565 2213 solum

251 2253 345 2343 qued
359 2253 494 2342 scripsit
511 2253 584 2342 ipse
599 2275 705 2320 manu
720 2274 796 2334 sua,
814 2253 872 2320 sed
887 2254 990 2320 etiam
1005 2254 1097 2342 quod
1111 2253 1245 2342 scripsit
1262 2277 1324 2343 per
1340 2253 1439 2334 alies,
1459 2252 1567 2319 scribi

252 2359 441 2427 mandavit.
456 2362 587 2450 Neque,
605 2359 635 2426 si
652 2359 689 2426 id
701 2360 829 2426 iactum
850 2381 920 2426 esse
935 2360 1011 2449 quis
1032 2359 1189 2427 adstruat
1203 2360 1317 2450 quoad
1329 2360 1566 2427 narrationem

252 2472 305 2548 tu,
323 2466 401 2533 ideo
414 2473 590 2557 tamquam
605 2465 725 2533 salsam
743 2465 853 2533 reiicit
868 2466 1071 2534 ludaeorum
1086 2466 1325 2545 traditionem,
1343 2471 1477 2554 Moysen
1492 2488 1566 2533 esse

254 2573 471 2664 pentateuchi
494 2578 682 2640 auctorem.
704 2577 795 2652 Quae
816 2573 865 2641 ito
886 2573 1035 2640 affirmat
1057 2601 1073 2636 a
1091 2579 1224 2661 Moysen
1245 2573 1418 2663 scripsisse
1433 2573 1564 2640 librum

252 2703 351 2748 suum
379 2709 412 2758 e,
433 2679 485 2748 uti
510 2680 658 2748 affirmat
685 2707 701 2741 a
729 2681 920 2748 Samuelem
942 2680 1113 2770 scripsisse
1136 2680 1265 2747 librum
1287 2703 1385 2747 suum
1411 2708 1427 2742 »
1446 2679 1567 2769 (libros

253 2787 445 2876 Samuelis).
458 2789 554 2854 Certe
564 2792 754 2869 Era-Num,
773 2787 803 2854 si
812 2793 1053 2877 supponantur
1064 2787 1131 2855 orti
1143 2783 1214 2854 e'ssc
1230 2789 1398 2874 congestis
1407 2789 1441 2853 in
1455 2809 1564 2854 unum

254 2895 387 2961 duobus
398 2893 532 2982 scriptis
545 2895 671 2983 partim
686 2894 884 2961 immediate
902 2900 936 2960 et
950 2893 1077 2982 partim
1097 2893 1246 2960 mediate
1261 2893 1434 2975 mosaiciS,
1453 2893 1566 2978 magis

255 2999 297 3066 ad
319 3005 449 3085 Moysen
473 3001 660 3086 pertinent,
678 3022 783 3088 quam
802 3000 846 3065 ad
869 3000 1062 3067 Samuelem
1088 3001 1257 3089 pertinent
1275 3000 1358 3067 libri
1378 2999 1563 3081 Samuelis,

255 3127 401 3194 querum
417 3105 526 3175 maior
541 3127 618 3194 pars
633 3113 774 3171 eventus
792 3107 914 3172 recitat
933 3112 1041 3173 morte
1061 3107 1228 3174 Samuelis
1242 3107 1458 3196 posteriores.
1475 3110 1567 3174 Haec

255 3212 363 3298 igitur
377 3210 575 3300 hypothesis
589 3233 659 3277 non
673 3211 739 3278 erit
752 3211 963 3298 negligenda
977 3213 1024 3295 ei,
1043 3212 1103 3302 qui
1117 3213 1184 3280 sibi
1196 3213 1353 3281 videatur
1367 3214 1565 3303 deprehen·
1592 3294 1597 3303 Ι

256 3318 338 3385 dere
355 3316 424 3385 stili
439 3316 718 3407 inaequalitatem
735 3317 824 3385 inter
837 3323 891 3401 tn,
907 3325 930 3385 Ρ
945 3323 979 3385 et
992 3324 1030 3385 n.

302 3428 490 3493 Possumne
510 3424 650 3496 concedi
667 3446 783 3492 sacrae
802 3425 1012 3492 narrationis
1028 3425 1094 3493 diro
1108 3426 1274 3517 primitas
1292 3426 1403 3517 (trisse
1414 3426 1570 3512 sentes]

257 3545 288 3600 et
309 3535 353 3617 E,
376 3532 438 3621 qai
453 3530 674 3622 postmodum
695 3532 733 3599 in
754 3554 860 3601 ernam
886 3535 1121 3601 narrationem
1141 3536 1200 3600 JE
1227 3532 1441 3600 coaluerint?
1470 3530 1566 3598 Haud

5 3636 10 3645 '
139 3714 142 3719 ¹
256 3640 354 3705 facile
370 3640 559 3707 credendus
574 3646 625 3706 est
639 3644 764 3727 Moyses
778 3639 863 3706 duas
879 3639 1028 3707 diversas
1043 3641 1258 3707 narrationes
1273 3647 1411 3708 actuum
1427 3660 1568 3705 suorum

258 3746 477 3812 concinnasse
498 3766 604 3811 manu
624 3767 701 3823 sua3
719 3746 749 3813 si
769 3768 851 3812 vero
872 3751 997 3834 Moyses
1018 3747 1224 3814 concedatur
1247 3748 1394 3836 potuisse
1417 3746 1567 3813 scribere

258 3875 319 3942 per
333 3852 434 3931 alioS,
450 3851 527 3919 illos
546 3851 697 3919 iubendo
712 3858 792 3935 eto,
808 3874 862 3920 res
879 3853 1115 3920 difficultatem
1129 3876 1199 3921 non
1213 3855 1328 3921 hauet.
1348 3853 1517 3931 Proiecto,
1537 3852 1565 3917 si

258 3960 387 4026 Christo
400 3957 633 4025 concedantur
648 3965 796 4048 quatuor
808 3982 946 4027 suorum
959 3966 1114 4028 actorum
1129 3960 1307 4049 scriptores
1323 3957 1565 4046 evangelistae,

258 4088 319 4131 cur
334 4089 403 4131 non
425 4064 629 4132 concesseris
649 4068 749 4152 Moysi
767 4067 848 4133 item
868 4066 953 4134 duos
968 4090 1107 4135 suarum
1128 4089 1244 4133 rerum
1261 4069 1462 4155 scriptores?
1476 4063 1569 4130 Scri-

260 4172 340 4238 bere
360 4171 496 4238 iusscrit
517 4171 616 4251 duee,
641 4172 878 4257 recognoverit
901 4173 1001 4253 dues,
1024 4173 1268 4264 approbaverit
1294 4174 1394 4254 dues,
1416 4173 1566 4239 duorum

259 4278 391 4344 calamo
414 4285 446 4343 et
469 4277 545 4344 stilo
567 4278 701 4345 locutus
725 4278 768 4344 sit
786 4279 857 4367 ipsc
885 4302 983 4347 unus.
1008 4288 1157 4359 Quorum
1182 4281 1268 4346 alter
1287 4285 1311 4347 ll
1332 4276 1566 4347 narrationem

260 4385 403 4449 texuerit
418 4383 461 4448 ab
475 4384 630 4450 Abrahae
641 4383 791 4451 adventu
805 4385 840 4450 in
857 4386 1141 4467 Chanaanitiden,
1157 4386 1403 4454 alte1·amu11di
1413 4382 1564 4451 exordio.
1622 4383 1627 4390 ’

259 4495 282 4556 Ε
303 4491 505 4576 fragmentis
526 4491 650 4557 horum
675 4491 823 4557 duorum
854 4493 957 4559 vcluti
976 4488 1018 4557 Ὺ.
1045 4498 1078 4558 Τ.
1109 4493 1365 4580 evangeliorum
1394 4489 1563 4559 texuerint

257 4598 476 4688 postmodum
492 4597 700 4663 restitutores
710 4604 817 4665 textus
833 4600 885 4665 vel
901 4600 1003 4666 etiam
1019 4599 1077 4666 alii
1093 4607 1170 4666 anto
1187 4623 1255 4683 eoa,
1271 4623 1372 4667 unam
1386 4597 1563 4665 historiam

258 4718 487 4796 synepttcam.
