3366 5346
552 336 723 381 uovnmrnn
746 336 877 382 111665
899 338 1044 382 suurn.
1393 321 1447 381 151

139 471 390 539 Sacrificiorum
403 490 473 534 non
489 470 639 556 attingit,
657 471 751 560 quod
768 470 931 536 collector
949 471 1105 538 intendat
1121 492 1192 536 non
1209 491 1321 535 mores
1339 492 1450 536 sacer·

140 579 271 657 dotum,
289 575 346 643 sed
362 596 473 642 mores
485 576 607 665 populi
621 574 820 657 reformare,
834 577 1072 667 populumque
1087 577 1130 644 ad
1145 576 1344 644 adeundum
1357 597 1451 641 sauc-

140 685 288 751 tuarium
311 681 529 772 compellere.
551 686 656 769 Leges
678 683 770 749 Libri
790 683 964 763 Foederis,
984 706 1071 772 quas
1089 683 1199 750 critici
1217 682 1358 772 quidem
1381 703 1451 747 non

138 790 331 857 attribuunt
348 794 383 869 P,
403 788 508 855 habet
526 788 773 856 collectaneum
794 790 916 856 ceteris
935 790 1138 872 sanctiores;
1155 788 1218 858 sed
1234 791 1330 855 novit
1349 788 1450 854 etiam

138 899 281 964 Thoram
301 895 491 980 llunditiei3
509 896 621 982 legem
642 895 771 985 quippe
786 897 828 962 de
844 895 1055 963 animalibus
1069 895 1207 964 mundis
1220 902 1254 961 et
1265 893 1453 960 immundis

138 1003 302 1071 describit
323 1007 421 1070 Deut.
445 1008 579 1085 1t,3-nr
604 1002 647 1068 de
669 1001 776 1068 verbo
797 1001 841 1069 ad
862 1002 1024 1086 verbum,
1046 1008 1141 1069 textu
1165 1001 1275 1088 magis
1300 1000 1452 1088 genuino

138 1133 188 1194 eo,
207 1110 267 1200 qui
280 1116 355 1176 LeV.
374 1115 411 1175 11
429 1129 522 1175 nunc
536 1108 700 1187 habetur;
715 1107 812 1174 novit
826 1110 938 1198 (Deut.
956 1114 1036 1189 ht,8
1051 1131 1127 1199 sqq.
1145 1128 1153 1174 :
1170 1109 1215 1175 cf.
1233 1112 1310 1175 Lev.
1330 1114 1369 1173 13
1384 1108 1451 1195 sq.)

139 1239 242 1304 penes
260 1217 392 1283 Levites
411 1236 497 1295 esse,
516 1214 659 1303 scriptas
678 1215 810 1304 utique,
828 1215 923 1301 leges
938 1215 981 1282 de
996 1214 1106 1305 lepra.
1125 1218 1166 1281 Se
1185 1215 1319 1281 novisse
1339 1214 1453 1300 legem

139 1327 215 1390 Lev.
234 1330 289 1406 17,
306 1344 396 1411 quae
414 1321 638 1388 mactationes
654 1321 893 1407 restringebat,
908 1320 1026 1411 prodit
1041 1344 1092 1405 eo,
1108 1321 1201 1411 quod
1216 1326 1312 1388 Deut.
1331 1325 1454 1386 1216111

138 1431 306 1495 instanter
321 1428 566 1494 restrictionem
580 1433 728 1493 revocet.
744 1426 852 1494 Habet
866 1427 958 1514 leges
970 1429 1012 1496 de
1026 1426 1184 1510 fimbriis,
1202 1426 1245 1494 de
1258 1425 1451 1516 disparatis

140 1534 182 1601 de
193 1534 428 1601 misericordia
441 1554 525 1619 erga
539 1553 666 1618 egenos
680 1533 793 1622 deque
803 1533 879 1601 aliis
893 1534 1008 1615 1611115,
1023 1555 1192 1623 perquam
1205 1533 1323 1600 affines
1335 1533 1451 1620 legum

139 1643 176 1706 iu
200 1645 276 1706 Lev.
300 1647 332 1705 et
351 1645 450 1705 Num.
472 1639 515 1705 de
535 1639 656 1706 iisdem
678 1640 782 1707 rebus
804 1640 968 1708 latarum.
990 1640 1087 1718 Quod
1107 1662 1187 1707 vero
1206 1640 1454 1707 collectaneum

138 1745 234 1831 leges
258 1749 282 1809 P
300 1750 434 1834 repetat
454 1745 634 1833 pauciores
657 1768 769 1835 neque
791 1747 998 1814 verbotenus
1021 1768 1078 1814 eas
1098 1747 1236 1828 referat,
1256 1747 1325 1811 imo
1348 1745 1391 1811 ab
1413 1744 1455 1810 iis

137 1850 348 1918 dissonantia
362 1851 584 1940 praescribat,
600 1853 675 1918 eius
689 1851 771 1920 facti
785 1875 856 1919 non
867 1875 942 1920 eam
958 1875 1031 1920 esse
1044 1852 1212 1919 rationem
1224 1851 1452 1936 ostendemus,

138 1957 232 2047 quod
254 1956 501 2025 collectaneum
521 1956 736 2043 ignoraverit
756 1963 791 2040 P,
812 1958 873 2025 sed
893 1959 987 2048 quod
1009 1960 1081 2025 eius
1100 1958 1196 2044 leges
1213 1959 1357 2024 minoris
1374 1980 1453 2023 6611-

138 2064 245 2130 suerit
269 2087 339 2131 esse
367 2063 581 2130 auctoritatis
608 2086 711 2152 quarn
737 2065 915 2154 utriusque
941 2064 1100 2132 Foederis
1127 2064 1258 2146 Libros3
1285 2065 1347 2130 bos
1375 2085 1455 2130 eum

137 2170 297 2237 habuisse
316 2175 450 2237 sanctos
468 2177 502 2236 61
518 2168 763 2253 immutabiles,
785 2171 863 2237 illas
882 2178 1016 2239 sanetas
1037 2172 1098 2238 sed
1119 2192 1189 2238 non
1208 2170 1453 2237 immutabiles.

138 2276 231 2357 Quod
252 2276 281 2343 si
299 2299 404 2367 porro
426 2277 587 2343 collector
603 2281 650 2357 'e.t,
674 2277 734 2366 qui
756 2283 834 2343 aute
856 2279 968 2368 ipsum
992 2277 1197 2345 collectanei
1220 2277 1315 2363 leges
1336 2277 1455 2343 condi-

139 2384 236 2463 dere,
264 2382 358 2469 leges
386 2388 409 2448 P
438 2383 612 2451 habebant
637 2405 701 2473 pro
729 2382 946 2451 venerandae
977 2383 1191 2474 antiquitatis
1220 2383 1452 2466 decurrentia,

38 2540 40 2545 -
138 2488 261 2576 negari
279 2512 350 2555 non
368 2494 478 2578 potest
498 2493 522 2555 l)
541 2490 680 2556 easdem
698 2491 846 2557 novisse.

184 2601 257 2662 Non
277 2595 365 2662 illud
389 2596 492 2661 6111611
514 2596 601 2662 haec
623 2600 741 2662 nostra
762 2596 948 2679 conclusio,
974 2618 1093 2662 omnes
1113 2603 1146 2663 et
1166 2595 1321 2682 singulas
1349 2598 1452 2681 leges,

139 2724 228 2791 quae
247 2724 338 2768 nune
358 2704 394 2767 iu
417 2707 494 2768 Lev.
516 2704 550 2767 et
567 2706 666 2767 Nnm.
691 2701 867 2788 leguntur,
889 2703 992 2768 fnisse
1017 2708 1115 2768 notas
1134 2701 1323 2782 collectori,
1344 2723 1455 2790 neque

138 2830 256 2874 omnes
286 2804 322 2874 in
353 2807 493 2874 unicum
518 2806 647 2874 librum
673 2814 732 2873 aut
759 2808 881 2874 eodem
910 2807 1042 2889 ordine,
1062 2830 1131 2897 quo
1160 2829 1252 2873 1111116
1278 2808 1453 2893 leguntur.

138 2915 242 2982 fuisse
262 2914 432 2998 collectas,
453 2915 512 2981 sed
535 2913 748 2981 demonstrat
771 2914 871 2981 illum
891 2913 1054 2981 traditum
1076 2913 1244 3003 accepisse
1263 2919 1372 2980 totum
1392 2913 1456 2980 ali-

140 3043 241 3110 quem
270 3027 476 3110 apparatum
505 3020 639 3108 legum,
668 3019 728 3110 qui
757 3041 828 3087 non
854 3020 967 3111 potuit
994 3042 1064 3087 non
1091 3040 1163 3087 esse
1189 3021 1367 3087 mosaicus.
1392 3024 1456 3087 Has

139 3128 234 3214 leges
248 3128 350 3195 fuisse
369 3127 447 3194 illas
467 3128 569 3216 ipsas,
587 3149 674 3217 quas
692 3127 799 3194 habet
818 3132 852 3209 P,
872 3127 965 3199 disce
981 3149 1022 3193 er
1041 3150 1093 3208 eo,
1113 3126 1208 3217 quod
1228 3149 1265 3216 p.
1285 3133 1348 3195 rto
1364 3126 1456 3194 dice-

139 3234 272 3315 bamus,
288 3238 422 3321 Moysen
435 3233 528 3321 leges
544 3233 609 3300 sibi
622 3255 642 3300 a
657 3234 758 3300 lahve
778 3234 975 3301 commissas
988 3233 1082 3300 illico
1097 3231 1269 3323 scripsisse
1284 3235 1339 3300 vel
1352 3233 1454 3300 scribi

140 3362 273 3407 curasse
293 3361 301 3407 :
322 3362 427 3429 porro
446 3339 508 3407 1165
528 3339 622 3426 leges
640 3362 674 3406 se
694 3340 878 3429 profitetur
893 3339 1037 3407 recitare
1052 3345 1089 3405 P.

183 3447 343 3513 Venimus
370 3468 472 3536 porro
503 3446 547 3512 ad
576 3445 673 3512 illam
704 3446 787 3512 libri
817 3445 974 3535 bipartiti
1002 3450 1155 3534 partem,
1184 3467 1272 3535 quae
1301 3452 1455 3534 superest

140 3552 278 3639 dempto
305 3557 338 3629 P,
361 3574 534 3643 quamque
555 3551 666 3618 critici
689 3557 812 3619 vocant
828 3557 844 3618 J
852 3557 887 3618 Ε.
909 3558 1066 3632 Quaeres,
1087 3574 1134 3617 an
1156 3548 1197 3616 dc
1222 3552 1294 3617 cr'us
1318 3566 1455 3618 erectore

140 3657 280 3745 aliquid
300 3657 368 3747 ipse
386 3659 634 3747 pentateuchus
647 3658 820 3747 affirmet.

185 3766 247 3829 Ex.
283 3770 360 3845 ‘hh-t
386 3764 545 3854 explicite
571 3765 734 3832 statuitur
759 3771 886 3852 Moyses
915 3763 1087 3852 scripsisse
1111 3762 1252 3831 Librum
1278 3764 1452 3847 Foederis,

140 3871 189 3938 uti
205 3875 300 3937 Deut.
319 3876 396 3953 31,9
413 3871 573 3939 statuitur
590 3871 763 3960 scripsisse
781 3871 922 3938 alterius
941 3870 1090 3936 foederis
1102 3871 1251 3938 theram.
1267 3877 1454 3961 Utrumque

140 3981 304 4043 assertum
324 3976 466 4064 egregie
484 3978 708 4044 confirmatur
726 3976 779 4059 115,
796 3999 884 4066 quae
902 3976 945 4043 de
961 3976 1171 4043 collectaneo
1191 3978 1452 4045 disserebamus.

140 4084 271 4149 Therae
293 4106 314 4149 6
330 4088 437 4170 lloyse
459 4085 604 4173 scriptae
623 4106 684 4151 sua
701 4083 883 4173 adscripsit
902 4083 1050 4166 Samuel,
1071 4105 1185 4173 neque
1207 4083 1451 4173 adscripsisset,

140 4189 204 4255 nisi
216 4211 295 4256 verc
311 4190 446 4257 thoram
461 4214 482 4257 a
497 4196 606 4278 lloyse
620 4191 783 4277 scriptam
799 4190 1033 4257 existimasset.
1048 4195 1162 4279 lpsunr
1174 4191 1282 4277 igitur
1297 4192 1453 4259 collecta-

140 4317 242 4362 neum
256 4297 486 4364 testimonium
496 4297 567 4375 dat,
581 4296 710 4362 librum
722 4297 863 4363 secundi
878 4296 1027 4363 loederis
1041 4301 1179 4384 altoyse
1193 4318 1262 4363 esse
1275 4298 1452 4388 seriptum.

140 4402 241 4490 utqui
261 4409 385 4490 Moyses
405 4404 440 4468 iu
462 4401 611 4469 secundo
629 4403 767 4469 foedere
787 4402 971 4469 sanciendo
993 4402 1143 4468 eundem
1163 4404 1268 4470 ritum
1291 4406 1454 4470 adbibere

141 4506 260 4574 debuit
277 4516 309 4575 et
329 4508 499 4591 adhibuit,
524 4530 627 4599 quem
649 4508 685 4574 in
710 4510 825 4598 priore
847 4508 985 4574 foedere
1007 4509 1192 4575 sanciendo
1218 4511 1422 4577 adhibuerat
1445 4533 1451 4573 ε

141 4634 223 4697 ergo
239 4636 356 4681 revera
371 4638 434 4704 pro
449 4616 563 4704 priore
576 4616 680 4682 etiam
695 4614 834 4681 foedere
849 4614 1047 4697 sanciendo,
1064 4615 1226 4703 quodEx.
1240 4615 1453 4693 6116156116

140 4719 299 4802 affirmat,
316 4721 452 4811 scripsit
466 4721 605 4788 Librum
622 4721 792 4790 Foederis
