3366 5346
438 284 466 341 1.
491 298 545 356 rav
567 299 604 341 na
626 298 697 343 noco
718 299 829 344 curvus
853 300 860 342 :
884 299 973 342 narr.
999 284 1100 354 tate.
1368 285 1425 343 313

116 446 204 500 terre
227 462 257 498 a.
272 434 370 498 Hebe.
388 453 395 499 :
412 431 568 497 amitibus
583 431 707 497 dicbus
731 432 800 498 tuis
819 455 920 522 super
938 444 1073 515 terram,
1090 438 1160 498 tota
1178 434 1248 499 vita
1264 439 1335 498 tua.
1350 437 1428 498 Gra·

115 542 202 607 tuito
219 560 359 628 prorsus
374 537 534 604 videntur
550 537 658 628 aliqui
672 561 878 628 supponere,
896 562 979 605 aevo
994 539 1146 606 iudicum
1162 539 1253 628 apud
1269 541 1344 628 pios
1361 540 1431 605 sal-

114 653 182 712 tem
203 645 371 711 israelitas
390 644 483 731 leges
507 667 527 710 a
549 650 657 732 Moyse
679 645 788 712 editas
810 645 1018 712 adamussim
1038 668 1171 735 semper
1196 653 1254 712 ant
1273 667 1343 712 esse
1371 646 1432 712 ob-

116 759 264 819 servatas
275 757 334 818 aut
345 750 521 817 obse'rvari
534 752 696 841 potuisse.
708 757 778 829 Quo
789 752 865 818 loco
876 758 949 817 tum
961 760 1069 818 essent
1083 775 1146 831 res,
1160 752 1288 818 discere
1300 757 1430 840 oportet

117 882 134 926 e
152 858 307 948 positivis
329 857 542 937 testimoniis,
560 857 752 925 cuiusmodi
771 864 820 924 est
839 866 954 925 noster
969 863 1087 939 textus,
1111 880 1214 948 quem
1232 859 1292 925 alii
1309 859 1432 925 collec-

115 965 207 1032 tanei
223 971 332 1031 textus
344 964 579 1031 corroborant.
593 964 786 1031 Secundum
799 986 901 1053 quem
909 965 1086 1033 latendum
1101 965 1175 1045 erit,
1189 964 1430 1031 aevoiudicum

115 1071 306 1158 lugendum
331 1073 366 1136 in
388 1072 529 1138 modum
553 1075 650 1137 Num.
679 1078 719 1137 18
744 1069 868 1137 abiisse
893 1072 929 1136 in
953 1070 1214 1138 desuetudinem
1238 1092 1244 1137 :
1267 1070 1363 1137 cuius
1381 1073 1429 1137 rei

116 1178 412 1268 perturbatissime
428 1182 584 1267 tempora
598 1177 738 1244 evidens
757 1199 859 1244 causa
876 1178 1044 1245 exstitere.
1058 1179 1294 1244 Puniebantur
1309 1177 1431 1268 populi

116 1285 374 1375 superstitiones
397 1284 459 1350 soli
480 1283 652 1363 ariditate,
674 1283 880 1352 locustarum
897 1285 1022 1374 plagis,
1041 1284 1259 1351 inimicorum
1279 1284 1431 1374 repetitis

115 1398 217 1481 atque
239 1390 408 1457 diuturnis
425 1389 678 1457 incursionibus
704 1398 737 1457 et
756 1390 1047 1480 oppressionibus.
1075 1392 1180 1457 Annis
1204 1392 1292 1457 bene
1314 1390 1431 1457 multis

118 1520 185 1564 non
211 1503 310 1563 erant
327 1518 414 1586 quae
442 1497 485 1563 ad
506 1497 736 1563 sanctuarium
760 1496 989 1577 deferrentur,
1017 1504 1148 1583 segetes
1176 1504 1210 1564 et
1236 1520 1360 1584 greges
1386 1496 1430 1564 ab

116 1604 271 1671 hostibus
291 1603 532 1689 abigebantur,
557 1603 731 1669 difficilior
749 1609 823 1670 crat
842 1603 1029 1670 sanctuarii
1051 1626 1220 1684 accessuS,
1237 1603 1366 1692 singuli
1376 1603 1431 1669 vix

117 1734 184 1799 quo
214 1712 318 1776 vitam
337 1713 568 1778 sustentarent
587 1701 773 1776 habebant.
793 1710 951 1800 Plerique
975 1711 1082 1796 igitur
1106 1710 1339 1777 sanctuarium
1363 1733 1432 1777 non

115 1817 273 1899 adibant,
291 1817 407 1882 vacuis
419 1816 576 1882 manibus
589 1816 800 1883 accedebant
813 1817 884 1897 alii,
902 1817 962 1883 alii
976 1818 1094 1883 tenuia
1106 1817 1198 1884 dona
1213 1816 1429 1883 deferebant.

116 1924 315 2019 Necessitate
335 1924 567 2009 adigebantur
589 1923 781 1989 sacerdotes
800 1930 833 1989 et
855 1923 977 1990 levitae
998 1928 1047 2008 ut,
1073 1923 1247 2013 quaesibi
1270 1923 1432 2009 obtinge-

115 2034 204 2108 rent,
222 2052 262 2095 ea
277 2050 353 2094 cum
370 2029 550 2115 egentibus
565 2029 870 2109 communicarent,
887 2052 931 2095 ue
951 2031 987 2096 hi
1008 2029 1133 2119 inipso
1149 2028 1337 2096 sanctuarii
1354 2052 1433 2095 con-

116 2143 232 2226 spectu
249 2134 366 2202 inedia
381 2135 644 2203 conficerentur.
664 2135 756 2209 Unde
772 2135 846 2201 fieri
861 2135 994 2215 debuit,
1012 2142 1051 2204 ut
1065 2136 1180 2202 omnia
1194 2135 1335 2202 tandem
1354 2159 1433 2225 per·

117 2241 590 2331 misce1¹eutur,populuspro
611 2241 857 2309 consuetudine
873 2243 1036 2328 exigeret,
1060 2248 1098 2308 ut
1117 2243 1160 2308 ad
1179 2241 1332 2308 omnium
1353 2264 1430 2308 cum

116 2349 351 2415 sacerdotibus
360 2353 394 2414 et
404 2348 525 2416 Levitis
538 2371 648 2438 prope
663 2351 897 2416 sanctuarium
909 2348 1137 2415 residentibus
1151 2347 1430 2415 communionem

117 2455 367 2534 admitteretur,
386 2456 506 2521 levitae
526 2477 607 2521 vero
628 2454 768 2522 aliunde
788 2455 921 2521 advecti
942 2455 1077 2545 penitus
1096 2454 1303 2543 quandoque
1318 2453 1430 2542 negli-

118 2567 294 2647 gerentur.
317 2562 468 2650 Scriptor
492 2566 618 2643 noster,
644 2561 854 2650 impossibile
879 2569 972 2627 ratus
991 2561 1107 2627 omnia
1126 2567 1198 2627 tum
1220 2561 1263 2627 ad
1279 2561 1431 2627 strictam
1512 2576 1515 2581 '
1563 2564 1569 2587 ¹

119 2689 275 2733 normam
289 2672 387 2734 Num.
414 2674 454 2733 18
472 2689 646 2749 revocare,
664 2667 798 2734 duobus
812 2667 952 2732 omnino
967 2667 1091 2733 insistit
1109 2690 1115 2735 :
1134 2667 1283 2755 primum
1300 2672 1336 2732 ut
1352 2666 1431 2731 illae

120 2796 175 2838 res
197 2773 240 2839 ad
262 2773 495 2840 sanctuarium
517 2773 750 2853 deterrentur3
775 2772 935 2851 alterum,
958 2795 1001 2840 ne
1023 2771 1156 2840 Levitae
1178 2794 1345 2862 pauperes
1371 2794 1432 2838 ne-

119 2879 345 2966 gligerentur.
358 2883 521 2946 Fortasse
545 2879 647 2946 etiam
672 2903 734 2970 per
754 2880 938 2968 prophetas
962 2880 1078 2968 aliqua
1097 2880 1182 2965 legis
1203 2884 1301 2945 Num.
1322 2886 1362 2945 18
1377 2901 1433 2944 re-

119 2986 243 3053 laxatio
266 2988 312 3052 ad
334 2992 467 3076 tempus
487 2987 601 3052 inerat
620 3008 792 3068 concessa,
813 2985 972 3052 similiter
994 2993 1096 3076 atque
1118 2991 1245 3073 Moyses
1264 2991 1361 3051 Num.
1393 2991 1432 3053 15

120 3090 371 3180 obligationem
385 3092 584 3160 offerendae
605 3093 763 3161 minchac
777 3092 821 3159 ad
834 3097 969 3183 tempus
982 3092 1218 3182 suspenderat.

366 3350 387 3382 c.
404 3336 444 3382 Ad
461 3335 540 3394 legem
556 3335 630 3383 Dent.
652 3337 734 3390 ree-r
751 3335 851 3381 novella
867 3335 946 3381 altera
962 3335 1036 3380 Dent.
1054 3336 1174 3393 12,·20·‘.’a.

166 3522 248 3606 Arq.
271 3558 312 3567 —
333 3524 457 3585 Pecora
478 3542 540 3608 pro
560 3520 635 3585 cibo
663 3526 811 3585 mactare
830 3519 900 3585 ritu
923 3541 991 3583 non
1018 3539 1114 3583 sacro
1135 3517 1184 3583 sas
1203 3523 1252 3582 est
1271 3516 1429 3595 ubilibet,

122 3632 365 3714 praeterquam
386 3648 493 3714 prope
515 3626 760 3693 sanctuarium.
783 3624 978 3692 Oblationes
1002 3645 1120 3689 sacrae
1139 3624 1183 3689 ad
1198 3623 1433 3689 sanctuarium

122 3731 340 3809 deferendae,
365 3730 562 3797 holocausta
579 3732 811 3797 comburenda
832 3737 915 3811 tota,
939 3729 1149 3817 reliquorum
1174 3729 1314 3816 sanguis
1334 3728 1434 3796 altari

121 3837 334 3917 illiuicndus,
353 3858 472 3903 carnes
486 3858 567 3902 vero
582 3860 603 3903 a
617 3838 776 3903 lidelibus
791 3835 1036 3904 comedendae.
1055 3836 1226 3903 Servaturi
1242 3836 1325 3902 baec
1337 3858 1435 3924 prae-

122 3951 222 4032 cepta
239 3948 341 4009 alteo
357 3942 632 4009 benedictionem
647 3944 770 4010 terent.

167 4049 303 4117 Novella
326 4070 392 4115 non
416 4050 521 4115 habet
542 4049 874 4116 commendationem
903 4049 1095 4117 Levitarum
1123 4070 1328 4138 pauperum,
1350 4070 1431 4115 sanc

124 4159 215 4246 quod
239 4156 446 4223 novellarius
469 4155 683 4245 potissimum
703 4158 805 4223 rebus
831 4155 915 4223 cleri
937 4156 979 4222 ad
999 4155 1233 4222 sanctuarium
1256 4154 1434 4222 residentis

124 4264 290 4341 consulat,
311 4262 371 4352 qui
392 4261 508 4350 utique
534 4262 644 4351 epulis
667 4263 736 4329 illis
758 4262 1002 4345 adhibebatur,
1026 4285 1113 4351 quae
1138 4261 1437 4350 consequebantur

126 4370 292 4436 sacrificia
325 4368 476 4436 eiusdem
496 4369 576 4435 cleri
599 4369 788 4436 ministerio
811 4370 939 4436 oblata.
965 4373 1090 4436 Tamen
1110 4367 1198 4436 nibil
1223 4368 1371 4434 habetur
1394 4369 1434 4434 dc

126 4476 339 4564 portionibus
362 4475 577 4542 victimarum
606 4476 838 4543 sacerdotibus
853 4474 1091 4557 ,reservandis
1118 4497 1229 4564 neque
1254 4474 1296 4540 de
1318 4474 1431 4560 adipe.

126 4581 333 4648 bovellarius
363 4586 475 4664 cavet,
503 4605 546 4648 ne
569 4582 709 4672 propius
731 4581 825 4673 apud
854 4582 1083 4651 sanctuarium
1110 4582 1193 4647 fiant
1215 4578 1434 4645 mactationes

127 4689 308 4778 protanae;
322 4694 413 4755 totus
427 4688 526 4754 estin
546 4712 607 4755 usu
627 4689 805 4776 sanguinis
820 4689 1029 4757 deliniendo.
