3366 5346
175 273 234 330 510
547 282 622 323 aava
647 280 775 323 urruns
798 280 861 323 ursi
884 281 978 325 vrrar.
999 282 1117 326 uorsm.

177 423 300 488 choros
314 418 397 482 hacc
411 421 589 503 tamquam
609 437 628 478 a
646 413 783 479 senibus
803 413 894 479 dicta
915 415 1079 502 prolerre.
1098 418 1182 480 Cum
1202 439 1234 481 v.
1258 422 1297 480 15
1320 435 1404 502 sqq.
1430 411 1513 478 eius

178 525 386 616 quaestionis
408 521 535 587 limites
562 518 740 598 excedant,
759 542 827 585 nou
853 520 1009 606 cogimur
1022 544 1061 588 ea
1077 522 1230 610 accipere
1248 519 1349 610 quasi
1370 541 1391 585 a
1410 519 1513 584 seni·
1537 516 1545 623 1'

178 635 242 700 bus
264 632 331 698 sint
354 630 498 718 prolata.
524 631 722 715 Loquuntur
746 626 854 712 igitur
875 650 906 692 v.
936 635 1034 694 15-17
1059 628 1156 694 chori
1183 629 1324 695 nomine
1346 649 1436 706 su0,
1460 624 1514 691 ita

178 746 296 806 tamen
319 745 355 804 ut
370 735 451 802 inde
471 757 489 800 a
510 757 542 800 v.
562 740 603 798 20
619 733 744 799 lalrveu
768 733 990 801 introducant
1008 735 1215 824 loquentem.
1238 758 1270 801 v.
1291 739 1403 801 28-39
1428 753 1512 798 rur-

178 869 251 914 sum
273 846 463 932 loquuntur
481 840 545 928 ipsi
567 839 665 906 chori
681 840 727 927 tv
747 847 785 905 :31
807 868 821 900 ι(
848 847 945 929 pctra
964 847 1080 908 nostra
1101 870 1133 922 u,
1155 840 1317 907 «inimici
1333 839 1455 907 nostri
1476 866 1511 917 u,

179 977 210 1020 v.
234 959 274 1017 :lo
297 980 312 1010 «
331 950 430 1015 lahvo
454 947 503 1035 a),
519 946 579 1012 sed
595 945 675 1011 inde
689 969 709 1011 a
724 969 755 1011 v.
779 953 822 1013 37
838 969 974 1013 rursum
988 948 1212 1014 introducunt
1232 948 1336 1014 lahve
1353 948 1514 1036 loquen-

178 1065 258 1125 tem.
278 1061 512 1123 loramentum
532 1074 629 1118 suum
652 1075 682 1118 v.
711 1058 813 1119 'eo-lc
835 1053 906 1141 ipse
926 1054 1028 1120 lahve
1050 1054 1279 1144 proloquitur.
1299 1077 1330 1120 v.
1355 1057 1401 1120 l3
1420 1054 1510 1139 (sec.

181 1165 272 1251 LXX)
293 1162 425 1229 coelum
448 1167 481 1226 et
508 1164 636 1225 terram
662 1159 705 1224 ad
732 1158 880 1225 iubilum
910 1165 1074 1248 provocat
1095 1160 1200 1241 idem,
1232 1160 1292 1252 qui
1315 1183 1347 1224 v.
1383 1167 1401 1224 1
1427 1158 1514 1224 illos

182 1270 431 1360 appellaverat,
444 1289 489 1332 sc.
508 1266 644 1332 chorus.
892 1277 895 1282 '

226 1376 404 1454 Quaeritur
423 1373 539 1454 ctiam,
557 1370 605 1437 od
614 1393 779 1460 quosnam
797 1371 976 1460 ‹liriqolur
989 1373 1111 1439 mutio.
1132 1374 1248 1462 Specie
1264 1378 1367 1439 tenus
1380 1373 1514 1462 utique

181 1482 225 1548 ad
243 1511 258 1544 «
276 1481 410 1548 coelum
424 1486 456 1545 ct
474 1485 598 1545 terram
622 1506 655 1558 »,
677 1505 692 1538 «
719 1478 863 1563 angelos
885 1485 918 1544 ct
933 1486 1052 1565 gentes
1076 1507 1092 1539 »
1119 1501 1221 1547 :cum
1244 1503 1275 1545 v.
1303 1479 1384 1545 lcl.
1404 1503 1441 1545 v.
1466 1485 1511 1547 53

185 1590 262 1675 (sec.
278 1587 383 1675 LXX).
394 1586 507 1651 Solum
520 1608 550 1651 v.
566 1592 584 1649 6
599 1606 650 1672 sq.
666 1585 775 1650 oratio
789 1585 825 1650 fit
841 1572 1022 1651 direotcad
1038 1587 1210 1669 lsraelem,
1226 1585 1332 1652 veluti
1345 1587 1394 1652 ud
1407 1606 1512 1652 reum

184 1715 299 1761 coram
330 1693 532 1758 adstantem.
559 1695 629 1756 Non
650 1692 839 1756 invitantur
860 1692 944 1757 coeli
969 1698 1002 1757 et
1025 1700 1128 1771 terra,
1152 1699 1188 1758 ut
1208 1691 1363 1759 iudicum
1388 1697 1515 1782 partes

184 1806 290 1888 agant
302 1799 392 1865 inter
408 1797 531 1863 labven
546 1803 579 1863 et
595 1797 752 1862 lsraelem
772 1798 829 1880 (cf.
852 1803 892 1863 ls.
911 1799 999 1887 5,3),
1019 1799 1078 1865 sed
1099 1806 1135 1866 ut
1152 1804 1251 1865 testes
1265 1799 1334 1864 sint
1355 1821 1513 1865 oecono-

184 1909 271 1974 miae
291 1907 391 1972 luhve
413 1905 447 1969 in
471 1904 640 1980 lsraelem,
663 1926 768 1993 quam
790 1904 891 1970 lalrvo
908 1905 1065 1994 explicat,
1089 1913 1122 1972 et
1146 1906 1314 1995 imprimis
1339 1902 1514 1972 solemnis

183 2013 378 2089 iuramenti,
393 2033 461 2100 quo
477 2011 580 2076 lahve
594 2011 739 2077 eandem
752 2011 942 2077 confirmat.
962 2017 1047 2101 Apte
1063 2035 1165 2102 porro
1182 2016 1282 2078 testes
1296 2013 1514 2079 invocantur

185 2123 220 2201 ii,
239 2121 298 2209 qui
314 2120 416 2186 huius
432 2118 648 2183 oeconomiae
665 2123 859 2183 constanter
873 2118 979 2185 futuri
990 2125 1070 2185 sunt
1084 2119 1313 2185 instrumenta
1336 2141 1344 2187 ε
1368 2119 1461 2186 coeli
1477 2126 1514 2185 et

186 2233 276 2292 terra
291 2227 412 2313 plagas
427 2224 543 2289 lsraeli
558 2223 734 2302 inllicturi,
754 2223 871 2308 angeli
892 2231 925 2289 et
948 2229 1066 2309 gentes
1088 2225 1294 2291 iudiciorum
1314 2224 1423 2298 lahve
1446 2226 1514 2292 mi-

188 2333 284 2398 nistri
307 2332 426 2397 luturi.
457 2335 597 2410 Tamen,
624 2329 715 2417 quod
744 2329 830 2394 coeli
853 2336 886 2395 ct
912 2339 1001 2396 terra
1027 2336 1126 2398 testes
1149 2333 1365 2413 invocentur,
1391 2331 1514 2419 figura

187 2444 236 2505 ost
255 2436 430 2515 sermonis,
458 2434 596 2524 pondus
620 2435 749 2500 addens
775 2436 933 2504 orationi.
960 2437 1136 2504 Canticum
1161 2461 1231 2504 non
1257 2443 1307 2504 est
1325 2439 1514 2505 conditum

189 2569 252 2634 pro
267 2543 440 2630 gentibus
458 2542 527 2608 illis
547 2548 715 2630 quantum
737 2543 894 2609 novimus
913 2549 1050 2610 nonest
1070 2545 1374 2626 communicatum,
1395 2551 1516 2612 totum

188 2651 335 2718 intendit
347 2649 576 2716 Hebraeorum
592 2649 723 2715 animos
741 2671 887 2716 movere.

234 2757 316 2824 Ideo
331 2755 456 2823 cantici
479 2757 563 2822 hacc
583 2761 634 2821 est
660 2775 667 2820 :
689 2755 794 2821 locet
811 2780 832 2822 o
853 2756 953 2822 lotoe
968 2752 1016 2823 ud
1034 2757 1127 2824 idola
1143 2758 1288 2846 deficiet,
1307 2772 1339 2823 el
1362 2782 1384 2825 o
1404 2759 1519 2826 lobce

186 2864 364 2955 punietur,
388 2885 456 2927 eron
476 2875 590 2927 torrere.
608 2862 772 2950 surulr'tus
790 2863 1021 2944 interimetur,
1039 2864 1100 2930 sed
1120 2877 1269 2953 tempore
1288 2863 1356 2929 sibi
1371 2865 1518 2954 placito

192 2971 292 3036 Iader
313 2969 480 3058 populum
507 2968 651 3034 saluata
675 2982 706 3033 et
733 2967 825 3034 idolo
853 2969 1057 3056 constructae,
1082 2971 1119 3036 a!
1137 2995 1172 3036 se
1193 2972 1371 3059 foetorum
1406 2972 1518 3039 Iolree

192 3075 338 3140 solemni
358 3075 548 3140 iuramento
570 3075 759 3162 confirmet.
783 3077 926 3141 allectus
946 3077 1114 3142 cauticum
1131 3079 1255 3144 excitat
1271 3078 1426 3166 primum
1444 3102 1519 3170 pre-

193 3181 298 3261 doriv,
324 3181 416 3269 quod
436 3180 598 3246 defecerit
621 3180 769 3270 populus
792 3203 812 3246 a
838 3182 978 3248 nurnine
1003 3191 1073 3249 taur
1099 3185 1291 3266 excellenti,
1317 3207 1433 3274 aquo
1463 3192 1519 3254 tot

192 3293 355 3377 tantaque
382 3293 483 3353 antea
503 3287 666 3353 beneficia
689 3289 875 3376 acceperit;
895 3289 1058 3378 quodque
1083 3290 1244 3357 deiecerit
1260 3292 1305 3358 ad
1325 3290 1422 3358 idola
1439 3300 1517 3359 tarn

192 3395 320 3461 inania.
343 3394 469 3460 Excitat
489 3394 713 3482 aperitionem,
738 3417 840 3483 qnam
857 3395 964 3462 iustae
986 3396 1052 3462 siut
1073 3420 1202 3486 poenae
1222 3397 1384 3480 inflictae,
1403 3423 1519 3489 quam

193 3502 255 3569 uni
270 3502 475 3568 tribuendae
498 3502 597 3567 lahvo
619 3502 762 3580 auctori,
780 3501 917 3568 minime
934 3526 1016 3568 voro
1036 3504 1268 3570 instrumentis
1284 3506 1356 3570 eius
1371 3508 1517 3575 creatis,

193 3608 319 3674 Excitat
351 3607 565 3695 potissimum
597 3630 690 3696 spem
717 3607 840 3672 solutis
866 3608 1088 3690 obtinendae,
1116 3632 1193 3676 cum
1218 3611 1262 3677 ob
1294 3616 1520 3700 perspectam

197 3714 391 3780 universam
416 3715 516 3779 lalrvc
537 3707 574 3779 in
596 3714 765 3804 populum
785 3737 882 3780 suum
911 3716 1163 3796 oeconomiam,
1185 3723 1258 3783 tum
1279 3718 1323 3783 ob
1348 3719 1454 3785 labve
1470 3721 1520 3788 de

194 3845 233 3888 ea
247 3844 282 3888 re
298 3820 496 3911 explicitum
512 3820 756 3888 iuramentum.
775 3821 845 3887 Erit
859 3821 967 3907 igitur
983 3823 1154 3889 canticum
1176 3823 1369 3890 antidotum
1387 3831 1522 3896 cont-ra

194 3934 373 4018 peecatum
394 3929 492 4009 illud,
515 3928 604 4016 quod
632 3929 716 3994 alias
737 3951 836 4018 saepe
857 3935 890 3994 ct
912 3952 1028 3996 severe
1044 3930 1080 3998 in
1094 3931 1212 3997 lsraele
1230 3931 1519 4019 reprehenditur,

194 4045 232 4103 ut
254 4036 402 4125 populus
430 4036 530 4101 lahvc
553 4058 622 4100 uon
645 4034 772 4116 credet,
799 4035 834 4101 in
860 4058 899 4101 eo
923 4035 1089 4123 fiduciam
1105 4060 1174 4102 noo
1191 4036 1313 4103 lrabeat
1335 4037 1402 4103 tel.
1423 4053 1529 4129 quae

195 4142 392 4207 dicebamus
416 4143 460 4208 ad
486 4147 583 4208 Num.
611 4148 725 4224 b20,13.
746 4146 1043 4223 llocsorrsu31,19
1063 4151 1112 4210 est
1134 4144 1304 4210 canticum
1320 4171 1336 4204 a
1355 4147 1523 4215 testimo-

196 4247 293 4313 nium
308 4248 344 4312 in
361 4248 448 4312 filios
461 4249 563 4314 lsrael
585 4278 619 4329 o,
639 4248 730 4337 quod
745 4271 800 4315 eos
820 4249 1114 4337 pusillanimitatis
1127 4256 1293 4337 coarguat
1309 4251 1402 4317 etad
1422 4254 1524 4323 lidu-

196 4353 284 4420 ciam
305 4352 437 4418 invitet.

233 4610 306 4672 llrgo
324 4620 469 4671 perperam
491 4606 571 4654 li‘lost.
593 4622 620 4669 p.
640 4608 689 4655 {Iu
705 4607 833 4668 all‘rrmat,
848 4623 875 4658 v.
897 4613 909 4659 :l
927 4618 1019 4660 vatem
1035 4614 1064 4659 ut
1082 4628 1092 4657 ι
1110 4623 1276 4660 summam»
1298 4614 1442 4664 sermonis
1464 4626 1528 4671 sta·

196 4705 273 4748 turre
292 4715 302 4745 r
320 4711 421 4747 nomeu
438 4697 522 4747 Ialrvc
541 4712 563 4755 u,
581 4695 665 4746 verba
683 4709 708 4745 v.
726 4695 738 4744 l
756 4696 832 4747 brcvi
849 4697 967 4748 formula
981 4701 1127 4750 enuntiare
1147 4717 1157 4746 e
1176 4701 1269 4750 thema
1288 4715 1297 4746 r
1316 4699 1525 4760 dicendorum.
