3366 5346
178 284 236 340 :itta
553 299 627 342 nera
652 297 785 342 uerrunt
806 296 867 340 erni
888 296 977 338 virm:
999 294 1118 338 uersis.

179 470 193 502 a
211 441 390 530 praecepi!
407 441 525 520 lerr'trsss,
550 441 611 529 prii
623 443 812 530 perrodunt
830 425 945 505 arcam
968 436 1286 524 foederationem,
1309 436 1441 504 (licen-s
1465 459 1512 504 »t

177 548 356 614 —iisdem
377 552 479 636 atque
500 570 531 612 v.
557 554 588 627 9,
614 570 725 636 neque
744 554 861 612 tamen
880 543 1096 633 simplicibus
1115 542 1226 610 levitis
1241 533 1514 626 omnibuS‚'sed

177 653 353 735 Caathitis,
375 653 434 742 qui
457 654 519 719 seli
544 653 729 741 portabant
751 674 877 719 arcam.
901 651 1021 718 Obiicit
1042 652 1143 732 lost,
1167 650 1220 717 his
1239 672 1306 716 nen
1322 651 1438 717 fuisse
1461 651 1516 717 fas

176 760 313 845 ingredi
337 759 611 827 tabernaculum.
635 760 848 849 Respondeo‚
879 758 915 825 id
938 757 1079 824 omnino
1109 757 1209 823 fuisse
1233 758 1284 823 fas
1311 757 1512 834 Caathitis;

178 866 213 930 hi
235 889 280 932 sc.
304 888 417 932 arcam
440 866 650 953 tegumentis
670 867 866 932 obvolutam
887 869 920 931 et
944 864 1169 930 tabernaculo
1189 863 1388 930 efferebant
1415 864 1512 930 etin

176 973 263 1038 illud
291 973 485 1039 inferebant
505 978 605 1041 Num.
634 971 1171 1061 t,15;poteranttun1volumen
1192 998 1208 1030 (ι
1225 992 1328 1060 capsa
1347 1000 1362 1031 »
1383 970 1513 1060 aliqua

178 1078 248 1164 (Pe.
266 1079 354 1165 lert.)
371 1078 541 1146 inclusum
561 1102 753 1168 seponere«
773 1079 917 1145 adlatus
932 1098 1030 1142 arcae
1051 1106 1065 1135 »
1079 1081 1282 1162 tegumento
1294 1076 1508 1144 obvolutae.

176 1185 261 1266 Sed,
285 1207 368 1250 num
393 1190 491 1250 crant
514 1208 593 1251 vasa
617 1185 802 1252 sanctuarii
821 1184 1029 1270 tegumentis
1055 1182 1219 1249 obvoluta
1239 1189 1329 1262 tum,
1356 1185 1510 1272 quande

176 1293 242 1357 hoc
265 1292 467 1358 mandatum
490 1316 521 1357 v.
542 1298 584 1358 26
608 1297 734 1379 Moyses
758 1290 874 1357 dedit?
897 1289 1109 1378 despondeo,
1128 1290 1164 1354 in
1183 1290 1415 1356 renovatione
1433 1290 1510 1356 foc·

176 1397 301 1463 derisa
322 1404 417 1465 losue
433 1397 605 1465 celebrata
624 1404 688 1464 les.
711 1404 791 1481 8,33
807 1402 898 1464 certe
921 1424 937 1456 a
956 1395 1158 1486 portabatur
1179 1424 1194 1456 »
1213 1417 1293 1461 arca
1309 1401 1505 1482 tegumen·
1539 1380 1543 1389 ¹

176 1505 219 1570 tis
236 1505 390 1570 involuta
412 1527 419 1571 :
443 1528 525 1592 ergo
546 1504 640 1570 credi
662 1510 771 1594 petest
798 1503 916 1569 eadem
938 1502 1101 1568 obvoluta
1123 1502 1224 1568 fuisse
1245 1507 1333 1582 tum,
1356 1502 1508 1591 quando

177 1612 213 1675 in
233 1616 323 1675 terra
343 1611 437 1676 lleab
459 1610 630 1676 celebrata
650 1616 700 1677 est
724 1610 891 1676 restitutio
911 1608 1072 1674 foederis,
1092 1608 1187 1675 Sicut
1207 1609 1378 1675 sacrificia
1396 1633 1506 1677 reno-

177 1715 324 1781 vationis
341 1721 435 1781 Dent.
455 1723 533 1797 225
555 1739 626 1782 non
651 1718 779 1782 fiebant
799 1716 835 1781 in
856 1715 957 1781 altari
970 1737 1090 1795 aeneo,
1105 1715 1164 1780 sed
1178 1716 1212 1781 in
1234 1714 1336 1781 altari
1357 1715 1506 1804 lapidoo

177 1821 222 1887 ad
244 1821 277 1886 id
303 1821 496 1911 specialiter
520 1829 724 1904 constructo,
745 1822 793 1888 ita
814 1820 921 1888 multo
942 1821 1055 1888 minus
1076 1821 1242 1887 sacrificia
1256 1823 1502 1889 restitutionis.

177 1933 279 1994 Sacra
295 1930 443 1995 mosaica
458 1935 545 2010 tum,
562 1931 611 1996 uti
630 1935 695 1997 los.
713 1936 804 2010 8,33,
828 1929 1001 1995 credenda
1023 1933 1103 1995 sunt
1117 1949 1231 1994 coram
1250 1927 1403 1995 adfuisse
1420 1952 1506 1996 een-

177 2041 265 2101 teeta
288 2037 356 2101 suis
385 2036 584 2102 involueris.
612 2041 716 2113 Quarn
747 2037 980 2102 coniecturam
1007 2035 1042 2100 h.
1072 2035 1095 2101 l.
1126 2035 1267 2100 omnino
1286 2036 1506 2104 confirmant

177 2141 284 2207 verba
310 2142 465 2228 Moysis«
492 2143 613 2208 levitas
645 2172 658 2200 »
691 2143 839 2209 iubentis
866 2144 977 2208 facere
1005 2140 1104 2221 illud,
1131 2140 1223 2229 quod
1246 2139 1359 2207 levitis
1383 2143 1504 2209 facere

177 2248 282 2329 nefas,
301 2248 466 2335 quamdiu
482 2271 560 2314 area
581 2271 651 2313 nen
670 2255 757 2314 osset
772 2248 934 2314 obvoluta
952 2247 1173 2332 tegumentis

222 2353 398 2441 Exprossio
417 2376 448 2418 v.
464 2359 506 2419 26
527 2353 563 2418 ia
579 2353 684 2420 latere
701 2377 761 2444 per
775 2376 810 2420 sc
826 2363 876 2420 est
891 2352 1056 2439 ambigua
1073 2353 1222 2441 (ltoasr.)
1243 2373 1250 2419 :
1269 2353 1392 2420 merito
1409 2355 1504 2422 latus

175 2458 322 2525 exterius
342 2460 613 2548 interpretantur
635 2464 721 2527 Tost.
748 2460 895 2549 aliique;
913 2459 1040 2526 etenim
1061 2459 1098 2525 in
1126 2459 1232 2526 latere
1253 2459 1424 2527 interiore
1440 2484 1501 2529 seu

176 2565 268 2631 intra
284 2588 413 2646 arcam,
438 2573 471 2633 ct
489 2589 585 2635 secus
608 2566 694 2634 duas
713 2555 849 2634 tabulas
868 2566 1025 2655 lapideas
1043 2567 1202 2632 volumen
1224 2588 1407 2656 reponere,
1428 2590 1503 2634 nen

177 2671 289 2739 levitis
314 2678 445 2738 tantum
474 2673 533 2739 sed
561 2673 775 2762 simplicibus
803 2675 885 2740 item
908 2672 1142 2739 sacerdotibus
1164 2672 1260 2738 nefas
1274 2673 1404 2741 fuisset.
1434 2678 1503 2739 Do-

177 2800 296 2846 cemur
313 2779 416 2845 etiam
433 2786 452 2846 3
476 2785 557 2866 [teg.
577 2787 632 2861 8,9
658 2780 694 2845 in
710 2802 789 2846 arca
808 2786 947 2869 praeter
966 2779 1051 2844 duas
1066 2778 1201 2846 tabulas
1219 2778 1374 2868 lapideas
1389 2779 1503 2848 fuisse

178 2884 282 2967 nihil,
310 2885 499 2953 secundum
523 2909 625 2976 quem
645 2891 773 2953 textum
796 2885 1018 2975 explicandus
1037 2890 1086 2952 est
1106 2885 1199 2952 loeus
1219 2885 1317 2951 llcbr.
1339 2890 1412 2965 bd.
1436 2891 1502 2954 Ve-

179 3012 272 3069 rum,
292 2991 327 3056 in
347 3014 414 3079 que
431 2992 535 3059 latere
552 3016 651 3059 arcae
667 2993 887 3082 reponendus
901 3000 973 3058 erat
986 2992 1093 3058 libert
1108 3014 1177 3057 non
1193 2993 1284 3058 enim
1301 2993 1504 3059 censendus

177 3102 229 3161 est
253 3101 376 3182 ttoyscs
399 3120 470 3163 rem
491 3098 576 3164 tanti
589 3088 760 3164 momenti
784 3098 945 3164 Caathitis
965 3098 1160 3187 permisisse
1180 3098 1499 3167 determinandam.

179 3204 267 3267 Ante
285 3207 318 3267 ct
333 3224 426 3291 ponc
439 3225 510 3270 non
534 3204 731 3293 exprimunt
744 3205 884 3271 ltebraei
902 3228 982 3270 voce
1003 3217 1080 3268 'tm-
1099 3209 1147 3270 Ps.
1168 3211 1209 3270 90
1232 3205 1314 3292 (91),
1336 3213 1416 3271 tea
1435 3229 1502 3272 vox

177 3314 270 3375 certe
298 3309 470 3395 significat
495 3311 585 3377 latus
607 3311 798 3396 sinistram,
829 3311 1102 3400 crediderimquc
1131 3311 1279 3378 eundem
1304 3333 1375 3376 esso
1403 3314 1503 3379 vocis

179 3415 212 3480 h.
234 3415 259 3481 l.
290 3438 435 3483 sensum.
462 3421 527 3484 Cur
548 3440 618 3484 non
640 3418 869 3508 reponebatur
888 3419 1058 3484 canticum
1078 3417 1114 3483 in
1131 3417 1389 3484 lateredextre‘?
1412 3418 1503 3495 Quia

178 3522 214 3587 in
235 3544 274 3587 ee
292 3524 366 3590 loco
388 3523 580 3591 honestiore
600 3525 750 3614 reposita
767 3531 839 3593 crat
859 3526 972 3592 thora.
996 3525 1126 3591 Etenim
1148 3524 1282 3590 theram
1303 3545 1445 3612 queque
1462 3526 1501 3591 in

177 3627 283 3694 latere
303 3651 401 3695 arcae
426 3631 610 3718 repositam
636 3654 707 3698 esse
727 3631 813 3697 mihi
838 3639 969 3697 certum
991 3637 1058 3710 est,
1078 3632 1156 3696 lieet
1177 3653 1209 3696 v.
1232 3637 1274 3696 23
1292 3653 1342 3719 sq.
1362 3629 1406 3696 ad
1424 3632 1502 3698 cal·

177 3754 253 3799 cem
279 3757 309 3800 v.
340 3741 379 3801 15
397 3736 586 3818 translatis,
612 3737 648 3804 id
670 3737 738 3804 iam
761 3760 829 3804 non
855 3737 1013 3826 explicite
1030 3736 1178 3803 affirmet
1197 3742 1318 3803 textus.
1338 3736 1502 3804 llabebat

177 3839 328 3929 primum
345 3841 434 3908 liber
450 3842 634 3931 bipartitus
650 3844 886 3910 narrationem
901 3841 1125 3910 restitutionis
1143 3843 1290 3909 foederis
1308 3849 1341 3908 et
1356 3843 1497 3925 thorae,

177 3969 264 4035 quae
284 3948 420 4015 theram
442 3949 610 4016 referebat
630 3950 672 4017 ad
698 3950 872 4017 dexteram
896 3972 995 4017 arcae
1014 3973 1083 4017 csse
1102 3950 1309 4038 repositam:
1330 3947 1429 4015 cuius
1444 3952 1499 4016 rei

175 4053 343 4120 indicium
364 4060 413 4121 est
432 4055 517 4122 mihi
533 4080 564 4124 v.
589 4064 630 4124 26
651 4080 715 4122 vox
737 4072 814 4130 tara,
836 4080 924 4146 quac
947 4058 1065 4145 nequit
1081 4056 1228 4142 intelligi
1241 4056 1283 4121 de
1301 4055 1418 4143 aliquo
1439 4056 1498 4122 in—

176 4157 402 4226 determinato
427 4163 532 4228 latere
558 4184 564 4230 :
590 4186 675 4250 ergo
700 4163 860 4250 designat
887 4164 974 4230 latus
996 4163 1168 4229 sinistrum
1197 4161 1233 4227 in
1258 4160 1495 4251 oppositione,

177 4262 227 4326 nti
243 4269 293 4328 Ps.
313 4271 354 4330 90
373 4267 456 4355 (91),
475 4277 506 4351 7,
523 4269 671 4337 adlatus
688 4270 862 4351 dextrum3
879 4268 916 4335 in
928 4269 1033 4336 latere
1049 4269 1165 4336 dentre
1183 4273 1255 4334 erat
1271 4269 1380 4335 thora.
1401 4290 1433 4336 v.
1451 4275 1496 4335 26

177 4395 193 4426 a
216 4367 332 4434 Tollite
349 4370 472 4438 librum
491 4375 592 4440 tenue
611 4390 642 4442 cl
653 4376 775 4466 plectite
794 4400 870 4442 eum
887 4376 922 4442 iu
940 4376 1043 4442 latere
1065 4397 1164 4444 arcae
1205 4374 1335 4440 cederit·
1350 4375 1499 4442 [remini

177 4474 240 4542 llcr'
255 4477 368 4557 vestri,
396 4491 432 4542 ut
455 4479 500 4544 si!
521 4480 569 4546 idi
588 4495 707 4549 contra
728 4496 758 4548 te
783 4484 819 4548 in
841 4482 1076 4549 testiinonium
1100 4512 1130 4549 ».
1161 4483 1261 4547 Heba.
1289 4502 1296 4548 :
1320 4480 1357 4546 <in
1381 4492 1497 4549 lesen

174 4582 293 4671 qaaood
311 4596 353 4664 tc,
376 4584 436 4650 sed
456 4608 487 4652 v.
508 4593 549 4652 ⁶27
568 4588 715 4654 ostendit
735 4595 825 4655 recte
844 4591 929 4656 verti
949 4601 1066 4655 contro
1083 4602 1125 4654 te.
1142 4592 1278 4656 Praeter
1299 4586 1397 4674 Vulq.
1417 4609 1496 4655 om-

175 4711 234 4755 ncs
249 4690 377 4757 habent
394 4708 505 4767 utino,
519 4716 602 4781 erge
614 4695 738 4761 libram
756 4695 847 4762 dune
862 4695 991 4762 tderue.
1011 4701 1117 4772 Quam
1130 4701 1244 4761 tamen
1260 4715 1376 4760 vocem
1388 4694 1496 4762 eredo
