<?xml version="1.0" encoding="UTF-8"?>
<!DOCTYPE html PUBLIC "-//W3C//DTD XHTML 1.0 Transitional//EN"
    "http://www.w3.org/TR/xhtml1/DTD/xhtml1-transitional.dtd">
<html xmlns="http://www.w3.org/1999/xhtml" xml:lang="en" lang="en">
 <head>
  <title>
</title>
<meta http-equiv="Content-Type" content="text/html;charset=utf-8" />
  <meta name='ocr-system' content='tesseract 3.04.00' />
  <meta name='ocr-capabilities' content='ocr_page ocr_carea ocr_par ocr_line ocrx_word'/>
</head>
<body>
  <div class='ocr_page' id='page_1' title='image "./commentariusind00hummgoog/commentariusind00hummgoog_0541.png"; bbox 0 0 3366 5346; ppageno 0'>
   <div class='ocr_carea' id='block_1_1' title="bbox 185 296 1125 354">
    <p class='ocr_par' dir='ltr' id='par_1_1' title="bbox 185 296 1125 354">
     <span class='ocr_line' id='line_1_1' title="bbox 185 296 1125 354; baseline -0.001 -6"><span class='ocrx_word' id='word_1_1' title='bbox 185 296 244 354; x_wconf 71' lang='lat' dir='ltr'><strong>:snt</strong></span> <span class='ocrx_word' id='word_1_2' title='bbox 559 309 632 350; x_wconf 77' lang='lat' dir='ltr'><strong>acri</strong></span> <span class='ocrx_word' id='word_1_3' title='bbox 657 307 787 351; x_wconf 74' lang='lat' dir='ltr'><strong>uarium:</strong></span> <span class='ocrx_word' id='word_1_4' title='bbox 809 306 870 349; x_wconf 83' lang='lat' dir='ltr'><strong>mar</strong></span> <span class='ocrx_word' id='word_1_5' title='bbox 892 306 984 350; x_wconf 74' lang='lat' dir='ltr'><strong>vrran</strong></span> <span class='ocrx_word' id='word_1_6' title='bbox 1005 306 1125 351; x_wconf 82' lang='lat' dir='ltr'><strong>uorsis.</strong></span> 
     </span>
    </p>
   </div>
   <div class='ocr_carea' id='block_1_2' title="bbox 176 447 1553 2986">
    <p class='ocr_par' dir='ltr' id='par_1_2' title="bbox 176 447 1515 1476">
     <span class='ocr_line' id='line_1_2' title="bbox 181 447 1510 540; baseline -0.005 -21"><span class='ocrx_word' id='word_1_7' title='bbox 181 456 354 539; x_wconf 84' lang='lat' dir='ltr'><strong>integram</strong></span> <span class='ocrx_word' id='word_1_8' title='bbox 368 452 558 540; x_wconf 80' lang='lat' dir='ltr'>stropham.</span> <span class='ocrx_word' id='word_1_9' title='bbox 581 474 612 517; x_wconf 86' lang='lat' dir='ltr'><strong>v.</strong></span> <span class='ocrx_word' id='word_1_10' title='bbox 633 456 672 516; x_wconf 79' lang='lat' dir='ltr'><strong>lt</strong></span> <span class='ocrx_word' id='word_1_11' title='bbox 691 471 768 516; x_wconf 80' lang='lat' dir='ltr'><strong>euni</strong></span> <span class='ocrx_word' id='word_1_12' title='bbox 787 454 917 515; x_wconf 88' lang='lat' dir='ltr'><strong>Zenner</strong></span> <span class='ocrx_word' id='word_1_13' title='bbox 929 448 1124 515; x_wconf 77' lang='lat' dir='ltr'><strong>membrum</strong></span> <span class='ocrx_word' id='word_1_14' title='bbox 1139 472 1157 515; x_wconf 94' lang='lat' dir='ltr'><strong>e</strong></span> <span class='ocrx_word' id='word_1_15' title='bbox 1173 454 1262 516; x_wconf 91' lang='lat' dir='ltr'><strong>Sam.</strong></span> <span class='ocrx_word' id='word_1_16' title='bbox 1281 447 1510 539; x_wconf 81' lang='lat' dir='ltr'><strong>supplemus.</strong></span> 
     </span>
     <span class='ocr_line' id='line_1_3' title="bbox 181 541 1515 625; baseline -0.003 -1"><span class='ocrx_word' id='word_1_17' title='bbox 181 583 211 625; x_wconf 87' lang='lat' dir='ltr'><strong>r.</strong></span> <span class='ocrx_word' id='word_1_18' title='bbox 240 566 319 625; x_wconf 69' lang='lat' dir='ltr'><strong>ati</strong></span> <span class='ocrx_word' id='word_1_19' title='bbox 338 557 474 623; x_wconf 90' lang='lat' dir='ltr'><strong>videtur</strong></span> <span class='ocrx_word' id='word_1_20' title='bbox 495 556 671 623; x_wconf 90' lang='lat' dir='ltr'><strong>abundare</strong></span> <span class='ocrx_word' id='word_1_21' title='bbox 694 561 752 622; x_wconf 89' lang='lat' dir='ltr'><strong>aut</strong></span> <span class='ocrx_word' id='word_1_22' title='bbox 770 541 887 621; x_wconf 83' lang='lat' dir='ltr'><strong>versus</strong></span> <span class='ocrx_word' id='word_1_23' title='bbox 909 561 968 622; x_wconf 90' lang='lat' dir='ltr'><strong>aut</strong></span> <span class='ocrx_word' id='word_1_24' title='bbox 988 556 1117 622; x_wconf 90' lang='lat' dir='ltr'><strong>stichus</strong></span> <span class='ocrx_word' id='word_1_25' title='bbox 1141 576 1148 622; x_wconf 92' lang='lat'>:</span> <span class='ocrx_word' id='word_1_26' title='bbox 1176 555 1366 623; x_wconf 85' lang='lat' dir='ltr'><strong>maluimus</strong></span> <span class='ocrx_word' id='word_1_27' title='bbox 1386 560 1515 622; x_wconf 88' lang='lat' dir='ltr'><strong>tamen</strong></span> 
     </span>
     <span class='ocr_line' id='line_1_4' title="bbox 179 661 1513 753; baseline -0.004 -22"><span class='ocrx_word' id='word_1_28' title='bbox 179 671 307 731; x_wconf 87' lang='lat' dir='ltr'><strong>textum</strong></span> <span class='ocrx_word' id='word_1_29' title='bbox 337 664 448 753; x_wconf 88' lang='lat' dir='ltr'><strong>qualis</strong></span> <span class='ocrx_word' id='word_1_30' title='bbox 482 668 531 729; x_wconf 90' lang='lat' dir='ltr'><strong>est</strong></span> <span class='ocrx_word' id='word_1_31' title='bbox 556 663 760 751; x_wconf 74' lang='lat' dir='ltr'><strong>relinquere,</strong></span> <span class='ocrx_word' id='word_1_32' title='bbox 793 684 896 752; x_wconf 91' lang='lat' dir='ltr'><strong>quam</strong></span> <span class='ocrx_word' id='word_1_33' title='bbox 926 663 1055 729; x_wconf 86' lang='lat' dir='ltr'><strong>incerta</strong></span> <span class='ocrx_word' id='word_1_34' title='bbox 1081 662 1279 729; x_wconf 89' lang='lat' dir='ltr'><strong>coniectura</strong></span> <span class='ocrx_word' id='word_1_35' title='bbox 1304 661 1513 752; x_wconf 89' lang='lat' dir='ltr'><strong>quidquam</strong></span> 
     </span>
     <span class='ocr_line' id='line_1_5' title="bbox 179 767 1514 860; baseline -0.004 -23"><span class='ocrx_word' id='word_1_36' title='bbox 179 793 387 860; x_wconf 82' lang='lat' dir='ltr'><strong>expungere.</strong></span> <span class='ocrx_word' id='word_1_37' title='bbox 406 768 602 838; x_wconf 86' lang='lat' dir='ltr'><strong>Geminatae</strong></span> <span class='ocrx_word' id='word_1_38' title='bbox 618 768 719 835; x_wconf 92' lang='lat' dir='ltr'><strong>unius</strong></span> <span class='ocrx_word' id='word_1_39' title='bbox 732 775 841 835; x_wconf 88' lang='lat' dir='ltr'><strong>textus</strong></span> <span class='ocrx_word' id='word_1_40' title='bbox 859 768 1021 836; x_wconf 89' lang='lat' dir='ltr'><strong>lectiones</strong></span> <span class='ocrx_word' id='word_1_41' title='bbox 1036 769 1129 835; x_wconf 90' lang='lat' dir='ltr'><strong>haud</strong></span> <span class='ocrx_word' id='word_1_42' title='bbox 1146 770 1194 835; x_wconf 93' lang='lat' dir='ltr'><strong>ita</strong></span> <span class='ocrx_word' id='word_1_43' title='bbox 1210 792 1288 836; x_wconf 91' lang='lat' dir='ltr'><strong>raro</strong></span> <span class='ocrx_word' id='word_1_44' title='bbox 1303 769 1342 835; x_wconf 89' lang='lat' dir='ltr'><strong>in</strong></span> <span class='ocrx_word' id='word_1_45' title='bbox 1357 791 1386 834; x_wconf 93' lang='lat' dir='ltr'><strong>s.</strong></span> <span class='ocrx_word' id='word_1_46' title='bbox 1407 767 1514 833; x_wconf 85' lang='lat' dir='ltr'><strong>libris</strong></span> 
     </span>
     <span class='ocr_line' id='line_1_6' title="bbox 178 874 1513 966; baseline -0.004 -22"><span class='ocrx_word' id='word_1_47' title='bbox 178 878 271 944; x_wconf 85' lang='lat' dir='ltr'><strong>iuxta</strong></span> <span class='ocrx_word' id='word_1_48' title='bbox 295 878 422 966; x_wconf 89' lang='lat' dir='ltr'><strong>positae</strong></span> <span class='ocrx_word' id='word_1_49' title='bbox 449 875 774 966; x_wconf 88' lang='lat' dir='ltr'><strong>deprehenduntur;</strong></span> <span class='ocrx_word' id='word_1_50' title='bbox 799 897 910 964; x_wconf 89' lang='lat' dir='ltr'><strong>neque</strong></span> <span class='ocrx_word' id='word_1_51' title='bbox 934 880 995 955; x_wconf 89' lang='lat' dir='ltr'><strong>est,</strong></span> <span class='ocrx_word' id='word_1_52' title='bbox 1026 898 1087 942; x_wconf 89' lang='lat' dir='ltr'><strong>cur</strong></span> <span class='ocrx_word' id='word_1_53' title='bbox 1116 876 1283 943; x_wconf 91' lang='lat' dir='ltr'><strong>eiusmodi</strong></span> <span class='ocrx_word' id='word_1_54' title='bbox 1308 897 1329 942; x_wconf 89' lang='lat' dir='ltr'><strong>a</strong></span> <span class='ocrx_word' id='word_1_55' title='bbox 1356 874 1513 941; x_wconf 87' lang='lat' dir='ltr'><strong>canticis</strong></span> 
     </span>
     <span class='ocr_line' id='line_1_7' title="bbox 179 980 1513 1073; baseline -0.003 -23"><span class='ocrx_word' id='word_1_56' title='bbox 179 983 331 1050; x_wconf 83' lang='lat' dir='ltr'><strong>exsulare</strong></span> <span class='ocrx_word' id='word_1_57' title='bbox 356 983 538 1073; x_wconf 89' lang='lat' dir='ltr'><strong>quisquam</strong></span> <span class='ocrx_word' id='word_1_58' title='bbox 560 982 738 1049; x_wconf 82' lang='lat' dir='ltr'><strong>infitietur.</strong></span> <span class='ocrx_word' id='word_1_59' title='bbox 766 981 830 1047; x_wconf 86' lang='lat' dir='ltr'><strong>Sed</strong></span> <span class='ocrx_word' id='word_1_60' title='bbox 855 1003 992 1048; x_wconf 88' lang='lat' dir='ltr'><strong>versum</strong></span> <span class='ocrx_word' id='word_1_61' title='bbox 1020 989 1052 1064; x_wconf 85' lang='lat'><strong>9,</strong></span> <span class='ocrx_word' id='word_1_62' title='bbox 1072 983 1132 1070; x_wconf 92' lang='lat' dir='ltr'><strong>qui</strong></span> <span class='ocrx_word' id='word_1_63' title='bbox 1162 987 1194 1049; x_wconf 89' lang='lat' dir='ltr'><strong>et</strong></span> <span class='ocrx_word' id='word_1_64' title='bbox 1225 983 1296 1071; x_wconf 89' lang='lat' dir='ltr'><strong>ipse</strong></span> <span class='ocrx_word' id='word_1_65' title='bbox 1318 980 1513 1048; x_wconf 87' lang='lat' dir='ltr'><strong>abundare</strong></span> 
     </span>
     <span class='ocr_line' id='line_1_8' title="bbox 179 1087 1510 1178; baseline -0.003 -22"><span class='ocrx_word' id='word_1_66' title='bbox 179 1090 324 1172; x_wconf 90' lang='lat' dir='ltr'><strong>videtur,</strong></span> <span class='ocrx_word' id='word_1_67' title='bbox 365 1088 571 1155; x_wconf 77' lang='lat' dir='ltr'><strong>crediderim</strong></span> <span class='ocrx_word' id='word_1_68' title='bbox 601 1094 678 1178; x_wconf 86' lang='lat' dir='ltr'><strong>post</strong></span> <span class='ocrx_word' id='word_1_69' title='bbox 709 1088 860 1173; x_wconf 84' lang='lat' dir='ltr'><strong>singulas</strong></span> <span class='ocrx_word' id='word_1_70' title='bbox 897 1089 1060 1155; x_wconf 75' lang='lat' dir='ltr'><strong>sectiones</strong></span> <span class='ocrx_word' id='word_1_71' title='bbox 1093 1089 1255 1177; x_wconf 79' lang='lat' dir='ltr'><strong>strophae</strong></span> <span class='ocrx_word' id='word_1_72' title='bbox 1289 1087 1510 1154; x_wconf 76' lang='lat' dir='ltr'><strong>mutatoriae</strong></span> 
     </span>
     <span class='ocr_line' id='line_1_9' title="bbox 178 1194 1510 1285; baseline -0.001 -24"><span class='ocrx_word' id='word_1_73' title='bbox 178 1220 209 1262; x_wconf 94' lang='lat' dir='ltr'><strong>v.</strong></span> <span class='ocrx_word' id='word_1_74' title='bbox 235 1204 314 1264; x_wconf 74' lang='lat' dir='ltr'><strong>8-1u</strong></span> <span class='ocrx_word' id='word_1_75' title='bbox 340 1218 519 1285; x_wconf 84' lang='lat' dir='ltr'><strong>preverse</strong></span> <span class='ocrx_word' id='word_1_76' title='bbox 541 1195 737 1261; x_wconf 89' lang='lat' dir='ltr'><strong>intercalari</strong></span> <span class='ocrx_word' id='word_1_77' title='bbox 759 1216 829 1261; x_wconf 88' lang='lat' dir='ltr'><strong>esse</strong></span> <span class='ocrx_word' id='word_1_78' title='bbox 849 1197 1049 1284; x_wconf 75' lang='lat' dir='ltr'><strong>repetitum,</strong></span> <span class='ocrx_word' id='word_1_79' title='bbox 1068 1196 1234 1262; x_wconf 90' lang='lat' dir='ltr'><strong>eiusmodi</strong></span> <span class='ocrx_word' id='word_1_80' title='bbox 1256 1217 1375 1261; x_wconf 86' lang='lat' dir='ltr'><strong>versus</strong></span> <span class='ocrx_word' id='word_1_81' title='bbox 1393 1194 1510 1260; x_wconf 89' lang='lat' dir='ltr'><strong>inter-</strong></span> 
     </span>
     <span class='ocr_line' id='line_1_10' title="bbox 178 1300 1507 1391; baseline -0.002 -23"><span class='ocrx_word' id='word_1_82' title='bbox 178 1303 308 1369; x_wconf 88' lang='lat' dir='ltr'><strong>calares</strong></span> <span class='ocrx_word' id='word_1_83' title='bbox 333 1307 500 1369; x_wconf 87' lang='lat' dir='ltr'><strong>nostrates</strong></span> <span class='ocrx_word' id='word_1_84' title='bbox 518 1302 632 1383; x_wconf 88' lang='lat' dir='ltr'><strong>etiam,</strong></span> <span class='ocrx_word' id='word_1_85' title='bbox 658 1301 795 1391; x_wconf 88' lang='lat' dir='ltr'><strong>quando</strong></span> <span class='ocrx_word' id='word_1_86' title='bbox 818 1302 971 1367; x_wconf 91' lang='lat' dir='ltr'><strong>carmina</strong></span> <span class='ocrx_word' id='word_1_87' title='bbox 992 1300 1206 1385; x_wconf 86' lang='lat' dir='ltr'><strong>describunt,</strong></span> <span class='ocrx_word' id='word_1_88' title='bbox 1229 1301 1337 1368; x_wconf 91' lang='lat' dir='ltr'><strong>semel</strong></span> <span class='ocrx_word' id='word_1_89' title='bbox 1363 1307 1507 1367; x_wconf 88' lang='lat' dir='ltr'><strong>tantum</strong></span> 
     </span>
     <span class='ocr_line' id='line_1_11' title="bbox 176 1409 604 1476; baseline -0.005 0"><span class='ocrx_word' id='word_1_90' title='bbox 176 1409 372 1476; x_wconf 79' lang='lat' dir='ltr'><strong>adscribere</strong></span> <span class='ocrx_word' id='word_1_91' title='bbox 388 1431 604 1475; x_wconf 87' lang='lat' dir='ltr'><strong>consuevere.</strong></span> 
     </span>
    </p>

    <p class='ocr_par' dir='ltr' id='par_1_3' title="bbox 176 1513 1553 2986">
     <span class='ocr_line' id='line_1_12' title="bbox 224 1513 1507 1603; baseline 0 -24"><span class='ocrx_word' id='word_1_92' title='bbox 224 1522 306 1581; x_wconf 77' lang='lat' dir='ltr'><strong>ilum</strong></span> <span class='ocrx_word' id='word_1_93' title='bbox 322 1538 353 1582; x_wconf 82' lang='lat' dir='ltr'><strong>v,</strong></span> <span class='ocrx_word' id='word_1_94' title='bbox 371 1523 390 1581; x_wconf 81' lang='lat'><strong>¹1</strong></span> <span class='ocrx_word' id='word_1_95' title='bbox 407 1525 587 1581; x_wconf 87' lang='lat' dir='ltr'><strong>moneatur</strong></span> <span class='ocrx_word' id='word_1_96' title='bbox 604 1515 750 1603; x_wconf 88' lang='lat' dir='ltr'><strong>populus</strong></span> <span class='ocrx_word' id='word_1_97' title='bbox 769 1515 909 1603; x_wconf 90' lang='lat' dir='ltr'><strong>antiqua</strong></span> <span class='ocrx_word' id='word_1_98' title='bbox 929 1517 986 1582; x_wconf 87' lang='lat' dir='ltr'><strong>Dei</strong></span> <span class='ocrx_word' id='word_1_99' title='bbox 1003 1516 1170 1583; x_wconf 86' lang='lat' dir='ltr'><strong>beneficia</strong></span> <span class='ocrx_word' id='word_1_100' title='bbox 1187 1537 1207 1581; x_wconf 90' lang='lat' dir='ltr'><strong>a</strong></span> <span class='ocrx_word' id='word_1_101' title='bbox 1226 1515 1367 1581; x_wconf 90' lang='lat' dir='ltr'><strong>senibus</strong></span> <span class='ocrx_word' id='word_1_102' title='bbox 1380 1513 1507 1603; x_wconf 85' lang='lat' dir='ltr'><strong>exqui-</strong></span> 
     </span>
     <span class='ocr_line' id='line_1_13' title="bbox 180 1620 1553 1710; baseline 0.001 -23"><span class='ocrx_word' id='word_1_103' title='bbox 180 1645 266 1702; x_wconf 89' lang='lat' dir='ltr'><strong>rere,</strong></span> <span class='ocrx_word' id='word_1_104' title='bbox 284 1627 318 1687; x_wconf 91' lang='lat' dir='ltr'><strong>et</strong></span> <span class='ocrx_word' id='word_1_105' title='bbox 332 1645 411 1687; x_wconf 90' lang='lat' dir='ltr'><strong>cum</strong></span> <span class='ocrx_word' id='word_1_106' title='bbox 427 1645 459 1688; x_wconf 83' lang='lat' dir='ltr'><strong>r.</strong></span> <span class='ocrx_word' id='word_1_107' title='bbox 477 1626 554 1687; x_wconf 82' lang='lat' dir='ltr'><strong>9-1t</strong></span> <span class='ocrx_word' id='word_1_108' title='bbox 570 1621 691 1687; x_wconf 90' lang='lat' dir='ltr'><strong>eadem</strong></span> <span class='ocrx_word' id='word_1_109' title='bbox 704 1620 872 1687; x_wconf 83' lang='lat' dir='ltr'><strong>beneficia</strong></span> <span class='ocrx_word' id='word_1_110' title='bbox 889 1643 1007 1710; x_wconf 85' lang='lat' dir='ltr'><strong>reapse</strong></span> <span class='ocrx_word' id='word_1_111' title='bbox 1026 1628 1241 1701; x_wconf 88' lang='lat' dir='ltr'><strong>enarrentur,</strong></span> <span class='ocrx_word' id='word_1_112' title='bbox 1260 1643 1344 1707; x_wconf 86' lang='lat' dir='ltr'><strong>ergo</strong></span> <span class='ocrx_word' id='word_1_113' title='bbox 1363 1643 1397 1686; x_wconf 90' lang='lat' dir='ltr'><strong>v.</strong></span> <span class='ocrx_word' id='word_1_114' title='bbox 1420 1625 1505 1688; x_wconf 72' lang='grc' dir='ltr'><strong>8·Ιῆ</strong></span> <span class='ocrx_word' id='word_1_115' title='bbox 1550 1650 1553 1661; x_wconf 94' lang='grc'><strong><em>·</em></strong></span> 
     </span>
     <span class='ocr_line' id='line_1_14' title="bbox 179 1725 1504 1817; baseline -0.001 -23"><span class='ocrx_word' id='word_1_116' title='bbox 179 1727 363 1817; x_wconf 84' lang='lat' dir='ltr'><strong>accipimus</strong></span> <span class='ocrx_word' id='word_1_117' title='bbox 384 1750 447 1817; x_wconf 93' lang='lat' dir='ltr'><strong>pro</strong></span> <span class='ocrx_word' id='word_1_118' title='bbox 472 1749 541 1793; x_wconf 90' lang='lat' dir='ltr'><strong>una</strong></span> <span class='ocrx_word' id='word_1_119' title='bbox 565 1728 725 1793; x_wconf 86' lang='lat' dir='ltr'><strong>carminis</strong></span> <span class='ocrx_word' id='word_1_120' title='bbox 749 1733 862 1815; x_wconf 85' lang='lat' dir='ltr'><strong>parte,</strong></span> <span class='ocrx_word' id='word_1_121' title='bbox 885 1727 1068 1794; x_wconf 83' lang='lat' dir='ltr'><strong>fortassee</strong></span> <span class='ocrx_word' id='word_1_122' title='bbox 1093 1730 1195 1794; x_wconf 93' lang='lat' dir='ltr'><strong>choro</strong></span> <span class='ocrx_word' id='word_1_123' title='bbox 1222 1748 1342 1794; x_wconf 88' lang='lat' dir='ltr'><strong>senum</strong></span> <span class='ocrx_word' id='word_1_124' title='bbox 1368 1725 1504 1793; x_wconf 89' lang='lat' dir='ltr'><strong>decan-</strong></span> 
     </span>
     <span class='ocr_line' id='line_1_15' title="bbox 179 1833 1503 1923; baseline 0.001 -23"><span class='ocrx_word' id='word_1_125' title='bbox 179 1835 293 1901; x_wconf 90' lang='lat' dir='ltr'><strong>tanda.</strong></span> <span class='ocrx_word' id='word_1_126' title='bbox 315 1840 404 1913; x_wconf 83' lang='lat' dir='ltr'><strong>Quae</strong></span> <span class='ocrx_word' id='word_1_127' title='bbox 419 1833 641 1923; x_wconf 88' lang='lat' dir='ltr'><strong>praecedunt,</strong></span> <span class='ocrx_word' id='word_1_128' title='bbox 660 1840 779 1922; x_wconf 91' lang='lat' dir='ltr'><strong>sponte</strong></span> <span class='ocrx_word' id='word_1_129' title='bbox 794 1835 829 1898; x_wconf 93' lang='lat' dir='ltr'><strong>in</strong></span> <span class='ocrx_word' id='word_1_130' title='bbox 845 1833 932 1900; x_wconf 90' lang='lat' dir='ltr'><strong>duas</strong></span> <span class='ocrx_word' id='word_1_131' title='bbox 946 1835 1103 1923; x_wconf 90' lang='lat' dir='ltr'><strong>strophas</strong></span> <span class='ocrx_word' id='word_1_132' title='bbox 1118 1833 1332 1913; x_wconf 87' lang='lat' dir='ltr'><strong>dilabuntur,</strong></span> <span class='ocrx_word' id='word_1_133' title='bbox 1348 1836 1503 1922; x_wconf 89' lang='lat' dir='ltr'><strong>quarum</strong></span> 
     </span>
     <span class='ocr_line' id='line_1_16' title="bbox 182 1939 1504 2030; baseline -0.001 -24"><span class='ocrx_word' id='word_1_134' title='bbox 182 1941 277 2030; x_wconf 92' lang='lat' dir='ltr'><strong>prior</strong></span> <span class='ocrx_word' id='word_1_135' title='bbox 290 1964 322 2006; x_wconf 86' lang='lat' dir='ltr'><strong>v.</strong></span> <span class='ocrx_word' id='word_1_136' title='bbox 341 1947 399 2008; x_wconf 71' lang='lat' dir='ltr'><strong>l-&#39;e</strong></span> <span class='ocrx_word' id='word_1_137' title='bbox 416 1940 458 2006; x_wconf 93' lang='lat' dir='ltr'><strong>de</strong></span> <span class='ocrx_word' id='word_1_138' title='bbox 474 1941 587 2017; x_wconf 86' lang='lat' dir='ltr'><strong>lahve,</strong></span> <span class='ocrx_word' id='word_1_139' title='bbox 602 1939 710 2006; x_wconf 88' lang='lat' dir='ltr'><strong>altera</strong></span> <span class='ocrx_word' id='word_1_140' title='bbox 723 1961 755 2005; x_wconf 93' lang='lat' dir='ltr'><strong>v.</strong></span> <span class='ocrx_word' id='word_1_141' title='bbox 773 1947 827 2006; x_wconf 83' lang='lat' dir='ltr'><strong>5-&#39;i</strong></span> <span class='ocrx_word' id='word_1_142' title='bbox 839 1939 880 2005; x_wconf 89' lang='lat' dir='ltr'><strong>de</strong></span> <span class='ocrx_word' id='word_1_143' title='bbox 898 1940 1029 2006; x_wconf 89' lang='lat' dir='ltr'><strong>israelis</strong></span> <span class='ocrx_word' id='word_1_144' title='bbox 1044 1940 1233 2007; x_wconf 87' lang='lat' dir='ltr'><strong>delectione</strong></span> <span class='ocrx_word' id='word_1_145' title='bbox 1246 1940 1329 2025; x_wconf 84' lang='lat' dir='ltr'><strong>agit.</strong></span> <span class='ocrx_word' id='word_1_146' title='bbox 1350 1944 1504 2007; x_wconf 87' lang='lat' dir='ltr'><strong>Rursum</strong></span> 
     </span>
     <span class='ocr_line' id='line_1_17' title="bbox 177 2046 1504 2136; baseline 0.001 -24"><span class='ocrx_word' id='word_1_147' title='bbox 177 2072 212 2135; x_wconf 61' lang='lat' dir='ltr'><strong>Y·</strong></span> <span class='ocrx_word' id='word_1_148' title='bbox 237 2054 336 2114; x_wconf 74' lang='lat'><strong>15-21</strong></span> <span class='ocrx_word' id='word_1_149' title='bbox 368 2053 446 2113; x_wconf 89' lang='lat' dir='ltr'><strong>sunt</strong></span> <span class='ocrx_word' id='word_1_150' title='bbox 469 2047 557 2114; x_wconf 90' lang='lat' dir='ltr'><strong>duae</strong></span> <span class='ocrx_word' id='word_1_151' title='bbox 578 2047 754 2135; x_wconf 86' lang='lat' dir='ltr'><strong>strophae,</strong></span> <span class='ocrx_word' id='word_1_152' title='bbox 773 2069 918 2135; x_wconf 91' lang='lat' dir='ltr'><strong>quarum</strong></span> <span class='ocrx_word' id='word_1_153' title='bbox 938 2047 1033 2136; x_wconf 90' lang='lat' dir='ltr'><strong>prior</strong></span> <span class='ocrx_word' id='word_1_154' title='bbox 1048 2069 1078 2112; x_wconf 89' lang='lat' dir='ltr'><strong>v.</strong></span> <span class='ocrx_word' id='word_1_155' title='bbox 1104 2052 1206 2113; x_wconf 87' lang='lat'>15-18</span> <span class='ocrx_word' id='word_1_156' title='bbox 1227 2046 1361 2112; x_wconf 87' lang='lat' dir='ltr'><strong>lsraelis</strong></span> <span class='ocrx_word' id='word_1_157' title='bbox 1380 2046 1504 2113; x_wconf 82' lang='lat' dir='ltr'><strong>deiec-</strong></span> 
     </span>
     <span class='ocr_line' id='line_1_18' title="bbox 180 2152 1513 2242; baseline -0.002 -22"><span class='ocrx_word' id='word_1_158' title='bbox 180 2156 318 2235; x_wconf 88' lang='lat' dir='ltr'><strong>tionem,</strong></span> <span class='ocrx_word' id='word_1_159' title='bbox 338 2154 444 2219; x_wconf 89' lang='lat' dir='ltr'><strong>altera</strong></span> <span class='ocrx_word' id='word_1_160' title='bbox 463 2177 495 2220; x_wconf 86' lang='lat' dir='ltr'><strong>v.</strong></span> <span class='ocrx_word' id='word_1_161' title='bbox 522 2160 623 2219; x_wconf 75' lang='lat'>19-21</span> <span class='ocrx_word' id='word_1_162' title='bbox 648 2153 771 2219; x_wconf 90' lang='lat' dir='ltr'><strong>lahvae</strong></span> <span class='ocrx_word' id='word_1_163' title='bbox 793 2153 1068 2239; x_wconf 81' lang='lat' dir='ltr'><strong>indignationem</strong></span> <span class='ocrx_word' id='word_1_164' title='bbox 1089 2153 1247 2242; x_wconf 84' lang='lat' dir='ltr'><strong>explicat.</strong></span> <span class='ocrx_word' id='word_1_165' title='bbox 1270 2157 1378 2231; x_wconf 86' lang='lat' dir='ltr'><strong>Quam</strong></span> <span class='ocrx_word' id='word_1_166' title='bbox 1405 2152 1513 2219; x_wconf 49' lang='lat' dir='ltr'><strong>india</strong></span> 
     </span>
     <span class='ocr_line' id='line_1_19' title="bbox 177 2259 1503 2348; baseline 0.002 -24"><span class='ocrx_word' id='word_1_167' title='bbox 177 2260 375 2346; x_wconf 84' lang='lat' dir='ltr'><strong>gnationem</strong></span> <span class='ocrx_word' id='word_1_168' title='bbox 405 2260 593 2347; x_wconf 86' lang='lat' dir='ltr'><strong>amplificat</strong></span> <span class='ocrx_word' id='word_1_169' title='bbox 618 2260 725 2324; x_wconf 87' lang='lat' dir='ltr'><strong>altera</strong></span> <span class='ocrx_word' id='word_1_170' title='bbox 757 2259 898 2347; x_wconf 90' lang='lat' dir='ltr'><strong>stropha</strong></span> <span class='ocrx_word' id='word_1_171' title='bbox 926 2259 1111 2326; x_wconf 90' lang='lat' dir='ltr'><strong>mutatoria</strong></span> <span class='ocrx_word' id='word_1_172' title='bbox 1137 2283 1170 2326; x_wconf 83' lang='lat' dir='ltr'><strong>v.</strong></span> <span class='ocrx_word' id='word_1_173' title='bbox 1201 2265 1314 2325; x_wconf 72' lang='lat'>22-27.</span> <span class='ocrx_word' id='word_1_174' title='bbox 1348 2260 1503 2348; x_wconf 86' lang='lat' dir='ltr'><strong>Stropha</strong></span> 
     </span>
     <span class='ocr_line' id='line_1_20' title="bbox 177 2364 1501 2454; baseline 0.001 -24"><span class='ocrx_word' id='word_1_175' title='bbox 177 2389 209 2430; x_wconf 93' lang='lat' dir='ltr'><strong>v.</strong></span> <span class='ocrx_word' id='word_1_176' title='bbox 235 2371 336 2432; x_wconf 76' lang='lat'><strong>28-31</strong></span> <span class='ocrx_word' id='word_1_177' title='bbox 362 2365 582 2430; x_wconf 89' lang='lat' dir='ltr'><strong>inimicorum</strong></span> <span class='ocrx_word' id='word_1_178' title='bbox 609 2364 805 2441; x_wconf 90' lang='lat' dir='ltr'><strong>stultitiam,</strong></span> <span class='ocrx_word' id='word_1_179' title='bbox 839 2364 1067 2454; x_wconf 90' lang='lat' dir='ltr'><strong>anti-stropha</strong></span> <span class='ocrx_word' id='word_1_180' title='bbox 1096 2388 1128 2432; x_wconf 85' lang='lat' dir='ltr'><strong>v.</strong></span> <span class='ocrx_word' id='word_1_181' title='bbox 1157 2372 1259 2431; x_wconf 74' lang='lat'>32-35</span> <span class='ocrx_word' id='word_1_182' title='bbox 1291 2365 1501 2432; x_wconf 89' lang='lat' dir='ltr'><strong>eorumdem</strong></span> 
     </span>
     <span class='ocr_line' id='line_1_21' title="bbox 178 2465 1503 2562; baseline 0.002 -26"><span class='ocrx_word' id='word_1_183' title='bbox 178 2470 346 2537; x_wconf 89' lang='lat' dir='ltr'><strong>malitiam</strong></span> <span class='ocrx_word' id='word_1_184' title='bbox 360 2465 554 2556; x_wconf 81' lang='lat' dir='ltr'><strong>exaggerat.</strong></span> <span class='ocrx_word' id='word_1_185' title='bbox 573 2470 719 2559; x_wconf 88' lang='lat' dir='ltr'><strong>Stropha</strong></span> <span class='ocrx_word' id='word_1_186' title='bbox 731 2471 914 2536; x_wconf 89' lang='lat' dir='ltr'><strong>mutatoria</strong></span> <span class='ocrx_word' id='word_1_187' title='bbox 925 2493 958 2537; x_wconf 87' lang='grc' dir='ltr'><strong>ν.</strong></span> <span class='ocrx_word' id='word_1_188' title='bbox 976 2477 1079 2537; x_wconf 84' lang='grc'>36-39</span> <span class='ocrx_word' id='word_1_189' title='bbox 1089 2471 1254 2538; x_wconf 90' lang='lat' dir='ltr'><strong>iudicium</strong></span> <span class='ocrx_word' id='word_1_190' title='bbox 1267 2471 1369 2537; x_wconf 90' lang='lat' dir='ltr'><strong>lahve</strong></span> <span class='ocrx_word' id='word_1_191' title='bbox 1385 2494 1503 2562; x_wconf 88' lang='lat' dir='ltr'><strong>prope</strong></span> 
     </span>
     <span class='ocr_line' id='line_1_22' title="bbox 176 2576 1505 2669; baseline 0.002 -26"><span class='ocrx_word' id='word_1_192' title='bbox 176 2578 355 2644; x_wconf 90' lang='lat' dir='ltr'><strong>imminere</strong></span> <span class='ocrx_word' id='word_1_193' title='bbox 369 2577 560 2644; x_wconf 89' lang='lat' dir='ltr'><strong>annuntiat.</strong></span> <span class='ocrx_word' id='word_1_194' title='bbox 577 2576 746 2643; x_wconf 88' lang='lat' dir='ltr'><strong>Claudunt</strong></span> <span class='ocrx_word' id='word_1_195' title='bbox 760 2578 930 2643; x_wconf 88' lang='lat' dir='ltr'><strong>canticum</strong></span> <span class='ocrx_word' id='word_1_196' title='bbox 942 2577 1103 2668; x_wconf 86' lang='lat' dir='ltr'><strong>strophae</strong></span> <span class='ocrx_word' id='word_1_197' title='bbox 1120 2577 1220 2660; x_wconf 88' lang='lat' dir='ltr'><strong>duae,</strong></span> <span class='ocrx_word' id='word_1_198' title='bbox 1238 2599 1386 2667; x_wconf 91' lang='lat' dir='ltr'><strong>quarum</strong></span> <span class='ocrx_word' id='word_1_199' title='bbox 1403 2579 1505 2669; x_wconf 92' lang='lat' dir='ltr'><strong>prior</strong></span> 
     </span>
     <span class='ocr_line' id='line_1_23' title="bbox 178 2683 1503 2757; baseline 0.002 -8"><span class='ocrx_word' id='word_1_200' title='bbox 178 2707 211 2749; x_wconf 84' lang='lat' dir='ltr'><strong>v.</strong></span> <span class='ocrx_word' id='word_1_201' title='bbox 243 2689 345 2752; x_wconf 62' lang='lat' dir='ltr'><strong>iso-tr</strong></span> <span class='ocrx_word' id='word_1_202' title='bbox 369 2684 496 2750; x_wconf 91' lang='lat' dir='ltr'><strong>lahven</strong></span> <span class='ocrx_word' id='word_1_203' title='bbox 521 2683 707 2750; x_wconf 89' lang='lat' dir='ltr'><strong>introducit</strong></span> <span class='ocrx_word' id='word_1_204' title='bbox 727 2683 920 2750; x_wconf 91' lang='lat' dir='ltr'><strong>iuramento</strong></span> <span class='ocrx_word' id='word_1_205' title='bbox 945 2684 1172 2751; x_wconf 82' lang='lat' dir='ltr'><strong>affirmantem</strong></span> <span class='ocrx_word' id='word_1_206' title='bbox 1196 2707 1230 2750; x_wconf 93' lang='lat' dir='ltr'><strong>se</strong></span> <span class='ocrx_word' id='word_1_207' title='bbox 1254 2683 1297 2750; x_wconf 91' lang='lat' dir='ltr'><strong>ad</strong></span> <span class='ocrx_word' id='word_1_208' title='bbox 1325 2683 1503 2757; x_wconf 91' lang='lat' dir='ltr'><strong>iudicium</strong></span> 
     </span>
     <span class='ocr_line' id='line_1_24' title="bbox 180 2789 1505 2879; baseline 0.002 -22"><span class='ocrx_word' id='word_1_209' title='bbox 180 2813 250 2857; x_wconf 90' lang='lat' dir='ltr'><strong>esse</strong></span> <span class='ocrx_word' id='word_1_210' title='bbox 272 2812 523 2879; x_wconf 88' lang='lat' dir='ltr'><strong>processurum,</strong></span> <span class='ocrx_word' id='word_1_211' title='bbox 543 2791 649 2857; x_wconf 86' lang='lat' dir='ltr'><strong>altera</strong></span> <span class='ocrx_word' id='word_1_212' title='bbox 671 2811 702 2854; x_wconf 82' lang='lat' dir='ltr'><strong>r.</strong></span> <span class='ocrx_word' id='word_1_213' title='bbox 726 2795 767 2856; x_wconf 73' lang='lat' dir='ltr'><strong>ta</strong></span> <span class='ocrx_word' id='word_1_214' title='bbox 791 2789 871 2877; x_wconf 88' lang='lat' dir='ltr'><strong>(seo.</strong></span> <span class='ocrx_word' id='word_1_215' title='bbox 899 2792 992 2879; x_wconf 77' lang='lat' dir='ltr'><strong>ixx&gt;</strong></span> <span class='ocrx_word' id='word_1_216' title='bbox 1019 2791 1153 2857; x_wconf 90' lang='lat' dir='ltr'><strong>coelum</strong></span> <span class='ocrx_word' id='word_1_217' title='bbox 1178 2796 1211 2857; x_wconf 89' lang='lat' dir='ltr'><strong>et</strong></span> <span class='ocrx_word' id='word_1_218' title='bbox 1230 2794 1358 2856; x_wconf 87' lang='lat' dir='ltr'><strong>terram</strong></span> <span class='ocrx_word' id='word_1_219' title='bbox 1378 2791 1428 2858; x_wconf 88' lang='lat' dir='ltr'><strong>ad</strong></span> <span class='ocrx_word' id='word_1_220' title='bbox 1448 2792 1505 2859; x_wconf 91' lang='lat' dir='ltr'><strong>iu-</strong></span> 
     </span>
     <span class='ocr_line' id='line_1_25' title="bbox 178 2897 484 2986; baseline 0 -25"><span class='ocrx_word' id='word_1_221' title='bbox 178 2897 286 2963; x_wconf 91' lang='lat' dir='ltr'><strong>bilum</strong></span> <span class='ocrx_word' id='word_1_222' title='bbox 312 2902 484 2986; x_wconf 84' lang='lat' dir='ltr'><strong>provocat.</strong></span> 
     </span>
    </p>
   </div>
   <div class='ocr_carea' id='block_1_3' title="bbox 572 3062 1096 3151">
    <p class='ocr_par' dir='ltr' id='par_1_4' title="bbox 572 3062 1096 3151">
     <span class='ocr_line' id='line_1_26' title="bbox 572 3062 1096 3151; baseline 0.006 -25"><span class='ocrx_word' id='word_1_223' title='bbox 572 3071 601 3127; x_wconf 87' lang='lat' dir='ltr'><strong>l.</strong></span> <span class='ocrx_word' id='word_1_224' title='bbox 629 3062 777 3151; x_wconf 80' lang='lat' dir='ltr'><strong>Stroplm</strong></span> <span class='ocrx_word' id='word_1_225' title='bbox 804 3083 810 3128; x_wconf 92' lang='lat'>:</span> <span class='ocrx_word' id='word_1_226' title='bbox 839 3062 958 3130; x_wconf 77' lang='lat' dir='ltr'><strong>lcrudes</strong></span> <span class='ocrx_word' id='word_1_227' title='bbox 982 3063 1096 3129; x_wconf 80' lang='lat' dir='ltr'><strong>labra.</strong></span> 
     </span>
    </p>
   </div>
   <div class='ocr_carea' id='block_1_4' title="bbox 197 3234 1430 3743">
    <p class='ocr_par' dir='ltr' id='par_1_5' title="bbox 197 3234 1430 3743">
     <span class='ocr_line' id='line_1_27' title="bbox 197 3234 1342 3298; baseline 0.002 -14"><span class='ocrx_word' id='word_1_228' title='bbox 197 3237 206 3284; x_wconf 94' lang='lat' dir='ltr'><strong>i</strong></span> <span class='ocrx_word' id='word_1_229' title='bbox 228 3250 254 3284; x_wconf 83' lang='lat' dir='ltr'><strong>r.</strong></span> <span class='ocrx_word' id='word_1_230' title='bbox 275 3235 284 3284; x_wconf 90' lang='lat' dir='ltr'><strong>i</strong></span> <span class='ocrx_word' id='word_1_231' title='bbox 304 3234 405 3285; x_wconf 82' lang='lat' dir='ltr'><strong>Audite</strong></span> <span class='ocrx_word' id='word_1_232' title='bbox 419 3235 500 3292; x_wconf 88' lang='lat' dir='ltr'><strong>coeli,</strong></span> <span class='ocrx_word' id='word_1_233' title='bbox 517 3247 588 3298; x_wconf 88' lang='lat' dir='ltr'><strong>quae</strong></span> <span class='ocrx_word' id='word_1_234' title='bbox 604 3235 712 3297; x_wconf 86' lang='lat' dir='ltr'><strong>loquor,</strong></span> <span class='ocrx_word' id='word_1_235' title='bbox 868 3235 1005 3284; x_wconf 87' lang='lat' dir='ltr'><strong>auscultet</strong></span> <span class='ocrx_word' id='word_1_236' title='bbox 1017 3241 1091 3285; x_wconf 84' lang='lat' dir='ltr'><strong>terra</strong></span> <span class='ocrx_word' id='word_1_237' title='bbox 1106 3238 1191 3286; x_wconf 85' lang='lat' dir='ltr'><strong>rerba</strong></span> <span class='ocrx_word' id='word_1_238' title='bbox 1206 3239 1262 3287; x_wconf 91' lang='lat' dir='ltr'><strong>oris</strong></span> <span class='ocrx_word' id='word_1_239' title='bbox 1277 3239 1342 3287; x_wconf 92' lang='lat' dir='ltr'><strong>mei.</strong></span> 
     </span>
     <span class='ocr_line' id='line_1_28' title="bbox 227 3323 1430 3389; baseline 0.005 -17"><span class='ocrx_word' id='word_1_240' title='bbox 227 3338 253 3373; x_wconf 82' lang='lat' dir='ltr'><strong>r.</strong></span> <span class='ocrx_word' id='word_1_241' title='bbox 271 3325 286 3372; x_wconf 71' lang='lat'><strong>‘2</strong></span> <span class='ocrx_word' id='word_1_242' title='bbox 303 3323 382 3372; x_wconf 83' lang='lat' dir='ltr'><strong>Fluat</strong></span> <span class='ocrx_word' id='word_1_243' title='bbox 393 3324 482 3372; x_wconf 86' lang='lat' dir='ltr'><strong>instar</strong></span> <span class='ocrx_word' id='word_1_244' title='bbox 490 3323 602 3386; x_wconf 87' lang='lat' dir='ltr'><strong>pluviae</strong></span> <span class='ocrx_word' id='word_1_245' title='bbox 610 3323 813 3385; x_wconf 87' lang='lat' dir='ltr'><strong>doctrinamea,</strong></span> <span class='ocrx_word' id='word_1_246' title='bbox 868 3324 955 3373; x_wconf 84' lang='lat' dir='ltr'><strong>stillet</strong></span> <span class='ocrx_word' id='word_1_247' title='bbox 969 3325 1058 3374; x_wconf 88' lang='lat' dir='ltr'><strong>instar</strong></span> <span class='ocrx_word' id='word_1_248' title='bbox 1074 3328 1144 3374; x_wconf 87' lang='lat' dir='ltr'><strong>roris</strong></span> <span class='ocrx_word' id='word_1_249' title='bbox 1160 3326 1302 3389; x_wconf 81' lang='lat' dir='ltr'><strong>eloquium</strong></span> <span class='ocrx_word' id='word_1_250' title='bbox 1318 3338 1430 3389; x_wconf 90' lang='lat' dir='ltr'><strong>meum,</strong></span> 
     </span>
     <span class='ocr_line' id='line_1_29' title="bbox 301 3412 1367 3477; baseline 0.005 -16"><span class='ocrx_word' id='word_1_251' title='bbox 301 3413 394 3462; x_wconf 85' lang='lat' dir='ltr'><strong>instar</strong></span> <span class='ocrx_word' id='word_1_252' title='bbox 408 3412 504 3461; x_wconf 89' lang='lat' dir='ltr'><strong>imbris</strong></span> <span class='ocrx_word' id='word_1_253' title='bbox 519 3425 604 3475; x_wconf 89' lang='lat' dir='ltr'><strong>super</strong></span> <span class='ocrx_word' id='word_1_254' title='bbox 618 3413 747 3472; x_wconf 82' lang='lat' dir='ltr'><strong>viretum,</strong></span> <span class='ocrx_word' id='word_1_255' title='bbox 868 3414 957 3462; x_wconf 86' lang='lat' dir='ltr'><strong>instar</strong></span> <span class='ocrx_word' id='word_1_256' title='bbox 970 3414 1112 3476; x_wconf 84' lang='lat' dir='ltr'><strong>guttarum</strong></span> <span class='ocrx_word' id='word_1_257' title='bbox 1127 3427 1212 3477; x_wconf 86' lang='lat' dir='ltr'><strong>super</strong></span> <span class='ocrx_word' id='word_1_258' title='bbox 1227 3415 1367 3476; x_wconf 77' lang='lat' dir='ltr'><strong>gramina.</strong></span> 
     </span>
     <span class='ocr_line' id='line_1_30' title="bbox 227 3501 1380 3564; baseline 0.004 -15"><span class='ocrx_word' id='word_1_259' title='bbox 227 3517 251 3550; x_wconf 81' lang='lat' dir='ltr'><strong>r.</strong></span> <span class='ocrx_word' id='word_1_260' title='bbox 271 3505 284 3551; x_wconf 78' lang='lat' dir='ltr'><strong>:t</strong></span> <span class='ocrx_word' id='word_1_261' title='bbox 302 3502 411 3551; x_wconf 80' lang='lat' dir='ltr'><strong>Etenim</strong></span> <span class='ocrx_word' id='word_1_262' title='bbox 427 3514 530 3551; x_wconf 88' lang='lat' dir='ltr'><strong>nomen</strong></span> <span class='ocrx_word' id='word_1_263' title='bbox 542 3501 627 3550; x_wconf 87' lang='lat' dir='ltr'><strong>lahre</strong></span> <span class='ocrx_word' id='word_1_264' title='bbox 643 3502 813 3563; x_wconf 85' lang='lat' dir='ltr'><strong>pronuntio:</strong></span> <span class='ocrx_word' id='word_1_265' title='bbox 869 3501 932 3550; x_wconf 86' lang='lat' dir='ltr'><strong>date</strong></span> <span class='ocrx_word' id='word_1_266' title='bbox 946 3501 1182 3564; x_wconf 83' lang='lat' dir='ltr'><strong>magnificentiam</strong></span> <span class='ocrx_word' id='word_1_267' title='bbox 1199 3504 1257 3552; x_wconf 88' lang='lat' dir='ltr'><strong>Deo</strong></span> <span class='ocrx_word' id='word_1_268' title='bbox 1270 3509 1380 3554; x_wconf 86' lang='lat' dir='ltr'><strong>nostro.</strong></span> 
     </span>
     <span class='ocr_line' id='line_1_31' title="bbox 226 3590 1325 3653; baseline 0.003 -15"><span class='ocrx_word' id='word_1_269' title='bbox 226 3605 253 3638; x_wconf 87' lang='lat' dir='ltr'><strong>r.</strong></span> <span class='ocrx_word' id='word_1_270' title='bbox 272 3591 284 3639; x_wconf 85' lang='lat' dir='ltr'><strong>l</strong></span> <span class='ocrx_word' id='word_1_271' title='bbox 303 3591 386 3640; x_wconf 84' lang='lat' dir='ltr'><strong>Petra</strong></span> <span class='ocrx_word' id='word_1_272' title='bbox 399 3618 431 3625; x_wconf 95' lang='lat'><em>-</em></span> <span class='ocrx_word' id='word_1_273' title='bbox 442 3590 596 3653; x_wconf 83' lang='lat' dir='ltr'><strong>perlectum</strong></span> <span class='ocrx_word' id='word_1_274' title='bbox 611 3595 654 3639; x_wconf 86' lang='lat' dir='ltr'><strong>est</strong></span> <span class='ocrx_word' id='word_1_275' title='bbox 664 3603 734 3652; x_wconf 87' lang='lat' dir='ltr'><strong>opus</strong></span> <span class='ocrx_word' id='word_1_276' title='bbox 745 3591 814 3645; x_wconf 82' lang='lat' dir='ltr'><strong>eius,</strong></span> <span class='ocrx_word' id='word_1_277' title='bbox 870 3592 897 3639; x_wconf 87' lang='lat' dir='ltr'><strong>ct</strong></span> <span class='ocrx_word' id='word_1_278' title='bbox 912 3603 1010 3641; x_wconf 90' lang='lat' dir='ltr'><strong>omncs</strong></span> <span class='ocrx_word' id='word_1_279' title='bbox 1025 3593 1086 3640; x_wconf 88' lang='lat' dir='ltr'><strong>riae</strong></span> <span class='ocrx_word' id='word_1_280' title='bbox 1101 3593 1162 3641; x_wconf 92' lang='lat' dir='ltr'><strong>eius</strong></span> <span class='ocrx_word' id='word_1_281' title='bbox 1177 3592 1325 3649; x_wconf 87' lang='lat' dir='ltr'><strong>iudicium;</strong></span> 
     </span>
     <span class='ocr_line' id='line_1_32' title="bbox 303 3677 1195 3743; baseline 0.001 -16"><span class='ocrx_word' id='word_1_282' title='bbox 303 3680 378 3727; x_wconf 84' lang='lat' dir='ltr'><strong>Deus</strong></span> <span class='ocrx_word' id='word_1_283' title='bbox 393 3677 493 3738; x_wconf 80' lang='lat' dir='ltr'><strong>fidelia,</strong></span> <span class='ocrx_word' id='word_1_284' title='bbox 509 3678 694 3740; x_wconf 86' lang='lat' dir='ltr'><strong>improbitatis</strong></span> <span class='ocrx_word' id='word_1_285' title='bbox 705 3691 814 3741; x_wconf 81' lang='lat' dir='ltr'><strong>expers,</strong></span> <span class='ocrx_word' id='word_1_286' title='bbox 870 3680 963 3728; x_wconf 87' lang='lat' dir='ltr'><strong>iustus</strong></span> <span class='ocrx_word' id='word_1_287' title='bbox 975 3682 1002 3728; x_wconf 88' lang='lat' dir='ltr'><strong>et</strong></span> <span class='ocrx_word' id='word_1_288' title='bbox 1017 3683 1109 3729; x_wconf 82' lang='lat' dir='ltr'><strong>rectus</strong></span> <span class='ocrx_word' id='word_1_289' title='bbox 1125 3681 1195 3743; x_wconf 88' lang='lat' dir='ltr'><strong>ipsc.</strong></span> 
     </span>
    </p>
   </div>
   <div class='ocr_carea' id='block_1_5' title="bbox 498 3841 1160 3931">
    <p class='ocr_par' dir='ltr' id='par_1_6' title="bbox 498 3841 1160 3931">
     <span class='ocr_line' id='line_1_33' title="bbox 498 3841 1160 3931; baseline 0.005 -24"><span class='ocrx_word' id='word_1_290' title='bbox 498 3849 529 3908; x_wconf 88' lang='lat'><strong>1.</strong></span> <span class='ocrx_word' id='word_1_291' title='bbox 556 3841 779 3931; x_wconf 65' lang='lat' dir='ltr'><strong>rlrrtistropleu</strong></span> <span class='ocrx_word' id='word_1_292' title='bbox 807 3863 813 3906; x_wconf 93' lang='lat'>:</span> <span class='ocrx_word' id='word_1_293' title='bbox 840 3842 978 3908; x_wconf 78' lang='lat' dir='ltr'><strong>Israelis</strong></span> <span class='ocrx_word' id='word_1_294' title='bbox 1002 3841 1160 3930; x_wconf 74' lang='lat' dir='ltr'><strong>desectio.</strong></span> 
     </span>
    </p>
   </div>
   <div class='ocr_carea' id='block_1_6' title="bbox 177 4013 1502 4784">
    <p class='ocr_par' dir='ltr' id='par_1_7' title="bbox 177 4013 1502 4784">
     <span class='ocr_line' id='line_1_34' title="bbox 177 4013 816 4065; baseline -0.005 0"><span class='ocrx_word' id='word_1_295' title='bbox 177 4016 201 4065; x_wconf 92' lang='lat' dir='ltr'><strong>ll</strong></span> <span class='ocrx_word' id='word_1_296' title='bbox 220 4031 244 4064; x_wconf 83' lang='lat' dir='ltr'><strong>v.</strong></span> <span class='ocrx_word' id='word_1_297' title='bbox 263 4017 276 4065; x_wconf 82' lang='lat'><strong>5</strong></span> <span class='ocrx_word' id='word_1_298' title='bbox 295 4016 482 4065; x_wconf 79' lang='lat' dir='ltr'><strong>l&#39;raernrioati</strong></span> <span class='ocrx_word' id='word_1_299' title='bbox 496 4020 563 4065; x_wconf 86' lang='lat' dir='ltr'><strong>sunt</strong></span> <span class='ocrx_word' id='word_1_300' title='bbox 576 4017 604 4062; x_wconf 93' lang='lat' dir='ltr'><strong>in</strong></span> <span class='ocrx_word' id='word_1_301' title='bbox 619 4027 682 4065; x_wconf 86' lang='lat' dir='ltr'><strong>eum</strong></span> <span class='ocrx_word' id='word_1_302' title='bbox 698 4013 816 4063; x_wconf 84' lang='lat' dir='ltr'><strong>non-filii</strong></span> 
     </span>
     <span class='ocr_line' id='line_1_35' title="bbox 542 4103 1313 4168; baseline 0.001 -15"><span class='ocrx_word' id='word_1_303' title='bbox 542 4105 611 4162; x_wconf 86' lang='lat' dir='ltr'><strong>eius,</strong></span> <span class='ocrx_word' id='word_1_304' title='bbox 630 4103 740 4151; x_wconf 81' lang='lat' dir='ltr'><strong>ruaruIa</strong></span> <span class='ocrx_word' id='word_1_305' title='bbox 754 4116 815 4163; x_wconf 85' lang='lat' dir='ltr'><strong>sua,</strong></span> <span class='ocrx_word' id='word_1_306' title='bbox 869 4105 1013 4165; x_wconf 77' lang='lat' dir='ltr'><strong>generatio</strong></span> <span class='ocrx_word' id='word_1_307' title='bbox 1028 4117 1112 4166; x_wconf 85' lang='lat' dir='ltr'><strong>prava</strong></span> <span class='ocrx_word' id='word_1_308' title='bbox 1129 4108 1156 4155; x_wconf 87' lang='lat' dir='ltr'><strong>et</strong></span> <span class='ocrx_word' id='word_1_309' title='bbox 1171 4119 1313 4168; x_wconf 87' lang='lat' dir='ltr'><strong>perversa.</strong></span> 
     </span>
     <span class='ocr_line' id='line_1_36' title="bbox 225 4192 1333 4258; baseline 0.003 -19"><span class='ocrx_word' id='word_1_310' title='bbox 225 4205 251 4239; x_wconf 77' lang='lat' dir='ltr'><strong>v.</strong></span> <span class='ocrx_word' id='word_1_311' title='bbox 269 4193 283 4239; x_wconf 79' lang='lat' dir='ltr'>G</span> <span class='ocrx_word' id='word_1_312' title='bbox 301 4194 440 4242; x_wconf 85' lang='lat' dir='ltr'><strong>Haeccine</strong></span> <span class='ocrx_word' id='word_1_313' title='bbox 455 4192 549 4242; x_wconf 82' lang='lat' dir='ltr'><strong>reddis</strong></span> <span class='ocrx_word' id='word_1_314' title='bbox 564 4192 658 4247; x_wconf 79' lang='lat' dir='ltr'><strong>lehre,</strong></span> <span class='ocrx_word' id='word_1_315' title='bbox 869 4193 972 4254; x_wconf 86' lang='lat' dir='ltr'><strong>popule</strong></span> <span class='ocrx_word' id='word_1_316' title='bbox 987 4194 1072 4243; x_wconf 87' lang='lat' dir='ltr'><strong>stulte</strong></span> <span class='ocrx_word' id='word_1_317' title='bbox 1087 4199 1114 4243; x_wconf 85' lang='lat' dir='ltr'><strong>ct</strong></span> <span class='ocrx_word' id='word_1_318' title='bbox 1130 4196 1333 4258; x_wconf 83' lang='lat' dir='ltr'><strong>non-sapiens?</strong></span> 
     </span>
     <span class='ocr_line' id='line_1_37' title="bbox 302 4281 816 4344; baseline 0.002 -17"><span class='ocrx_word' id='word_1_319' title='bbox 302 4281 402 4329; x_wconf 81' lang='lat' dir='ltr'><strong>Nonne</strong></span> <span class='ocrx_word' id='word_1_320' title='bbox 426 4283 485 4344; x_wconf 88' lang='lat' dir='ltr'><strong>ipsc</strong></span> <span class='ocrx_word' id='word_1_321' title='bbox 510 4283 552 4330; x_wconf 84' lang='lat' dir='ltr'><strong>est</strong></span> <span class='ocrx_word' id='word_1_322' title='bbox 575 4286 656 4344; x_wconf 87' lang='lat' dir='ltr'><strong>pater</strong></span> <span class='ocrx_word' id='word_1_323' title='bbox 676 4287 750 4338; x_wconf 85' lang='lat' dir='ltr'><strong>tuus,</strong></span> <span class='ocrx_word' id='word_1_324' title='bbox 768 4281 816 4343; x_wconf 78' lang='lat' dir='ltr'><strong>qiu</strong></span> 
     </span>
     <span class='ocr_line' id='line_1_38' title="bbox 665 4369 1409 4435; baseline 0.007 -17"><span class='ocrx_word' id='word_1_325' title='bbox 665 4370 761 4432; x_wconf 83' lang='lat' dir='ltr'><strong>genuit</strong></span> <span class='ocrx_word' id='word_1_326' title='bbox 777 4375 814 4428; x_wconf 81' lang='lat' dir='ltr'><strong>te,</strong></span> <span class='ocrx_word' id='word_1_327' title='bbox 869 4370 928 4431; x_wconf 86' lang='lat' dir='ltr'><strong>ipse</strong></span> <span class='ocrx_word' id='word_1_328' title='bbox 943 4369 1031 4419; x_wconf 84' lang='lat' dir='ltr'><strong>lactor</strong></span> <span class='ocrx_word' id='word_1_329' title='bbox 1047 4376 1120 4430; x_wconf 76' lang='lat' dir='ltr'><strong>liius,</strong></span> <span class='ocrx_word' id='word_1_330' title='bbox 1135 4373 1183 4435; x_wconf 89' lang='lat' dir='ltr'><strong>qui</strong></span> <span class='ocrx_word' id='word_1_331' title='bbox 1196 4373 1345 4422; x_wconf 85' lang='lat' dir='ltr'><strong>conservat</strong></span> <span class='ocrx_word' id='word_1_332' title='bbox 1362 4376 1409 4425; x_wconf 82' lang='lat' dir='ltr'><strong>tet</strong></span> 
     </span>
     <span class='ocr_line' id='line_1_39' title="bbox 229 4455 1502 4528; baseline 0.01 -22"><span class='ocrx_word' id='word_1_333' title='bbox 229 4470 254 4506; x_wconf 85' lang='lat' dir='ltr'><strong>r.</strong></span> <span class='ocrx_word' id='word_1_334' title='bbox 273 4456 287 4506; x_wconf 77' lang='lat'><strong>7</strong></span> <span class='ocrx_word' id='word_1_335' title='bbox 303 4456 441 4507; x_wconf 86' lang='lat' dir='ltr'><strong>Memento</strong></span> <span class='ocrx_word' id='word_1_336' title='bbox 456 4455 563 4506; x_wconf 87' lang='lat' dir='ltr'><strong>dierum</strong></span> <span class='ocrx_word' id='word_1_337' title='bbox 578 4460 649 4517; x_wconf 80' lang='lat' dir='ltr'><strong>aeri,</strong></span> <span class='ocrx_word' id='word_1_338' title='bbox 868 4458 1008 4521; x_wconf 83' lang='lat' dir='ltr'><strong>perpende</strong></span> <span class='ocrx_word' id='word_1_339' title='bbox 1023 4473 1112 4510; x_wconf 84' lang='lat' dir='ltr'><strong>annos</strong></span> <span class='ocrx_word' id='word_1_340' title='bbox 1128 4473 1144 4510; x_wconf 88' lang='lat' dir='ltr'><strong>a</strong></span> <span class='ocrx_word' id='word_1_341' title='bbox 1159 4462 1340 4523; x_wconf 79' lang='lat' dir='ltr'><strong>generatione</strong></span> <span class='ocrx_word' id='word_1_342' title='bbox 1355 4462 1393 4512; x_wconf 87' lang='lat' dir='ltr'><strong>ad</strong></span> <span class='ocrx_word' id='word_1_343' title='bbox 1408 4477 1502 4528; x_wconf 83' lang='lat' dir='ltr'><strong>gene-</strong></span> 
     </span>
     <span class='ocr_line' id='line_1_40' title="bbox 1334 4553 1501 4619; baseline 0.048 -20"><span class='ocrx_word' id='word_1_344' title='bbox 1334 4553 1501 4619; x_wconf 63' lang='lat' dir='ltr'><strong>rationem</strong></span> 
     </span>
     <span class='ocr_line' id='line_1_41' title="bbox 301 4635 815 4702; baseline -0.008 -15"><span class='ocrx_word' id='word_1_345' title='bbox 301 4638 448 4699; x_wconf 85' lang='lat' dir='ltr'><strong>interroga</strong></span> <span class='ocrx_word' id='word_1_346' title='bbox 466 4640 574 4702; x_wconf 82' lang='lat' dir='ltr'><strong>patrem</strong></span> <span class='ocrx_word' id='word_1_347' title='bbox 597 4642 673 4685; x_wconf 86' lang='lat' dir='ltr'><strong>tuum</strong></span> <span class='ocrx_word' id='word_1_348' title='bbox 695 4640 722 4683; x_wconf 85' lang='lat' dir='ltr'><strong>rt</strong></span> <span class='ocrx_word' id='word_1_349' title='bbox 742 4635 815 4683; x_wconf 74' lang='lat' dir='ltr'><strong>iurii-</strong></span> 
     </span>
     <span class='ocr_line' id='line_1_42' title="bbox 660 4723 1253 4784; baseline 0.003 -10"><span class='ocrx_word' id='word_1_350' title='bbox 660 4723 734 4774; x_wconf 85' lang='lat' dir='ltr'><strong>cabit</strong></span> <span class='ocrx_word' id='word_1_351' title='bbox 754 4723 813 4784; x_wconf 79' lang='lat' dir='ltr'><strong>tihi,</strong></span> <span class='ocrx_word' id='word_1_352' title='bbox 868 4737 950 4775; x_wconf 85' lang='lat' dir='ltr'><strong>senes</strong></span> <span class='ocrx_word' id='word_1_353' title='bbox 967 4732 1028 4775; x_wconf 87' lang='lat' dir='ltr'><strong>tuos</strong></span> <span class='ocrx_word' id='word_1_354' title='bbox 1043 4729 1069 4775; x_wconf 90' lang='lat' dir='ltr'><strong>ct</strong></span> <span class='ocrx_word' id='word_1_355' title='bbox 1085 4726 1177 4777; x_wconf 82' lang='lat' dir='ltr'><strong>dicent</strong></span> <span class='ocrx_word' id='word_1_356' title='bbox 1193 4728 1253 4776; x_wconf 84' lang='lat' dir='ltr'><strong>tibi.</strong></span> 
     </span>
    </p>
   </div>
   <div class='ocr_carea' id='block_1_7' title="bbox 0 0 1688 5346">
    <p class='ocr_par' dir='ltr' id='par_1_8' title="bbox 0 0 1688 5346">
     <span class='ocr_line' id='line_1_43' title="bbox 0 0 1688 5346; baseline 0 4"><span class='ocrx_word' id='word_1_357' title='bbox 0 0 1688 5346; x_wconf 95' lang='lat' dir='ltr'><strong> </strong></span> 
     </span>
    </p>
   </div>
  </div>
 </body>
</html>
