3366 5346
236 287 294 346 108
387 248 403 284 ’
714 300 824 344 enarro
847 298 950 343 10111
971 298 1072 342 ratur.

236 437 339 506 cludi.
364 441 458 503 llunc
476 442 591 501 autern
610 456 681 500 csse
701 433 795 499 illius
813 431 1038 521 appositionis
1056 454 1204 515 sensum,
1223 434 1347 522 probat
1367 433 1558 524 11111111-

235 545 359 635 positio
377 543 517 609 vocibus
533 564 638 631 nsque
661 539 708 606 ad
730 539 852 606 vetlem
876 542 994 605 Arnon
1014 539 1187 628 adscripta
1211 561 1217 607 :
1240 539 1390 606 medinm
1405 540 1507 607 callis
1524 555 1560 608 et

236 651 412 731 terminas,
427 651 464 716 in
480 671 546 738 qna
562 648 684 714 melius
697 669 773 715 cuni
793 648 885 712 LXX
896 647 1031 712 omittes
1043 645 1215 735 copulam,
1234 648 1330 712 cuins
1344 669 1440 713 secus
1453 648 1558 716 valde

234 758 385 825 insuetus
402 758 438 822 b.
461 756 483 822 l.
503 778 581 821 usus
596 761 683 820 essct
699 752 938 819 adstruentes.
957 758 1025 834 Se,
1040 775 1082 819 ne
1102 754 1211 819 errori
1226 760 1313 819 esset
1326 753 1431 836 loeus,
1447 760 1557 822 totam

234 886 309 930 eam
332 863 454 928 vallem
478 862 649 949 pertinere
674 859 718 926 ad
737 858 908 941 Moabitas,
927 859 977 927 uti
999 865 1104 925 totam
1128 859 1252 925 vallem
1280 859 1380 926 leboc
1404 860 1447 926 ad
1471 868 1557 928 ltm-

235 970 391 1048 monitas‚
410 968 582 1056 adscripta
596 973 646 1033 est
660 965 721 1031 illa
736 965 906 1054 appositio
927 985 935 1033 :
956 976 1087 1031 torrens
1105 973 1178 1032 erat
1195 965 1380 1049 terminus,
1398 967 1454 1033 sed
1470 968 1557 1057 quin

234 1076 354 1144 eedem
379 1097 443 1141 vox
465 1063 519 1137 bn:
541 1079 724 1140 torrentem
745 1073 905 1160 exprimit
925 1078 958 1138 et
981 1072 1116 1155 sallem,
1136 1072 1438 1140 circumlocutione
1466 1097 1556 1163 opus

236 1183 312 1250 1111.
1189 1183 1194 1193 “

281 1294 319 1356 m
339 1289 422 1354 liaeo
444 1287 584 1376 quidem
603 1284 717 1374 quoad
743 1284 889 1350 limitem
909 1284 1113 1368 australem,
1135 1284 1336 1353 orientalem
1357 1308 1364 1355 :
1382 1287 1554 1354 definien-

237 1397 301 1462 dus
328 1399 481 1484 superest
512 1394 608 1458 limes
637 1390 859 1459 occidentalis
881 1414 914 1458 v.
941 1398 1011 1458 17:
1042 1420 1057 1451 a
1086 1404 1118 1457 et
1140 1391 1327 1481 planitiem
1356 1392 1555 1460 solitudinis

154 1562 160 1576 ,
237 1516 340 1592 otone
362 1499 554 1581 Iordanem,
579 1511 611 1565 et
635 1497 797 1563 terminos
822 1497 983 1565 Ceneredi
1003 1518 1108 1586 nsque
1128 1500 1176 1564 nd
1189 1521 1283 1565 mare
1306 1498 1442 1581 deserti,
1458 1499 1556 1590 qnod

238 1622 285 1675 est
308 1607 543 1685 salsissimam,
559 1605 607 1671 ad
622 1603 756 1670 radices
769 1603 893 1669 irroratis
910 1602 1048 1691 Pitaspu
1066 1632 1081 1664 »
1100 1605 1155 1693 (cl.
1178 1610 1276 1673 Num.
1298 1613 1411 1689 11,1(1;
1433 1608 1552 1695 nsit)

239 1744 253 1776 a
273 1727 393 1781 contro
406 1711 569 1778 orientem
592 1738 622 1776 a.
643 1715 697 1777 Est
716 1731 799 1795 ergo
819 1711 933 1776 Araba
952 1722 983 1775 et
1003 1708 1161 1777 Iordanis
1178 1712 1354 1792 termirins,
1375 1712 1553 1800 depressio

238 1819 390 1888 iordanis
412 1817 581 1907 usquead
601 1818 713 1906 ipsum
728 1817 867 1897 flumen,
886 1839 906 1882 a
926 1820 1018 1883 Lacu
1039 1818 1245 1885 Genesoredi
1268 1840 1372 1908 usqne
1393 1818 1441 1884 ad
1454 1821 1553 1885 Mare

235 1930 380 2008 Arabae,
399 1947 493 1992 mare
505 1923 654 2005 salsura,
671 1924 695 1989 i.
719 1945 749 1988 e.
768 1927 855 1989 11111
875 1927 1054 2006 Mortuum,
1073 1923 1133 1992 ubi
1149 1925 1237 1992 illud
1256 1928 1416 1992 orientem
1437 1949 1553 1991 oerstts

188 2023 190 2026 ’
236 2035 341 2101 habet
359 2032 491 2099 radices
508 2030 634 2097 neentis
654 2029 802 2119 Piraspo.
827 2033 915 2115 Ergo
932 2029 1073 2096 (inditae
1095 2031 1357 2121 interponentur
1376 2033 1466 2099 inter
1484 2037 1553 2098 lla-

77 2120 85 2133 .
132 2205 139 2216 ,
236 2163 393 2208 nnssaeos
406 2136 697 2206 transiordanieos
711 2142 744 2202 et
762 2134 874 2201 tribus
889 2136 1149 2221 cisiordnnicas,
1167 2137 1205 2204 hi
1219 2141 1401 2205 llanassaei
1417 2138 1553 2228 penitus

237 2246 490 2335 separabuntur
510 2242 679 2331 imprimis
697 2241 741 2308 nb
767 2241 929 2329 Ephraim
948 2249 981 2308 et
996 2245 1194 2311 llanassaeis
1214 2244 1459 2311 eisiordanicis
1483 2245 1553 2311 nd·

238 2359 342 2429 verte,
361 2355 421 2415 los.
446 2354 545 2429 1:3‚23
566 2335 954 2414 ltubenitis'eonecssum
975 2371 1044 2415 esse
1065 2350 1246 2417 Iordanem
1267 2351 1463 2419 terminum.
1481 2352 1553 2418 Soli

238 2454 551 2523 etransiordanicis
573 2453 752 2519 Manassaei
773 2475 794 2518 a
814 2453 955 2520 llumine
975 2455 1299 2543 praecludebantur,
1317 2460 1413 2524 onius
1434 2466 1552 2524 tamen

237 2563 369 2631 aleboc
382 2562 426 2628 ad
447 2566 568 2627 lacum
582 2560 787 2626 tlcnosereth
808 2565 954 2645 angusta
968 2561 1066 2628 vallis
1080 2563 1187 2629 veluti
1206 2563 1251 2628 ab
1268 2563 1341 2652 ipsa
1360 2572 1482 2631 natura
1504 2566 1552 2630 vi·

235 2672 374 2738 deretur
389 2667 531 2735 attribui
549 2667 601 2749 iis,
620 2666 679 2756 qni
696 2665 931 2733 Galaaditiden
947 2668 1246 2757 septentrionalem
1263 2670 1465 2737 obtinerent.
1488 2673 1551 2739 Vo-

237 2779 325 2845 lebat
345 2775 452 2862 igitnr
472 2780 597 2860 tleyses
613 2777 819 2839 Manassaeos
837 2773 914 2839 11101
934 2777 1138 2842 constituere
1154 2776 1230 2843 loco
1245 2777 1415 2867 iniquiore
1432 2779 1552 2843 ceteris

234 2883 405 2963 tribubus
420 2880 556 2946 volebat
572 2902 630 2944 eos
644 2883 885 2966 permanenter
907 2902 1106 2968 separares
1128 2882 1260 2971 reliqua
1286 2882 1388 2950 domo
1411 2885 1548 2970 loseph3

234 3009 352 3056 corum
373 2986 583 3065 fortissimae,
609 2983 844 3065 ferocissimos,
869 2985 1000 3051 11111111
1019 2987 1198 3073 relegabat
1221 2989 1256 3054 in
1286 2988 1434 3076 regionis
1459 2993 1551 3055 truc-

234 3104 306 3162 tum
332 3090 607 3165 remotissimum,
628 3087 686 3153 nbi
708 3089 934 3176 exstirpandis
959 3092 1160 3177 gigantibus
1182 3095 1300 3161 utilem
1327 3116 1468 3184 operam
1490 3118 1551 3161 na-

234 3205 365 3278 varent,
383 3198 440 3263 sed
456 3195 540 3261 alios
555 3193 665 3259 tribus
680 3195 851 3261 concitare
867 3195 961 3261 houd
979 3198 1145 3266 valerent.

278 3305 328 3372 ild
348 3303 524 3393 sequentia
547 3301 591 3366 el.
615 3303 712 3367 Nom.
736 3307 837 3380 32,st
854 3323 905 3391 sq.
928 3308 1041 3370 10-11.
1060 3328 1091 3370 v.
1112 3312 1151 3373 18
1176 3336 1191 3365 a
1213 3308 1443 3398 Praecepiqne
1459 3309 1549 3374 cobz‘s

237 3414 273 3480 in
298 3426 448 3502 tempore
471 3407 531 3474 illo
552 3406 668 3474 dicens
687 3435 702 3468 »
724 3429 792 3476 ε-
807 3408 899 3475 vobis
921 3411 1067 3477 refertur
1086 3411 1131 3478 ad
1155 3413 1245 3480 solos
1262 3414 1549 3481 transierdanicos

187 3575 191 3583 .
240 3519 343 3605 (Gai.)
359 3557 403 3568 —
424 3544 440 3578 a
458 3515 625 3582 Dominus
640 3518 730 3581 Deus
749 3527 856 3580 cester
885 3513 946 3581 dot
971 3517 1063 3582 00111
1091 3521 1318 3587 terrentiano
1336 3522 1373 3587 in
1393 3520 1548 3588 111111111-

236 3639 338 3693 tatem
364 3653 378 3682 »
404 3644 411 3689 :
433 3661 476 3672 —
498 3622 588 3688 idem
609 3620 701 3710 qnod
723 3643 754 3686 v.
786 3627 829 3687 10
842 3621 1041 3711 posn'deant
1067 3664 1110 3674 —
1139 3654 1154 3686 «
1181 3626 1334 3716 expediti
1348 3628 1548 3717 praecedite

232 3734 361 3820 [ratres
377 3738 499 3792 rastros
519 3726 609 3813 filios
626 3727 732 3792 lsrael
749 3749 782 3809 »;
801 3731 835 3793 et
851 3728 886 3794 h.
904 3728 926 3795 1.
950 3728 1169 3815 adscribitur,
1187 3733 1279 3821 quod
1299 3734 1334 3799 in
1355 3738 1453 3801 Num.
1478 3755 1548 3801 non

235 3839 395 3915 habetur,
416 3861 432 3893 a
450 3855 564 3897 ornnes
582 3832 648 3897 riri
661 3833 791 3899 robnsti
811 3839 1068 3916 »;-101.11,1
1091 3859 1166 3928 sqq.
1184 3839 1370 3907 laudantur
1382 3842 1548 3908 transier-

235 3946 348 4013 denici
369 3942 407 4019 ii,
437 3939 590 4027 quicum
616 3943 709 4003 losue
730 3939 777 4004 eis
807 3939 934 4006 flumen
961 3951 1214 4030 pugnaverant,
1242 3968 1366 4035 easque
1396 3949 1547 4036 prolecto

232 4051 351 4118 laudes
370 4043 668 4136 promeritierant.
690 4045 785 4120 Quod
806 4047 1022 4115 ostendemus
1042 4049 1078 4115 in
1096 4054 1348 4118 Commentario
1361 4053 1398 4119 in
1418 4053 1547 4120 librum

233 4165 329 4226 losue
350 4191 393 4203 ·-
413 4175 444 4217 v.
475 4156 516 4216 19
540 4177 555 4207 o
584 4151 710 4238 absqne
730 4151 892 4217 nroribns
912 4166 945 4219 et
961 4157 1116 4243 parentis
1135 4170 1239 4248 atque
1260 4158 1419 4226 inicientis
1436 4183 1448 4226 .·
1467 4160 1549 4226 naci

232 4264 335 4345 enim,
352 4256 445 4349 qitod
455 4255 559 4346 pluro
577 4254 729 4321 habentis
743 4278 865 4334 pecora
873 4277 888 4342 ,·
901 4272 933 4325 et
950 4261 985 4328 in
999 4262 1137 4333 arbitris
1150 4287 1325 4333 remanere
1341 4267 1544 4353 [orbetana

234 4392 320 4460 orias
341 4362 472 4432 tradidi
491 4361 583 4430 cobis
600 4391 628 4443 i,
644 4385 677 4428 v.
700 4368 742 4428 10
764 4391 779 4425 a
803 4362 908 4432 dorice
928 4371 1078 4457 repedent
1099 4371 1225 4438 tribnat
1245 4373 1546 4463 Dominnssratri-

234 4481 295 4543 ints
310 4469 440 4551 vestris,
454 4466 543 4535 sicut
559 4470 650 4535 nobis
665 4468 799 4551 tribuit,
814 4485 847 4537 et
859 4475 1060 4561 possideant
1079 4477 1146 4565 ipsi
1163 4478 1267 4546 etiam
1285 4491 1426 4562 terram,
1442 4504 1548 4571 qnam

235 4585 378 4652 (intrares
400 4589 447 4645 est
467 4576 514 4643 eis
533 4588 627 4643 trans
644 4576 846 4663 Iordanem,·
865 4594 943 4649 tiinc
968 4595 1154 4650 revertetur
1173 4614 1188 4647 a
1211 4624 1255 4637 -
1274 4589 1491 4656 rerertcmini
1503 4629 1547 4639 —

236 4723 252 4757 a
284 4686 515 4777 tritasqnisqne
551 4685 584 4749 in
612 4685 862 4773 possessionem
892 4712 1129 4779 serenandam
1156 4692 1236 4759 <tati
1265 4695 1349 4761 eolis
1378 4726 1407 4763 a.
1431 4698 1546 4764 Finem
