3366 5346
575 1122 700 1170 Transitio
713 1128 738 1168 et
754 1120 881 1181 inscriptio
893 1120 964 1168 Deut.
981 1122 1050 1180 I,I·a'›.

195 1616 279 1700 Arp.
306 1648 350 1661 -
373 1614 531 1675 Constant
547 1609 632 1676 haec
658 1607 792 1675 duabus
813 1606 985 1697 partibus,
1004 1630 1036 1674 v.
1070 1614 1125 1675 1-3
1150 1614 1183 1675 ct
1210 1630 1243 1674 v.
1269 1613 1288 1674 l
1310 1630 1361 1698 sq.
1387 1613 1463 1676 Erat

150 1717 308 1806 primitus
328 1739 359 1782 v.
384 1721 438 1781 1-3
465 1716 691 1782 summarium
713 1714 818 1781 simul
844 1714 1082 1803 praecedentis
1112 1714 1194 1782 libri
1219 1719 1317 1782 Num.
1344 1737 1465 1783 narra-

151 1824 267 1903 tionis,
291 1829 325 1890 et
351 1822 506 1888 transitio
531 1820 576 1888 ad
600 1837 689 1905 eam,
717 1843 804 1910 quae
828 1842 964 1887 versum
992 1826 1011 1887 3
1037 1820 1235 1889 immediate
1260 1822 1462 1911 excipiebat,

151 1935 372 2013 :MAI-Medi
391 1927 620 1994 narrationem
645 1931 797 1994 actorum
824 1949 1003 2016 supremae
1027 1926 1097 1993 diei
1120 1931 1217 1993 ‘vitae
1240 1928 1371 2016 Moysis.
1399 1933 1465 1994 Re-

150 2036 306 2105 sumebat
325 2058 357 2101 v.
386 2042 401 2100 1
425 2056 476 2124 sq.
500 2032 789 2123 peregrinationis
807 2054 828 2099 a
847 2032 939 2100 Sinai
958 2033 1003 2100 ad
1021 2032 1200 2100 Iordanem
1223 2033 1342 2100 iteret
1361 2033 1466 2102 dura·

152 2145 297 2223 tionem,
325 2139 497 2230 adscripta
521 2162 553 2208 v.
583 2146 602 2206 3
627 2138 696 2220 die,
718 2161 786 2229 qua
809 2145 951 2226 Moyses,
973 2139 1086 2207 officio
1114 2138 1314 2208 mediatoris
1339 2142 1465 2207 Iahven

152 2250 239 2316 inter
254 2253 288 2314 et
299 2248 464 2337 populum
477 2247 580 2335 plene
593 2246 746 2327 Iunctus,
768 2243 859 2313 vitae
874 2245 1047 2312 valedixit.
1066 2245 1129 2314 Ubi
1144 2246 1362 2336 postmodum
1376 2249 1466 2327 inter

155 2363 208 2437 1,3
224 2362 257 2422 et
270 2361 370 2435 31‚1e
393 2353 632 2420 inserebantur
650 2351 819 2418 orationes
841 2353 976 2439 Moysis,
993 2352 1104 2419 visum
1122 2358 1171 2420 est
1189 2352 1359 2443 adscripto
1377 2377 1408 2423 v.
1431 2361 1464 2421 t.

154 2471 186 2528 5³¹
204 2460 393 2528 distinctius
416 2458 608 2526 describere
629 2458 767 2525 habitae
792 2458 915 2547 prioris
939 2459 1100 2526 orationis
1125 2465 1261 2549 tempus
1283 2467 1316 2527 et
1336 2461 1463 2543 locum,

153 2567 321 2657 imprimis
346 2589 413 2656 quo
442 2566 706 2652 intelligeretur,
734 2587 805 2630 non
831 2564 906 2653 ipso
933 2570 1084 2631 extremo
1106 2566 1195 2632 vitae
1220 2566 1294 2646 die,
1319 2567 1379 2632 scd
1406 2565 1467 2631 ali-

154 2673 292 2764 quando
305 2679 379 2763 post
394 2672 683 2739 Amorrhaeorum
695 2675 845 2756 stragem
860 2675 991 2757 Moysen
1003 2693 1078 2738 eam
1091 2672 1281 2738 orationem
1293 2671 1463 2738 habuisse.

198 2780 352 2847 Mandata
364 2783 536 2846 lla-Num.
553 2776 835 2867 proponebantur
855 2784 891 2842 ut
908 2779 1009 2843 rerba
1023 2775 1124 2844 Iadve
1134 2778 1201 2868 per‘
1211 2781 1352 2867 Moysen
1366 2780 1465 2867 sacta

155 2888 199 2977 (r.
219 2911 254 2977 p.
274 2893 316 2953 62
331 2906 407 2976 sqq.
425 2891 456 2952 et
471 2889 567 2951 Num.
591 2890 710 2966 36,13;
732 2888 812 2951 Lev,
835 2884 1022 2972 26,t5[t6];
1040 2887 1174 2973 anst),
1197 2907 1280 2971 ergo
1298 2884 1466 2952 secunda-

153 2994 204 3061 rio
219 2995 322 3060 etiam
340 2998 378 3059 ut
396 2990 498 3058 cerdo
512 2989 639 3080 Moysis
658 2996 835 3079 tamquam
850 2989 1047 3080 interpretis
1066 2996 1100 3059 et
1117 2991 1327 3058 mediatoris.
1345 3014 1378 3058 v.
1397 2999 1428 3058 1.
1447 2998 1465 3057 3

152 3099 238 3166 illud
258 3099 437 3167 enuntiare
451 3098 525 3164 vult
540 3096 697 3187 scriptor,
714 3095 877 3163 defecisse
895 3097 964 3163 iam
979 3119 1050 3163 non
1067 3097 1172 3165 verba
1191 3098 1292 3165 Iahve
1310 3098 1463 3187 quidem,

153 3228 240 3295 quae
269 3206 371 3272 etiam
398 3203 441 3272 ad
468 3209 562 3270 Iosue
589 3209 622 3270 et
643 3204 831 3292 prophetas
854 3202 1014 3293 deinceps
1045 3205 1134 3270 facta
1164 3211 1257 3284 sunt,
1280 3205 1339 3272 sed
1367 3208 1467 3271 cerba

154 3312 294 3403 Moysis,
321 3311 381 3402 qui
404 3309 603 3379 mediatoris
624 3309 737 3376 officio
768 3309 838 3375 iam
865 3309 968 3397 plene
996 3310 1131 3376 iunctus
1159 3310 1305 3377 moritur
1331 3330 1339 3376 :
1361 3333 1466 3399 quare

157 3443 188 3486 v.
213 3426 242 3486 1.
266 3427 284 3487 3
305 3419 423 3485 scribit
446 3420 547 3485 verbu
575 3415 716 3505 Moysis.
739 3418 823 3504 Cap.
846 3418 913 3483 Iv.
942 3422 956 3482 1
982 3444 997 3476 α
1026 3418 1116 3482 Haec
1136 3429 1218 3483 sunt
1239 3420 1351 3500 uerbo,
1381 3439 1467 3506 petae

158 3526 288 3591 torretes
308 3538 356 3592 est
380 3528 514 3614 Moyses
536 3518 736 3592 edomitam
760 3522 870 3589 Israel
894 3533 988 3588 trans
1009 3522 1204 3603 Iordanem,
1224 3523 1260 3588 ib
1280 3523 1468 3590 solitudine

157 3631 336 3719 carrzpestri
353 3645 472 3697 contra
490 3634 587 3697 Mare
605 3633 769 3710 Rubrum,
786 3629 876 3694 inter
892 3629 1033 3694 Pharon
1048 3642 1080 3694 ct
1099 3629 1249 3717 Ttoplel
1261 3644 1294 3696 et
1308 3630 1424 3697 Ladan
1435 3643 1469 3697 et

157 3737 341 3822 maseroth,
364 3736 423 3803 ubi
441 3738 521 3803 artri
538 3749 586 3803 est
604 3736 795 3827 plrudmum
820 3758 854 3811 »;
872 3757 930 3801 seu
952 3735 1140 3802 secundum
1159 3735 1262 3804 Hebe.
1286 3742 1465 3805 nostrum:

157 3858 251 3911 trans
271 3843 469 3928 Iordanem,
493 3843 529 3910 in
557 3843 686 3911 deserto
709 3842 767 3932 (ab
791 3843 921 3908 oriente
940 3841 1130 3909 Moabitidis
1154 3848 1187 3910 et
1211 3843 1407 3931 Seiritidis)‚
1433 3843 1469 3909 ira

156 3954 270 4018 Arabo
286 3963 405 4018 contra
420 3950 527 4041 Supd,
544 3950 634 4017 inter
648 3950 785 4016 Pleuron
808 3960 839 4014 et
859 3947 947 4015 inter
968 3948 1117 4038 Tltopdel
1130 3962 1162 4015 et
1181 3952 1298 4016 cabaa
1315 3964 1347 4017 ct
1363 3953 1469 4018 Hasc-

156 4060 232 4125 rotd
253 4071 283 4124 ct
305 4058 470 4125 Dr'zodcb.
489 4063 615 4126 Sensus
631 4056 817 4123 sententiae
842 4054 1029 4123 universim
1048 4056 1159 4124 clarus
1180 4063 1244 4138 est,
1267 4056 1347 4124 licet
1365 4080 1470 4146 quae-

160 4165 238 4233 dam
253 4188 353 4232 voces
366 4167 433 4232 sint
446 4165 622 4233 obscurae.
641 4160 926 4229 I'rumiorduuice
937 4163 1030 4229 idem
1043 4169 1092 4229 est
1104 4169 1242 4245 tractus,
1256 4169 1359 4253 atque
1369 4170 1469 4230 Mum.

75 4298 78 4303 ·
157 4279 256 4351 sals
274 4271 479 4362 celsipestrie
494 4273 597 4337 Medd
619 4292 720 4359 super·
740 4269 932 4337 Iordanem.
953 4271 1088 4336 Pharan.
1108 4277 1156 4337 est
1180 4271 1352 4338 desertum
1367 4274 1471 4337 notis·

156 4382 282 4446 simum
301 4385 400 4448 Num.
421 4385 539 4461 10‚1·2;
565 4384 654 4457 13,1.
678 4384 719 4442 ‘27
743 4383 805 4442 etc.
827 4377 1007 4461 Hoscrotle,
1031 4379 1130 4445 statio
1149 4378 1279 4445 famosa
1298 4383 1395 4445 Num.
1416 4385 1467 4455 11,

159 4487 289 4574 3ls(35',l;
304 4485 529 4574 13,1(1·2,1(5);
545 4491 659 4568 33,17.
673 4483 829 4572 Quisquis
845 4483 952 4570 igitur
963 4486 1006 4551 sit
1020 4507 1135 4552 sensus
1147 4507 1268 4553 vocum
1280 4485 1471 4551 interiecta-

153 4613 254 4690 ·rum,
271 4591 476 4660 describitur
487 4592 752 4658 serieslocorum
768 4592 943 4658 alordane
959 4599 1109 4658 montem
1123 4592 1214 4658 Sinai
1231 4612 1356 4657 versus,
1375 4592 1470 4652 Certe

160 4722 229 4765 non
250 4698 453 4767 describitur
474 4698 569 4764 locus
588 4720 674 4764 unus
692 4721 800 4787 prope
826 4698 1024 4780 Iordanem,
1052 4699 1111 4764 ubi
1138 4703 1260 4783 Moyses
1282 4694 1470 4761 orationem

798 4818 841 4863 ios
