3366 5346
438 319 487 378 28.
512 333 566 377 unx
587 333 625 377 nn
646 333 805 380 nnouuera
828 335 835 377 ε
860 335 950 379 nsua.
973 318 1129 386 anta-ai.
1374 326 1429 385 tot

117 475 285 541 delectum
313 470 403 557 signi
438 467 643 555 virginitatis
675 467 829 535 debuisse
865 490 1027 558 sponsam
1062 471 1229 560 supplicio
1255 473 1428 541 addicere.

118 580 217 660 Quid,
243 578 271 645 si
290 600 330 644 ea
348 574 442 666 apud
467 596 584 642 omnes
604 574 733 661 insigni
758 575 947 642 modestiae
970 575 1072 642 laude
1092 576 1240 661 floreret,
1260 584 1293 645 et
1315 587 1431 647 sancte

118 689 364 777 protestaretur
382 705 416 748 se
431 681 593 749 adulterii
614 704 683 748 non
704 704 774 748 esse
799 685 915 749 ream?
938 682 1092 749 chebat
1106 682 1277 753 iudicibus
1293 709 1432 776 persua-

117 815 191 860 sum
210 813 295 872 esse,
312 781 442 856 sive'ob
463 788 575 856 solum
593 787 685 855 illius
703 789 796 876 signi
819 787 991 856 delectum
1008 788 1091 871 sive,
1114 790 1173 857 ubi
1193 814 1278 881 opus
1300 795 1431 862 videre·

117 905 185 982 tur,
217 896 294 965 aliis
319 894 562 963 accedentibus
580 893 783 977 rationibus,
807 897 1060 963 accusationem
1088 918 1202 964 cerum
1227 921 1308 981 esse,
1336 901 1432 968 illam

119 1005 277 1073 meritam
292 1025 363 1070 esse
382 1001 565 1092 pessimum
582 1023 723 1085 actitem
742 1001 922 1092 potuitque
942 1001 1132 1092 aliquando
1145 1003 1232 1088 lieri,
1253 1013 1290 1074 ut
1304 1007 1434 1075 iudices

118 1116 295 1181 censerent
311 1108 537 1177 sufficientem
557 1108 699 1197 quidem
722 1108 824 1176 luisse
841 1131 967 1198 sponso
987 1109 1153 1176 rationem
1169 1133 1315 1201 sponsae
1333 1136 1435 1205 repu-

119 1219 279 1302 diandae,
299 1216 366 1283 sibi
390 1237 470 1282 vero
489 1237 559 1282 non
583 1236 652 1282 esse
672 1214 901 1282 sufficientem
918 1218 1088 1282 rationem
1106 1238 1249 1307 sponsae
1267 1220 1434 1311 supplicio

119 1323 342 1392 addicendae.
376 1328 485 1391 Rarae
513 1343 594 1388 sane
626 1327 721 1388 erant
747 1320 916 1389 eiusmodi
947 1322 1149 1390 maritorum
1180 1327 1433 1410 accusationes,

120 1432 270 1499 rariores
284 1451 380 1497 casus
394 1428 519 1518 quibus
539 1428 677 1514 signum
699 1429 908 1515 virginitatis
924 1429 1060 1519 prolata
1078 1433 1289 1501 accusatione
1309 1433 1435 1502 defice-

121 1545 190 1620 ret;
207 1543 316 1604 textus
325 1534 486 1625 supponit
497 1533 585 1600 illud
598 1533 653 1600 vix
666 1555 734 1602 non
746 1557 883 1625 semper
895 1541 1033 1625 praesto
1047 1536 1160 1619 fuisse,
1175 1539 1248 1607 eius
1262 1539 1433 1608 deiectum
1528 1526 1531 1531 ¹

122 1667 154 1712 v.
181 1651 223 1710 20
238 1666 289 1733 sq.
314 1642 422 1709 instar
442 1640 645 1731 appendicis
664 1639 734 1729 legi
749 1641 932 1727 subnectit,
960 1664 1097 1709 versum
1123 1650 1164 1711 15
1183 1667 1252 1712 non
1276 1647 1326 1714 uti
1341 1670 1373 1716 v.
1393 1656 1435 1715 20

122 1751 257 1817 orditur
270 1770 352 1816 voce
370 1762 416 1812 ns
433 1747 541 1814 veluti
565 1769 667 1813 uriam
685 1769 703 1814 e
723 1746 858 1816 duabus
873 1749 1121 1838 hypothesibus
1144 1751 1437 1841 aequiprobabili-

123 1857 198 1924 bus.
213 1861 332 1923 Fateor
348 1876 460 1944 neque
473 1853 521 1920 sic
536 1853 683 1937 excludi,
700 1875 743 1921 ne
763 1854 929 1922 innocens
941 1856 1129 1945 aliquando
1143 1857 1259 1946 puella
1273 1859 1435 1948 plectere-

125 1969 206 2030 tur:
233 1983 352 2029 verum
374 1961 408 2028 id
432 1960 526 2047 leges
550 1960 784 2028 Hebraeorum
807 1982 885 2028 cnm
910 1960 1056 2028 aliorum
1072 1963 1282 2053 populorum
1301 1967 1438 2053 legibus

123 2070 284 2137 civilibus
312 2089 492 2134 commune
526 2066 718 2148 habebant,
752 2073 790 2135 ut
821 2066 1031 2157 quandoque
1065 2070 1270 2138 fallerentur
1292 2072 1434 2141 iudices.

122 2181 253 2258 Nonne,
272 2174 332 2265 qui
346 2173 471 2241 odisset
485 2173 692 2262 proximum,
707 2172 806 2240 illum
820 2173 1009 2264 aliquando
1020 2197 1100 2241 cusu
1112 2175 1311 2246 interimere
1326 2180 1438 2269 potuit

121 2283 162 2350 iis
177 2281 455 2362 circumstantiis,
477 2280 603 2369 quibus
625 2279 814 2347 secundum
832 2302 908 2370 cap.
937 2287 978 2348 19
995 2287 1172 2373 tamquam
1190 2285 1363 2353 homicida
1376 2310 1436 2354 ro·

120 2389 290 2455 luntarius
305 2388 532 2478 plecteretur?
556 2385 729 2453 Eiusmodi
746 2386 840 2476 apud
854 2387 988 2454 nullam
1011 2397 1148 2476 gentem
1171 2413 1239 2458 non
1261 2395 1435 2473 eveniunt,

123 2493 203 2560 licet
216 2517 256 2560 ea
272 2494 536 2582 sapientissimas
556 2492 682 2558 habeat
697 2492 790 2578 leges
804 2499 838 2559 et
852 2493 1075 2582 aequissimos
1089 2495 1234 2564 indices

227 2745 230 2751 ·
332 2718 387 2779 29.
409 2715 479 2778 Lea
497 2711 539 2777 de
553 2709 723 2778 utltelterio
744 2724 776 2778 et
795 2724 912 2802 stupro
931 2716 1030 2782 Deut.
1050 2722 1229 2798 didi-29.

167 2912 251 2998 stip.
270 2946 313 2957 -
334 2907 491 2975 Adulteri
509 2907 764 2975 interimantur.
787 2912 882 2990 Item,
907 2909 968 2998 qui
986 2913 1154 3002 stupravit
1177 2914 1434 3005 desponsatam3

123 3014 243 3106 quodsi
258 3014 295 3081 id
311 3013 431 3081 fecerit
444 3014 481 3080 in
497 3014 710 3104 urbaneque
727 3013 801 3103 ipsa
817 3014 1029 3096 clamaverit,
1044 3019 1213 3088 moriatur
1228 3023 1331 3092 etiam
1346 3028 1354 3092 i
1358 3049 1436 3117 psa;

121 3143 228 3204 secus,
250 3123 280 3188 si
294 3121 414 3188 fecerit
427 3120 465 3187 in
480 3142 576 3208 agro.
595 3120 657 3198 Qui
674 3121 843 3211 stupravit
861 3143 934 3189 non
948 3123 1204 3214 desponsatam,
1222 3129 1320 3199 illam
1337 3133 1439 3202 ducat

124 3249 280 3313 uxorem,
306 3227 422 3319 pensis
445 3226 536 3317 patri
559 3227 815 3317 quinquaginta
838 3227 930 3296 siclis
950 3253 1014 3320 pro
1036 3231 1128 3300 dote.

158 3429 259 3491 Agitur
275 3440 343 3490 ergo
357 3427 392 3478 de
411 3428 536 3477 violenta
553 3427 737 3490 oppressione
759 3428 934 3489 coniugatus,
949 3427 1146 3494 desponsatae,
1160 3435 1269 3485 solutae
1292 3436 1327 3502 (v.
1346 3439 1435 3490 Ἠλὶ

122 3516 156 3566 ‘28
173 3515 209 3580 in)
219 3530 225 3575 ;
244 3515 430 3578 desponsatae
448 3515 658 3577 distinguuntur
672 3514 727 3564 duo
742 3527 833 3575 casus,
850 3517 875 3564 st
893 3517 922 3564 in
943 3515 1005 3566 loco
1019 3519 1067 3568 aut
1085 3517 1230 3583 trequente
1246 3529 1294 3574 aut
1312 3526 1438 3578 solitario

124 3608 158 3667 tv.
177 3605 208 3652 ί25
226 3608 279 3667 neat
305 3605 487 3667 opprimatur.
505 3602 624 3653 Casuse
641 3607 761 3666 quatuor
782 3602 837 3652 duo
856 3605 975 3669 priores,
996 3606 1044 3667 qut
1063 3608 1173 3659 iuvenis
1192 3612 1220 3661 et
1242 3613 1354 3675 puellae
1369 3628 1437 3681 sup.

122 3692 206 3758 plicio
220 3693 383 3755 puniuntur,
400 3690 566 3741 clauduntur
581 3691 672 3740 verbis
689 3704 695 3738 :
715 3707 726 3738 ι
744 3690 778 3740 Et
794 3689 850 3757 (tta)
864 3691 978 3742 auteres
991 3694 1094 3743 malum
1109 3709 1144 3746 cx
1159 3696 1247 3752 Israel
1268 3718 1291 3752 ι.

167 3867 249 3954 Legi
271 3888 303 3932 ν.
327 3869 443 3946 13-21,
471 3868 628 3954 quaeest
648 3863 691 3930 de
714 3864 928 3931 accusatione
953 3866 1126 3950 adulterii,
1152 3872 1240 3942 aliae
1265 3879 1434 3964 quaedam

123 3973 378 4054 adscribuntur,
396 3992 485 4060 quae
503 3975 582 4037 sunt
604 3969 675 4037 lere
697 3969 740 4036 de
763 3969 883 4037 eadem
903 3994 952 4039 re.
972 3994 1005 4040 v.
1028 3979 1070 4040 Ὦ
1087 4003 1103 4038 «
1126 3977 1169 4045 Si
1189 3978 1367 4057 dormierit
1384 3989 1437 4055 uir

123 4105 198 4149 crim
216 4103 324 4147 usare
335 4077 491 4163 ulterius,
517 4087 656 4167 uterque
672 4076 847 4162 morietur,
867 4078 890 4144 i.
912 4101 941 4145 e.
962 4078 1100 4148 adulter
1120 4097 1153 4150 et
1167 4062 1328 4158 adulterit
1343 4122 1372 4176 s,
1387 4118 1436 4164 se-

122 4189 272 4257 cundum
296 4193 342 4255 lo.
360 4192 417 4268 8,5
432 4183 643 4274 lapidatione
659 4184 717 4272 (cf.
736 4188 813 4251 Lev.
832 4190 951 4267 18,2o;
972 4190 1102 4278 todo),
1120 4218 1136 4252 «
1154 4204 1187 4258 et
1205 4197 1345 4284 estserae
1363 4227 1435 4273 ma-

123 4296 195 4364 lum
218 4295 259 4362 de
282 4292 393 4361 lsrael
414 4320 444 4358 u.
471 4313 503 4358 v.
527 4296 570 4359 23
593 4319 608 4353 κ
633 4290 674 4358 Si
688 4289 846 4380 patellam
875 4291 1044 4383 uirqiuem
1069 4296 1287 4388 desponderit
1312 4309 1374 4397 uir,
1403 4327 1435 4381 et

125 4402 291 4469 inuenerit
320 4422 395 4469 eum
420 4397 549 4488 uliquis
578 4398 614 4463 iu
642 4395 780 4464 civitate
806 4410 839 4465 et
867 4401 1087 4469 concubuerit
1111 4427 1188 4473 cum
1211 4432 1253 4477 ea
1274 4443 1303 4500 u,
1329 4440 1362 4484 v.
1392 4427 1433 4486 aa

126 4537 141 4571 «
169 4508 287 4575 catrices
310 4521 494 4598 utrumque
515 4504 564 4572 ud
578 4516 720 4594 portatu
742 4505 888 4572 civitatis
912 4505 1074 4588 illiceat
1097 4509 1272 4603 lapidibus
1291 4524 1435 4591 obruen-

125 4628 180 4683 tur
201 4643 216 4675 »
235 4614 532 4681 clamitantium<
548 4611 681 4701 puella,
703 4612 786 4702 quia
811 4635 881 4679 uon
896 4612 1069 4704 clamauit,
1089 4640 1167 4686 euru
1186 4637 1271 4690 esset
1293 4625 1330 4692 iu
1350 4629 1434 4696 ciui-

125 4735 194 4791 tate
221 4749 250 4805 u,
273 4726 307 4788 et
325 4720 423 4788 facile
445 4719 652 4788 clamoribus
673 4718 847 4787 adiutores
865 4742 1037 4791 arcessere
1058 4733 1187 4813 posset;
1213 4755 1229 4790 «
1255 4731 1319 4817 cir,
1350 4727 1435 4826 quia

508 4848 682 4886 emanatura.
698 4861 730 4872 -
746 4848 822 4887 con.
840 4848 866 4887 m
880 4848 952 4886 ntur.
970 4863 1001 4874 -
1017 4841 1048 4887 26
