3366 5346
235 265 293 323 c238
564 281 678 324 enarre
700 279 806 324 uersis
828 279 964 322 saeuam
988 278 995 321 :
1019 277 1222 324 remicarius.

236 437 271 503 p.
296 418 359 481 168
377 413 443 503 sq.)
464 434 471 479 :
489 435 637 503 aequum
654 417 739 491 erat,
755 418 792 478 ut
809 410 1009 479 restituendi
1024 411 1173 479 foederis
1187 411 1411 480 adhiberetur
1425 412 1562 479 instru-

236 526 412 601 mentum,
432 519 526 609 quod
553 541 621 586 non
639 519 756 586 omnia
770 520 911 586 omnino
928 518 1041 585 offreia
1066 517 1224 585 distinete
1246 519 1399 601 efferret,
1420 519 1480 586 sed
1507 520 1562 585 of-

236 627 316 693 ficia
332 627 550 717 potissimum
572 647 655 713 erga
677 626 778 693 labve
798 631 831 692 et
848 624 1065 692 idololatriae
1085 624 1384 715 proscriptionem.
1400 625 1560 693 Tandem

236 734 362 817 recole,
378 735 450 800 selo
477 734 659 823 pentalogo
673 754 744 798 non
760 740 915 799 constare
937 731 1083 798 foederis
1097 731 1274 799 moabitici
1290 733 1558 811 documentum,

235 841 294 907 sed
317 841 389 908 eius
406 840 548 906 alteram
569 861 714 928 eamque
734 840 973 933 gravissimam
994 844 1128 928 partem
1152 860 1222 905 esse
1246 838 1506 906 benedictiones
1525 848 1564 907 et

234 947 494 1014 maledictiones
509 968 584 1036 cap.
602 951 657 1028 ΞΒ,
675 968 764 1035 quae
783 944 922 1012 eaedem
943 948 1013 1012 fere
1033 944 1253 1012 habebantur
1269 946 1373 1012 etiam
1392 951 1471 1013 Lev.
1493 951 1555 1031 26,

233 1054 291 1120 sed
310 1076 402 1120 nunc
422 1054 559 1119 effectae
572 1058 650 1118 sunt
664 1074 745 1140 pars
760 1051 945 1117 verborum
959 1051 1116 1118 foederis

279 1167 310 1228 3.
324 1164 445 1227 Verum
456 1160 539 1227 dum
556 1159 758 1225 mandatum
769 1158 811 1241 de
825 1156 1007 1224 dilectione
1022 1158 1123 1225 labve
1134 1181 1171 1225 re
1184 1158 1277 1224 idem
1286 1163 1337 1225 est
1347 1180 1423 1225 eum
1437 1159 1558 1248 primo

232 1266 393 1354 decalogi
421 1266 596 1345 mandato,
619 1285 785 1350 magnum
813 1264 918 1330 babet
937 1264 1092 1333 idearum
1115 1286 1333 1355 progressum
1358 1265 1392 1330 in
1415 1266 1553 1352 forma.

231 1379 289 1440 Ex.
319 1379 414 1455 20&
434 1378 529 1440 Deut.
550 1378 607 1454 5,a
629 1370 856 1437 monolatriae
874 1370 1120 1458 obligationem
1144 1371 1322 1461 repetebat
1337 1394 1376 1437 ex
1391 1371 1469 1438 idea
1489 1374 1553 1440 Dei

231 1480 476 1559 benefactoris,
500 1483 596 1546 [tent.
620 1483 676 1558 6,-t
699 1477 823 1567 repetit
848 1500 888 1543 ex
911 1476 991 1544 idea
1014 1479 1071 1543 Dei
1096 1478 1202 1544 uniei.
1219 1484 1276 1544 Ex.
1295 1484 1432 1559 20‚3-5;
1450 1483 1552 1546 Dent.

233 1593 352 1663 5,7-1u
376 1585 541 1651 indirecte
567 1585 680 1674 potius
700 1605 774 1650 eam
805 1583 1049 1670 obligationem
1076 1585 1235 1672 exprimit
1256 1585 1287 1665 f«
1313 1607 1384 1650 non
1406 1585 1557 1651 babebis

233 1691 410 1758 deosalios
427 1699 562 1780 praeter
581 1712 635 1756 me
661 1690 710 1778 n),
734 1695 830 1757 Dent.
862 1696 918 1771 6,5
941 1689 1070 1757 directe
1092 1690 1124 1779 (a
1151 1690 1274 1776 diliges
1299 1696 1363 1757 etc.
1379 1692 1441 1777 n),
1464 1692 1553 1758 dum

232 1797 420 1888 probibitio
439 1798 590 1864 aliorum
610 1796 754 1864 deorum
775 1796 997 1863 colendorum
1013 1795 1057 1863 ad
1078 1818 1221 1885 sequens
1243 1797 1440 1864 mandatum
1455 1820 1487 1864 r.
1507 1805 1553 1868 ft

231 1904 428 1973 remittitur.
452 1910 508 1971 Ex.
533 1910 610 1986 20,3
631 1926 707 1970 cum
722 1927 753 1971 u.
777 1903 976 1970 5collatum
994 1902 1103 1992 (Dent.
1128 1911 1198 1985 5,7.
1217 1903 1251 1992 9)
1272 1909 1322 1969 est
1349 1903 1553 1972 mandatum

231 2009 415 2092 ecferendi,
437 2011 581 2077 adorare
600 2018 716 2077 autem
735 2009 818 2076 dicit
837 2032 960 2100 corpus
983 2015 1210 2100 prostratum,
1238 2010 1332 2099 quod
1350 2016 1400 2076 est
1418 2011 1553 2079 interni

231 2118 371 2185 affectus
385 2126 560 2184 externum
574 2117 728 2203 signum;
747 2122 842 2183 Dent.
870 2123 926 2206 6,5
945 2124 993 2183 est
1008 2116 1209 2183 mandatum
1226 2115 1416 2205 dilimari,
1432 2117 1551 2183 iniun-

231 2226 282 2310 git
301 2224 396 2290 illum
417 2224 592 2290 internum
612 2222 790 2304 affectum,
815 2246 832 2289 e
855 2245 923 2311 quo
949 2223 1060 2288 omnis
1082 2228 1242 2289 externus
1267 2223 1378 2289 cultus
1398 2225 1553 2312 profluat

229 2351 365 2396 necesse
378 2336 436 2396 est.
459 2334 567 2421 Quare
587 2351 625 2394 ex
640 2350 681 2394 eo
696 2329 818 2395 affeetu
833 2350 866 2394 v.
890 2335 929 2395 13
946 2327 1128 2394 deducitur
1143 2329 1256 2409 libror,
1274 2330 1452 2395 seminum
1469 2330 1495 2395 i.
1514 2354 1545 2398 e.

229 2435 398 2524 imprimis
416 2435 543 2511 cultus,
561 2434 710 2501 bortrinis
730 2434 932 2501 reverentia.
953 2434 1055 2501 Stilus
1075 2436 1255 2525 pentalogi
1269 2443 1318 2501 est
1338 2424 1451 2502 minus
1467 2459 1550 2503 con-

118 2526 126 2545 ’
229 2543 370 2623 cianus,
387 2563 491 2632 quam
506 2541 603 2607 stilus
615 2539 784 2627 decalogi.
802 2546 851 2607 lta
869 2541 988 2628 magni
1003 2542 1156 2608 mandati
1178 2542 1345 2608 memoria
1369 2550 1465 2624 6,6-9
1490 2543 1549 2609 in-

227 2649 380 2717 culcatur
403 2649 558 2738 pulchris
580 2648 807 2738 metaphoris3
828 2647 992 2735 obligatio
1012 2648 1171 2715 servandi
1193 2648 1310 2715 omnia
1327 2649 1492 2715 mandata
1511 2658 1545 2732 6,

227 2764 329 2824 20-25
354 2755 519 2846 repetitur
541 2778 603 2844 per
623 2754 767 2822 modum
786 2754 1004 2834 eruditionis,
1022 2777 1125 2844 quam
1147 2761 1245 2844 pater
1264 2755 1344 2821 filiis
1364 2742 1548 2844 impertia-

227 2869 297 2943 tur,
318 2863 473 2929 mandati
490 2862 533 2927 de
557 2861 783 2951 exstirpandis
807 2862 1018 2928 Chananaeis
1038 2862 1126 2927 ratio
1146 2869 1261 2943 ati-10
1288 2861 1488 2950 explicatur,
1508 2871 1548 2930 ut

226 2970 326 3035 lsrael
346 2969 389 3034 sit
404 2969 552 3056 populus
572 2974 707 3033 sanetus
727 2967 840 3050 labve,
860 2991 880 3032 a
898 2968 999 3034 fahve
1022 2968 1216 3056 specialiter
1230 2968 1386 3034 dilectus.
1405 2968 1547 3036 Orditur

225 3075 430 3162 pentalogus
454 3096 474 3138 a
493 3073 674 3139 dilectione
691 3072 863 3139 israelitae
882 3096 967 3160 erga
987 3074 1132 3155 labven,
1154 3074 1278 3140 desinit
1295 3075 1331 3140 in
1353 3076 1474 3141 fabrae
1492 3075 1545 3142 di-

226 3181 408 3246 lectionem
425 3201 508 3265 erga
522 3179 700 3247 israelitas.

270 3285 360 3353 Licet
385 3293 501 3352 orator
523 3289 647 3354 iterum
677 3285 870 3375 iterumque
900 3286 1170 3368 aff11·mat,liaec
1194 3310 1255 3353 sua
1282 3287 1445 3354 mandata
1468 3311 1544 3355 esse

225 3393 388 3460 mandata
417 3395 534 3473 labve,
562 3398 677 3458 tamen
701 3414 741 3459 ea
769 3392 901 3481 profert
920 3394 1057 3459 nomine
1084 3416 1152 3459 non
1172 3394 1273 3460 labve
1291 3393 1349 3460 sed
1375 3417 1447 3461 suc.
1465 3399 1540 3460 Non

223 3501 386 3591 praefigit
400 3501 609 3567 formulam:
632 3529 648 3562 a
677 3505 818 3567 loeutus
831 3507 880 3566 est
896 3503 998 3567 fabre
1016 3500 1059 3566 ad
1074 3505 1208 3588 Moysen
1229 3500 1346 3567 dicens
1364 3529 1393 3567 ».
1412 3500 1541 3589 Loqui-

222 3614 278 3674 tur
299 3607 341 3672 de
361 3631 394 3672 se
414 3608 885 3697 ipsop1·inrapersona(ft‚ft;
905 3607 1073 3693 7‚11)‚de
1093 3608 1193 3674 lahve
1219 3608 1331 3673 tertia.
1352 3613 1424 3697 lpse
1440 3630 1541 3673 man-

222 3713 302 3779 data
320 3711 416 3793 baec,
435 3736 522 3801 quae
545 3737 623 3779 vere
644 3721 724 3781 sunt
738 3714 899 3779 mandata
920 3714 1034 3795 labve,
1049 3735 1118 3780 non
1133 3712 1234 3781 semel
1249 3713 1423 3802 prioribus
1441 3714 1542 3780 libris

220 3819 335 3907 quoad
347 3817 570 3885 substantiam
588 3818 719 3885 alabve
735 3821 968 3909 pronuntiata,
986 3819 1100 3886 verbis
1114 3821 1245 3910 profert
1263 3822 1343 3902 suis,
1363 3844 1402 3885 ex
1417 3821 1541 3888 intimo

220 3926 323 3993 eorde
354 3926 483 4015 profert
509 3947 624 4007 sensa,
649 3948 738 4014 (puae
774 3927 927 4015 plurium
955 3948 1123 3993 annorum
1156 3927 1294 3993 assidua
1317 3927 1540 3994 meditatione

219 4031 255 4096 in
275 4039 390 4097 mente
406 4038 654 4098 maturuerant.
714 4084 717 4089 .

264 4139 482 4205 connectitur
505 4160 610 4228 porro
638 4139 845 4225 pentalogus
867 4164 905 4205 ex
932 4163 999 4206 una
1021 4147 1118 4229 parte
1143 4141 1263 4206 intime
1291 4140 1473 4227 decalog03
1498 4164 1538 4207 ex

219 4243 326 4307 altera
361 4250 458 4333 parte
486 4244 691 4334 pentalogus
720 4247 894 4333 paraenesi
929 4254 1126 4330 'Ista-1132
1163 4248 1324 4314 continuo
1353 4248 1531 4327 evolvitur,

219 4348 423 4431 inculcatur,
458 4350 569 4416 modis
600 4351 760 4417 omnibus
792 4351 994 4418 illustratur.
1028 4354 1122 4419 L'nde
1151 4354 1370 4442 consequitur
1401 4353 1436 4419 in
1465 4358 1534 4418 tota

219 4456 377 4544 pericope
398 4478 474 4545 cap.
493 4463 573 4522 5-11
600 4457 674 4522 stili
700 4458 867 4546 precedam
884 4457 1118 4525 retundentia
1135 4460 1361 4549 paraphrasin
1383 4459 1531 4550 sopiens.

219 4563 454 4652 Expressiones
479 4564 649 4652 quaedam
670 4564 860 4653 pentalogi,
885 4588 1031 4655 quarum
1058 4566 1175 4655 plures
1200 4568 1268 4632 iam
1297 4567 1447 4633 babebat
1473 4566 1531 4633 de·

218 4670 373 4758 calogus,
411 4694 519 4760 usque
558 4676 771 4761 repetuntur,
803 4673 898 4738 nullo
933 4695 999 4739 non
1036 4672 1110 4739 loco
1150 4673 1342 4762 profusione
1381 4673 1530 4764 quadam
