3366 5346
620 291 806 337 cousrncrus
828 290 1065 336 unurssououu.
1459 282 1496 340 19

186 431 229 496 tis
246 429 412 515 largietur
431 426 533 494 lahve
548 425 708 493 Hebraeis
727 426 817 492 laeta
835 425 1064 505 incrementa,
1083 424 1271 514 perfectum
1291 424 1408 510 robur,
1424 428 1495 496 imo

185 534 363 610 adiuvabit
386 534 566 623 portentis,
590 532 717 621 quibus
735 533 848 598 hostes
870 531 1033 620 paulatim
1060 528 1218 620 quidem,
1244 531 1304 599 sed
1327 535 1494 623 complete

186 640 379 708 deleantur.
397 642 545 706 Caveant
559 643 672 706 autem
686 638 753 704 sibi
767 637 913 704 Hebraei
929 636 974 702 ab
989 636 1195 704 idololatria.

177 787 181 797 ·
230 754 262 813 2.
283 745 385 813 labec
400 745 493 813 circe
508 744 669 812 Israelem
681 744 870 835 praeterito
885 740 1106 831 prouidentia
1125 728 1209 811 licut
1223 750 1266 813 8:
1289 746 1410 813 eadem
1422 769 1497 816 sua·

186 852 323 920 vissima
337 852 570 943 providentia,
591 874 660 941 qua
680 837 840 918 Hebraeis
856 849 891 916 in
908 849 1041 916 deserto
1059 848 1102 916 de
1122 849 1214 916 victu
1229 856 1263 918 et
1279 851 1400 920 vestitu
1417 877 1498 943 pro-

86 955 92 964 '
186 959 287 1042 vidit,
304 958 446 1026 inducet
460 958 536 1025 illos
552 958 653 1024 labve
670 959 850 1024 interram
870 956 1089 1046 promissam,
1108 962 1210 1045 atque
1226 957 1324 1024 bonis
1339 961 1498 1029 omnibus

186 1066 386 1133 cumulabit.
405 1070 567 1144 Caveant,
585 1087 628 1130 ne
644 1064 747 1130 rebus
761 1063 934 1152 prosperis
946 1085 980 1128 se
997 1062 1116 1130 induci
1135 1065 1321 1152 patiantur,
1343 1071 1382 1133 ut
1396 1067 1498 1134 lahve

186 1171 432 1239 obliviscantur
447 1177 480 1237 et
494 1170 689 1237 idololatria
705 1169 918 1258 delinquant.

230 1283 261 1343 3.
286 1276 452 1344 Memorio
465 1276 635 1353 admissae
655 1274 871 1365 infidelitatis
886 1281 981 1343 lleut.
1003 1282 1022 1340 9
1040 1297 1092 1364 sq.
1110 1279 1257 1343 Cavcant
1276 1278 1435 1364 Hebraei,
1455 1301 1498 1346 ne

186 1384 467 1473 prosperitatem,
485 1405 554 1472 qua
569 1383 605 1449 in
624 1390 716 1448 terra
738 1381 904 1470 promissa
925 1380 1064 1448 fruituri
1087 1386 1181 1464 suut,
1203 1404 1284 1450 suae
1308 1384 1500 1452 attribuant

187 1489 355 1575 iustitiae,
375 1490 458 1579 quin
477 1489 592 1579 potius
611 1488 836 1556 recordentur
850 1487 1115 1578 commissarum
1135 1489 1171 1554 in
1190 1489 1291 1556 lahve
1307 1489 1499 1559 iniustitia-

187 1618 279 1679 rnm,
298 1595 370 1662 eius
392 1594 562 1684 imprimis
582 1617 686 1684 quarn
708 1594 746 1660 in
761 1601 877 1661 monte
896 1593 1006 1661 Horeb
1025 1596 1062 1661 in
1081 1595 1154 1684 ipsa
1175 1595 1323 1662 foederis
1341 1598 1498 1686 pactione

187 1701 447 1780 commiserunt;
465 1701 525 1767 ubi
538 1700 685 1777 ostendit
700 1705 825 1788 lloyses
843 1722 850 1768 :

186 1831 217 1874 a.
242 1830 313 1873 non
335 1806 380 1873 ob
395 1807 547 1897 ipsorum
569 1809 707 1889 merita,
730 1807 788 1874 sed
807 1829 842 1873 se
861 1805 1089 1874 intercedente
1108 1829 1183 1874 eam
1202 1806 1405 1875 iniustitiam
1429 1831 1499 1877 esse

187 1968 189 1973 ,
231 1913 461 1980 condonatam
478 1919 615 1994 9‚7-2t;

185 2021 219 2088 b.
239 2042 273 2085 se
294 2018 521 2086 intercedente
536 2019 705 2108 populum
730 2018 764 2084 iu
781 2018 920 2108 plenum
940 2019 1088 2106 gratiam
1110 2042 1180 2086 esse
1200 2026 1376 2108 receptum
1401 2027 1497 2103 935-
1620 2053 1626 2065 ·
1659 2043 1680 2107 '.

232 2132 327 2208 1o‚s;

185 2256 215 2299 r.
235 2254 269 2298 se
289 2228 518 2297 intercedente
537 2231 657 2297 datum
672 2229 811 2298 tandem
832 2252 902 2296 esse
920 2231 1118 2298 mandatum
1133 2231 1302 2321 pergendi
1318 2233 1354 2299 in
1370 2238 1498 2300 terram

229 2336 432 2427 promissam
452 2344 551 2420 10‚10
565 2359 616 2427 sq.

185 2444 220 2510 d.
243 2448 405 2525 tofi-22
419 2442 592 2511 clauditur
606 2443 671 2509 hoc
686 2448 931 2530 argumentum
947 2443 1129 2533 eloquente
1142 2445 1290 2534 epilogo.

230 2557 261 2618 l.
279 2548 447 2640 Specialis
461 2548 628 2638 obligatio
644 2569 762 2616 eorum
772 2601 788 2633 ,>
798 2551 857 2639 qui
872 2551 1026 2616 omnium
1041 2549 1123 2617 inde
1138 2550 1183 2618 ab
1200 2550 1307 2618 exodo
1320 2559 1494 2640 portento-

186 2679 262 2723 ruru
278 2661 377 2722 testes
390 2656 546 2722 exstitere
559 2655 750 2722 immediati
765 2660 860 2722 Deut.
878 2662 1005 2739 11‚1·9.

230 2771 261 2829 5.
280 2764 399 2829 Terrae
408 2762 597 2851 prontissne
614 2761 745 2827 indoles
758 2766 853 2829 Deut.
877 2767 1051 2843 ΗΛΘ-95,
1066 2763 1162 2828 cuius
1176 2761 1333 2850 irrigatio
1345 2763 1495 2853 pendeat

184 2869 396 2957 potissimum
411 2893 432 2935 a
445 2867 573 2957 pluviis
588 2867 684 2950 coeli,
703 2869 747 2934 ob
763 2869 921 2956 neglecta
936 2868 1100 2935 mandata
1115 2868 1328 2936 cohibendis.
1346 2873 1494 2937 Caveant
1615 2859 1618 2865 ¹

184 2974 292 3060 igitur
311 2975 354 3041 ab
374 2973 579 3041 idololatria,

229 3087 261 3148 6.
281 3080 449 3147 Trnnsz'tio
469 3079 518 3148 nd
531 3080 669 3146 tertione
681 3080 846 3147 orationis
859 3093 993 3172 partem
1008 3087 1104 3148 Deut.
1124 3088 1288 3162 tnnc-m
1310 3083 1496 3151 :observa·
1604 3107 1608 3114 ·

185 3193 280 3255 turos
297 3187 460 3254 mandata
479 3192 595 3254 manet
618 3187 829 3270 benedictio,
851 3188 1068 3275 neglecturos
1088 3188 1301 3270 maledictio,
1319 3211 1407 3278 quae
1425 3195 1494 3256 tra-

185 3293 272 3361 iecto
291 3293 435 3361 Iordane
460 3293 759 3360 confirmabuntur
782 3293 995 3361 solemnitate
1014 3317 1123 3384 prope
1148 3299 1280 3363 montes
1299 3294 1443 3361 Gerizim
1463 3303 1497 3362 et
1599 3311 1601 3315 ’

184 3400 290 3466 Hebal
307 3400 524 3468 celebranda.

709 3657 816 3698 Orationis
828 3668 877 3707 pars
888 3658 954 3696 tertis
966 3668 971 3696 :

521 3759 524 3765 .
600 3729 763 3770 Benalietlcncs
774 3732 797 3768 et
806 3729 968 3769 maledictiones
981 3726 1043 3769 Dent.
1055 3729 1088 3770 28.

230 3945 260 4007 1.
288 3938 524 4007 Observaturis
545 3940 710 4007 mandata
729 3941 940 4031 promittitur
960 3961 1060 4006 omne
1083 3962 1194 4027 genus
1220 3939 1496 4008 bertedicu'onnrn

89 4082 97 4094 ·
184 4051 452 4129 beatam-110.

226 4158 258 4218 2.
274 4153 493 4239 Neglecturos
507 4155 672 4220 mandata
687 4160 829 4221 manent
846 4153 957 4220 omnis
973 4153 1109 4240 generis
1124 4152 1391 4237 meledictionem,
1408 4177 1497 4243 quae

181 4259 331 4347 primum
347 4264 442 4326 Deut.
455 4266 614 4341 ears-21
633 4261 818 4327 universim
830 4259 1081 4342 describuntur,
1101 4259 1182 4327 dein
1194 4261 1299 4327 tribus
1307 4261 1497 4349 percussio·

181 4365 282 4432 nibus
300 4373 623 4456 repraesentantur:

80 4539 87 4551 ,
182 4493 214 4538 a.
239 4473 411 4563 percussio
432 4473 544 4563 prima
566 4495 596 4540 v.
627 4479 730 4543 22-26
758 4495 765 4543 :
792 4475 894 4542 lahve
914 4474 1039 4561 inlligit
1062 4473 1216 4564 phthisin
1242 4472 1441 4560 corporibus
1465 4474 1529 4534 et·

227 4577 412 4649 siccitatem
423 4580 525 4667 agris,
543 4603 649 4670 quare
662 4580 1145 4672 populusimpotenshostium
1161 4577 1398 4645 vexationibus
1410 4573 1498 4639 obii-

227 4685 330 4768 citur,
