<?xml version="1.0" encoding="UTF-8"?>
<!DOCTYPE html PUBLIC "-//W3C//DTD XHTML 1.0 Transitional//EN"
    "http://www.w3.org/TR/xhtml1/DTD/xhtml1-transitional.dtd">
<html xmlns="http://www.w3.org/1999/xhtml" xml:lang="en" lang="en">
 <head>
  <title>
</title>
<meta http-equiv="Content-Type" content="text/html;charset=utf-8" />
  <meta name='ocr-system' content='tesseract 3.04.00' />
  <meta name='ocr-capabilities' content='ocr_page ocr_carea ocr_par ocr_line ocrx_word'/>
</head>
<body>
  <div class='ocr_page' id='page_1' title='image "./commentariusind00hummgoog/commentariusind00hummgoog_0464.png"; bbox 0 0 3366 5346; ppageno 0'>
   <div class='ocr_carea' id='block_1_1' title="bbox 640 301 1433 372">
    <p class='ocr_par' dir='ltr' id='par_1_1' title="bbox 640 301 1433 372">
     <span class='ocr_line' id='line_1_1' title="bbox 640 301 1433 372; baseline 0.001 -11"><span class='ocrx_word' id='word_1_1' title='bbox 640 315 727 361; x_wconf 80' lang='lat' dir='ltr'><strong>onus.</strong></span> <span class='ocrx_word' id='word_1_2' title='bbox 752 301 844 372; x_wconf 73' lang='lat'><strong>26‚18</strong></span> <span class='ocrx_word' id='word_1_3' title='bbox 864 317 910 370; x_wconf 88' lang='lat' dir='ltr'><strong>so.</strong></span> <span class='ocrx_word' id='word_1_4' title='bbox 1375 303 1433 362; x_wconf 72' lang='grc'><strong>433</strong></span> 
     </span>
    </p>
   </div>
   <div class='ocr_carea' id='block_1_2' title="bbox 118 449 1449 3517">
    <p class='ocr_par' dir='ltr' id='par_1_2' title="bbox 118 449 1434 754">
     <span class='ocr_line' id='line_1_2' title="bbox 118 449 1433 542; baseline -0.001 -24"><span class='ocrx_word' id='word_1_5' title='bbox 118 450 274 542; x_wconf 84' lang='lat' dir='ltr'><strong>proxime</strong></span> <span class='ocrx_word' id='word_1_6' title='bbox 293 474 311 518; x_wconf 92' lang='lat' dir='ltr'><strong>e</strong></span> <span class='ocrx_word' id='word_1_7' title='bbox 327 450 511 541; x_wconf 84' lang='lat' dir='ltr'><strong>pentalogo</strong></span> <span class='ocrx_word' id='word_1_8' title='bbox 535 455 605 532; x_wconf 81' lang='lat'><strong>7,6,</strong></span> <span class='ocrx_word' id='word_1_9' title='bbox 621 449 785 517; x_wconf 88' lang='lat' dir='ltr'><strong>remotius</strong></span> <span class='ocrx_word' id='word_1_10' title='bbox 800 455 933 517; x_wconf 87' lang='lat' dir='ltr'><strong>tantum</strong></span> <span class='ocrx_word' id='word_1_11' title='bbox 958 473 998 517; x_wconf 90' lang='lat' dir='ltr'><strong>ex</strong></span> <span class='ocrx_word' id='word_1_12' title='bbox 1016 456 1073 518; x_wconf 85' lang='lat' dir='ltr'><strong>Ex.</strong></span> <span class='ocrx_word' id='word_1_13' title='bbox 1103 457 1193 533; x_wconf 86' lang='grc'><strong>19,6,</strong></span> <span class='ocrx_word' id='word_1_14' title='bbox 1212 450 1272 518; x_wconf 93' lang='lat' dir='ltr'><strong>ubi</strong></span> <span class='ocrx_word' id='word_1_15' title='bbox 1291 465 1332 515; x_wconf 73' lang='lat' dir='ltr'><strong>ua</strong></span> <span class='ocrx_word' id='word_1_16' title='bbox 1357 451 1433 517; x_wconf 91' lang='lat' dir='ltr'><strong>loco</strong></span> 
     </span>
     <span class='ocr_line' id='line_1_3' title="bbox 120 555 1434 645; baseline 0.001 -22"><span class='ocrx_word' id='word_1_17' title='bbox 120 574 175 627; x_wconf 73' lang='lat' dir='ltr'><strong>nt·</strong></span> <span class='ocrx_word' id='word_1_18' title='bbox 201 564 290 644; x_wconf 83' lang='lat' dir='ltr'><strong>Ergo</strong></span> <span class='ocrx_word' id='word_1_19' title='bbox 312 557 400 624; x_wconf 91' lang='lat' dir='ltr'><strong>duae</strong></span> <span class='ocrx_word' id='word_1_20' title='bbox 433 556 613 624; x_wconf 80' lang='lat' dir='ltr'>citationes</span> <span class='ocrx_word' id='word_1_21' title='bbox 645 556 747 645; x_wconf 82' lang='lat' dir='ltr'><strong>(sient</strong></span> <span class='ocrx_word' id='word_1_22' title='bbox 769 555 902 623; x_wconf 79' lang='lat' dir='ltr'><strong>locutus</strong></span> <span class='ocrx_word' id='word_1_23' title='bbox 927 556 988 645; x_wconf 81' lang='lat' dir='ltr'><strong>est)</strong></span> <span class='ocrx_word' id='word_1_24' title='bbox 1019 556 1219 625; x_wconf 75' lang='lat' dir='ltr'><strong>immediate</strong></span> <span class='ocrx_word' id='word_1_25' title='bbox 1247 556 1434 645; x_wconf 89' lang='lat' dir='ltr'><strong>respiciunt</strong></span> 
     </span>
     <span class='ocr_line' id='line_1_4' title="bbox 120 662 986 754; baseline -0.003 -22"><span class='ocrx_word' id='word_1_26' title='bbox 120 665 343 754; x_wconf 79' lang='lat' dir='ltr'><strong>pentalogum</strong></span> <span class='ocrx_word' id='word_1_27' title='bbox 359 670 429 747; x_wconf 64' lang='lat' dir='ltr'><strong>no,</strong></span> <span class='ocrx_word' id='word_1_28' title='bbox 445 662 594 732; x_wconf 86' lang='lat' dir='ltr'><strong>mediate</strong></span> <span class='ocrx_word' id='word_1_29' title='bbox 614 667 750 730; x_wconf 88' lang='lat' dir='ltr'><strong>tantum</strong></span> <span class='ocrx_word' id='word_1_30' title='bbox 764 668 821 730; x_wconf 86' lang='lat' dir='ltr'><strong>Ex.</strong></span> <span class='ocrx_word' id='word_1_31' title='bbox 840 669 917 746; x_wconf 87' lang='grc'><strong>19,5</strong></span> <span class='ocrx_word' id='word_1_32' title='bbox 935 685 986 753; x_wconf 91' lang='lat' dir='ltr'><strong>sq.</strong></span> 
     </span>
    </p>

    <p class='ocr_par' dir='ltr' id='par_1_3' title="bbox 120 768 1449 3517">
     <span class='ocr_line' id='line_1_5' title="bbox 166 768 1436 860; baseline -0.002 -22"><span class='ocrx_word' id='word_1_33' title='bbox 166 770 233 838; x_wconf 90' lang='lat' dir='ltr'><strong>Sed</strong></span> <span class='ocrx_word' id='word_1_34' title='bbox 247 770 315 838; x_wconf 91' lang='lat' dir='ltr'><strong>duo</strong></span> <span class='ocrx_word' id='word_1_35' title='bbox 327 769 502 837; x_wconf 88' lang='lat' dir='ltr'><strong>habentur</strong></span> <span class='ocrx_word' id='word_1_36' title='bbox 511 771 637 837; x_wconf 92' lang='lat' dir='ltr'><strong>horum</strong></span> <span class='ocrx_word' id='word_1_37' title='bbox 648 791 808 837; x_wconf 86' lang='lat' dir='ltr'><strong>versuum</strong></span> <span class='ocrx_word' id='word_1_38' title='bbox 822 768 978 860; x_wconf 84' lang='lat' dir='ltr'><strong>propria.</strong></span> <span class='ocrx_word' id='word_1_39' title='bbox 992 768 1147 836; x_wconf 90' lang='lat' dir='ltr'><strong>Primum</strong></span> <span class='ocrx_word' id='word_1_40' title='bbox 1160 768 1303 837; x_wconf 81' lang='lat' dir='ltr'><strong>eximiae</strong></span> <span class='ocrx_word' id='word_1_41' title='bbox 1315 769 1436 838; x_wconf 88' lang='lat' dir='ltr'><strong>laudes</strong></span> 
     </span>
     <span class='ocr_line' id='line_1_6' title="bbox 120 864 1436 970; baseline -0.001 -26"><span class='ocrx_word' id='word_1_42' title='bbox 120 876 262 945; x_wconf 81' lang='lat' dir='ltr'><strong>Israelis.</strong></span> <span class='ocrx_word' id='word_1_43' title='bbox 286 876 381 945; x_wconf 89' lang='lat' dir='ltr'><strong>Sicut</strong></span> <span class='ocrx_word' id='word_1_44' title='bbox 405 876 486 944; x_wconf 70' lang='lat' dir='ltr'><strong>Gen&#39;.</strong></span> <span class='ocrx_word' id='word_1_45' title='bbox 515 881 616 959; x_wconf 81' lang='lat' dir='ltr'><strong>tt‚1a</strong></span> <span class='ocrx_word' id='word_1_46' title='bbox 642 875 883 967; x_wconf 77' lang='lat' dir='ltr'><strong>appellabatur</strong></span> <span class='ocrx_word' id='word_1_47' title='bbox 905 880 991 944; x_wconf 84' lang='lat' dir='ltr'><strong>Deus</strong></span> <span class='ocrx_word' id='word_1_48' title='bbox 1011 864 1101 970; x_wconf 65' lang='lat' dir='ltr'><strong>tuit,</strong></span> <span class='ocrx_word' id='word_1_49' title='bbox 1125 874 1276 943; x_wconf 75' lang='lat' dir='ltr'><strong>eccelsns</strong></span> <span class='ocrx_word' id='word_1_50' title='bbox 1297 898 1436 966; x_wconf 88' lang='lat' dir='ltr'><strong>compa·</strong></span> 
     </span>
     <span class='ocr_line' id='line_1_7' title="bbox 121 981 1436 1073; baseline -0.002 -23"><span class='ocrx_word' id='word_1_51' title='bbox 121 985 251 1052; x_wconf 87' lang='lat' dir='ltr'><strong>ratione</strong></span> <span class='ocrx_word' id='word_1_52' title='bbox 273 982 445 1073; x_wconf 88' lang='lat' dir='ltr'><strong>imprimis</strong></span> <span class='ocrx_word' id='word_1_53' title='bbox 461 1004 538 1050; x_wconf 93' lang='lat' dir='ltr'><strong>cum</strong></span> <span class='ocrx_word' id='word_1_54' title='bbox 559 982 635 1050; x_wconf 90' lang='lat' dir='ltr'><strong>aliis</strong></span> <span class='ocrx_word' id='word_1_55' title='bbox 655 982 733 1066; x_wconf 88' lang='lat' dir='ltr'><strong>diis,</strong></span> <span class='ocrx_word' id='word_1_56' title='bbox 755 985 804 1050; x_wconf 89' lang='lat' dir='ltr'><strong>ita</strong></span> <span class='ocrx_word' id='word_1_57' title='bbox 822 981 926 1050; x_wconf 90' lang='lat' dir='ltr'><strong>lsrael</strong></span> <span class='ocrx_word' id='word_1_58' title='bbox 951 982 1009 1072; x_wconf 76' lang='lat' dir='ltr'><strong>(ci.</strong></span> <span class='ocrx_word' id='word_1_59' title='bbox 1039 988 1137 1050; x_wconf 87' lang='lat' dir='ltr'><strong>Deut.</strong></span> <span class='ocrx_word' id='word_1_60' title='bbox 1169 982 1262 1071; x_wconf 70' lang='lat' dir='ltr'><strong>nat)</strong></span> <span class='ocrx_word' id='word_1_61' title='bbox 1286 981 1436 1050; x_wconf 80' lang='lat' dir='ltr'><strong>cccclsus</strong></span> 
     </span>
     <span class='ocr_line' id='line_1_8' title="bbox 122 1084 1437 1180; baseline -0.002 -23"><span class='ocrx_word' id='word_1_62' title='bbox 122 1090 186 1157; x_wconf 92' lang='lat' dir='ltr'><strong>erit</strong></span> <span class='ocrx_word' id='word_1_63' title='bbox 214 1090 471 1180; x_wconf 89' lang='lat' dir='ltr'><strong>comparatione</strong></span> <span class='ocrx_word' id='word_1_64' title='bbox 495 1089 641 1158; x_wconf 87' lang='lat' dir='ltr'><strong>aliarum</strong></span> <span class='ocrx_word' id='word_1_65' title='bbox 674 1084 843 1177; x_wconf 81' lang='lat' dir='ltr'><strong>gentium,</strong></span> <span class='ocrx_word' id='word_1_66' title='bbox 872 1111 975 1179; x_wconf 92' lang='lat' dir='ltr'><strong>super</strong></span> <span class='ocrx_word' id='word_1_67' title='bbox 995 1088 1073 1156; x_wconf 91' lang='lat' dir='ltr'><strong>illas</strong></span> <span class='ocrx_word' id='word_1_68' title='bbox 1099 1087 1276 1156; x_wconf 81' lang='lat' dir='ltr'><strong>exaltatus,</strong></span> <span class='ocrx_word' id='word_1_69' title='bbox 1302 1087 1375 1155; x_wconf 86' lang='lat' dir='ltr'><strong>Erit</strong></span> <span class='ocrx_word' id='word_1_70' title='bbox 1400 1089 1437 1154; x_wconf 86' lang='lat' dir='ltr'><strong>in</strong></span> 
     </span>
     <span class='ocr_line' id='line_1_9' title="bbox 122 1193 1437 1285; baseline 0 -23"><span class='ocrx_word' id='word_1_71' title='bbox 122 1193 260 1264; x_wconf 76' lang='lat' dir='ltr'><strong>lotidem</strong></span> <span class='ocrx_word' id='word_1_72' title='bbox 273 1208 305 1263; x_wconf 89' lang='lat' dir='ltr'><strong>et</strong></span> <span class='ocrx_word' id='word_1_73' title='bbox 319 1196 355 1262; x_wconf 90' lang='lat' dir='ltr'><strong>in</strong></span> <span class='ocrx_word' id='word_1_74' title='bbox 367 1218 491 1263; x_wconf 86' lang='lat' dir='ltr'><strong>nomen</strong></span> <span class='ocrx_word' id='word_1_75' title='bbox 507 1207 539 1263; x_wconf 89' lang='lat' dir='ltr'><strong>et</strong></span> <span class='ocrx_word' id='word_1_76' title='bbox 552 1193 718 1281; x_wconf 78' lang='lat' dir='ltr'><strong>indecies,</strong></span> <span class='ocrx_word' id='word_1_77' title='bbox 734 1195 1001 1279; x_wconf 81' lang='lat' dir='ltr'><strong>laudatissimus,</strong></span> <span class='ocrx_word' id='word_1_78' title='bbox 1019 1194 1330 1279; x_wconf 84' lang='lat' dir='ltr'><strong>nominatissimus;</strong></span> <span class='ocrx_word' id='word_1_79' title='bbox 1348 1216 1437 1285; x_wconf 88' lang='lat' dir='ltr'><strong>quae</strong></span> 
     </span>
     <span class='ocr_line' id='line_1_10' title="bbox 123 1295 1438 1393; baseline 0.002 -24"><span class='ocrx_word' id='word_1_80' title='bbox 123 1303 248 1392; x_wconf 90' lang='lat' dir='ltr'><strong>repetit</strong></span> <span class='ocrx_word' id='word_1_81' title='bbox 271 1308 334 1370; x_wconf 85' lang='lat' dir='ltr'><strong>ter.</strong></span> <span class='ocrx_word' id='word_1_82' title='bbox 360 1309 458 1385; x_wconf 73' lang='lat' dir='ltr'><strong>13,st</strong></span> <span class='ocrx_word' id='word_1_83' title='bbox 490 1303 548 1393; x_wconf 85' lang='lat' dir='ltr'><strong>(cf.</strong></span> <span class='ocrx_word' id='word_1_84' title='bbox 571 1308 668 1388; x_wconf 81' lang='lat' dir='ltr'><strong>33,s;</strong></span> <span class='ocrx_word' id='word_1_85' title='bbox 694 1295 845 1393; x_wconf 89' lang='lat' dir='ltr'><strong>Sophon.</strong></span> <span class='ocrx_word' id='word_1_86' title='bbox 868 1307 948 1385; x_wconf 85' lang='grc'><strong>3,19</strong></span> <span class='ocrx_word' id='word_1_87' title='bbox 962 1301 1044 1392; x_wconf 86' lang='lat' dir='ltr'><strong>sq.).</strong></span> <span class='ocrx_word' id='word_1_88' title='bbox 1060 1306 1240 1369; x_wconf 87' lang='lat' dir='ltr'><strong>Praeterea</strong></span> <span class='ocrx_word' id='word_1_89' title='bbox 1254 1303 1438 1390; x_wconf 69' lang='grc' dir='ltr'>ἅπαξλεγὸ-</span> 
     </span>
     <span class='ocr_line' id='line_1_11' title="bbox 124 1408 1439 1498; baseline -0.003 -20"><span class='ocrx_word' id='word_1_90' title='bbox 124 1440 198 1494; x_wconf 65' lang='lat' dir='ltr'><strong>aava</strong></span> <span class='ocrx_word' id='word_1_91' title='bbox 225 1414 305 1476; x_wconf 90' lang='lat' dir='ltr'><strong>sunt</strong></span> <span class='ocrx_word' id='word_1_92' title='bbox 326 1409 455 1477; x_wconf 85' lang='lat' dir='ltr'><strong>formae</strong></span> <span class='ocrx_word' id='word_1_93' title='bbox 474 1408 588 1498; x_wconf 90' lang='lat' dir='ltr'><strong>hiphil</strong></span> <span class='ocrx_word' id='word_1_94' title='bbox 613 1424 728 1476; x_wconf 66' lang='lat' dir='ltr'><strong>nunno</strong></span> <span class='ocrx_word' id='word_1_95' title='bbox 758 1414 792 1476; x_wconf 88' lang='lat' dir='ltr'><strong>et</strong></span> <span class='ocrx_word' id='word_1_96' title='bbox 815 1424 956 1498; x_wconf 67' lang='lat' dir='ltr'><strong>Tttnnn·</strong></span> <span class='ocrx_word' id='word_1_97' title='bbox 977 1412 1126 1486; x_wconf 87' lang='lat' dir='ltr'><strong>Quarum</strong></span> <span class='ocrx_word' id='word_1_98' title='bbox 1153 1431 1270 1477; x_wconf 92' lang='lat' dir='ltr'><strong>scnsus</strong></span> <span class='ocrx_word' id='word_1_99' title='bbox 1294 1414 1439 1475; x_wconf 87' lang='lat' dir='ltr'><strong>nonest</strong></span> 
     </span>
     <span class='ocr_line' id='line_1_12' title="bbox 124 1512 1439 1606; baseline -0.002 -24"><span class='ocrx_word' id='word_1_100' title='bbox 124 1515 261 1606; x_wconf 73' lang='lat' dir='ltr'><strong>eleqisti</strong></span> <span class='ocrx_word' id='word_1_101' title='bbox 291 1520 325 1582; x_wconf 89' lang='lat' dir='ltr'><strong>et</strong></span> <span class='ocrx_word' id='word_1_102' title='bbox 352 1515 457 1606; x_wconf 69' lang='lat' dir='ltr'><strong>clepit</strong></span> <span class='ocrx_word' id='word_1_103' title='bbox 488 1529 520 1582; x_wconf 90' lang='lat' dir='ltr'><strong>tc</strong></span> <span class='ocrx_word' id='word_1_104' title='bbox 547 1515 653 1604; x_wconf 86' lang='lat' dir='ltr'><em>(LXX</em></span> <span class='ocrx_word' id='word_1_105' title='bbox 683 1515 782 1604; x_wconf 74' lang='lat' dir='ltr'><strong>anq.</strong></span> <span class='ocrx_word' id='word_1_106' title='bbox 817 1513 974 1604; x_wconf 74' lang='lat' dir='ltr'><strong>stata),</strong></span> <span class='ocrx_word' id='word_1_107' title='bbox 1007 1536 1119 1605; x_wconf 90' lang='lat' dir='ltr'><strong>neque</strong></span> <span class='ocrx_word' id='word_1_108' title='bbox 1146 1512 1269 1581; x_wconf 57' lang='lat' dir='ltr'><strong>detristi</strong></span> <span class='ocrx_word' id='word_1_109' title='bbox 1292 1520 1326 1581; x_wconf 91' lang='lat' dir='ltr'><strong>et</strong></span> <span class='ocrx_word' id='word_1_110' title='bbox 1349 1512 1439 1580; x_wconf 87' lang='lat' dir='ltr'><strong>dicet</strong></span> 
     </span>
     <span class='ocr_line' id='line_1_13' title="bbox 124 1620 1437 1712; baseline -0.001 -23"><span class='ocrx_word' id='word_1_111' title='bbox 124 1622 247 1712; x_wconf 75' lang='lat' dir='ltr'><strong>(Syn),</strong></span> <span class='ocrx_word' id='word_1_112' title='bbox 271 1621 330 1689; x_wconf 87' lang='lat' dir='ltr'><strong>sed</strong></span> <span class='ocrx_word' id='word_1_113' title='bbox 349 1621 462 1689; x_wconf 84' lang='lat' dir='ltr'><strong>dicere</strong></span> <span class='ocrx_word' id='word_1_114' title='bbox 478 1621 594 1711; x_wconf 77' lang='lat' dir='ltr'><strong>fecisti</strong></span> <span class='ocrx_word' id='word_1_115' title='bbox 617 1629 651 1689; x_wconf 87' lang='lat' dir='ltr'><strong>et</strong></span> <span class='ocrx_word' id='word_1_116' title='bbox 673 1621 785 1688; x_wconf 86' lang='lat' dir='ltr'><strong>dicere</strong></span> <span class='ocrx_word' id='word_1_117' title='bbox 805 1632 837 1689; x_wconf 85' lang='lat' dir='ltr'><strong>te</strong></span> <span class='ocrx_word' id='word_1_118' title='bbox 853 1621 955 1709; x_wconf 73' lang='lat' dir='ltr'><strong>fecit,</strong></span> <span class='ocrx_word' id='word_1_119' title='bbox 973 1620 1134 1708; x_wconf 80' lang='lat' dir='ltr'><strong>utigitur</strong></span> <span class='ocrx_word' id='word_1_120' title='bbox 1150 1620 1193 1688; x_wconf 86' lang='lat' dir='ltr'><strong>sit</strong></span> <span class='ocrx_word' id='word_1_121' title='bbox 1208 1621 1411 1688; x_wconf 90' lang='lat' dir='ltr'><strong>vertendum</strong></span> <span class='ocrx_word' id='word_1_122' title='bbox 1429 1641 1437 1688; x_wconf 75' lang='grc' dir='ltr'>ε</span> 
     </span>
     <span class='ocr_line' id='line_1_14' title="bbox 123 1725 1440 1818; baseline -0.001 -25"><span class='ocrx_word' id='word_1_123' title='bbox 123 1727 237 1795; x_wconf 85' lang='lat' dir='ltr'><strong>Hodie</strong></span> <span class='ocrx_word' id='word_1_124' title='bbox 254 1726 365 1795; x_wconf 86' lang='lat' dir='ltr'><strong>dicere</strong></span> <span class='ocrx_word' id='word_1_125' title='bbox 372 1728 495 1818; x_wconf 78' lang='lat' dir='ltr'><strong>fecisti</strong></span> <span class='ocrx_word' id='word_1_126' title='bbox 509 1727 647 1814; x_wconf 75' lang='lat' dir='ltr'><strong>lairen,</strong></span> <span class='ocrx_word' id='word_1_127' title='bbox 665 1740 704 1794; x_wconf 81' lang='lat' dir='ltr'><strong>ut</strong></span> <span class='ocrx_word' id='word_1_128' title='bbox 727 1740 810 1795; x_wconf 86' lang='lat' dir='ltr'><strong>esset</strong></span> <span class='ocrx_word' id='word_1_129' title='bbox 824 1727 890 1794; x_wconf 84' lang='lat' dir='ltr'><strong>tibi</strong></span> <span class='ocrx_word' id='word_1_130' title='bbox 904 1730 994 1795; x_wconf 84' lang='lat' dir='ltr'><strong>Dens</strong></span> <span class='ocrx_word' id='word_1_131' title='bbox 1012 1741 1094 1811; x_wconf 86' lang='lat' dir='ltr'><strong>etc.,·</strong></span> <span class='ocrx_word' id='word_1_132' title='bbox 1113 1740 1145 1794; x_wconf 89' lang='lat' dir='ltr'><strong>ct</strong></span> <span class='ocrx_word' id='word_1_133' title='bbox 1169 1725 1272 1794; x_wconf 74' lang='lat' dir='ltr'><strong>lotoe</strong></span> <span class='ocrx_word' id='word_1_134' title='bbox 1290 1739 1322 1794; x_wconf 92' lang='lat' dir='ltr'><strong>te</strong></span> <span class='ocrx_word' id='word_1_135' title='bbox 1337 1726 1440 1793; x_wconf 83' lang='lat' dir='ltr'><strong>hodie</strong></span> 
     </span>
     <span class='ocr_line' id='line_1_15' title="bbox 121 1832 1437 1926; baseline 0 -27"><span class='ocrx_word' id='word_1_136' title='bbox 121 1834 234 1902; x_wconf 86' lang='lat' dir='ltr'><strong>dicere</strong></span> <span class='ocrx_word' id='word_1_137' title='bbox 251 1835 353 1923; x_wconf 81' lang='lat' dir='ltr'><strong>fecit,</strong></span> <span class='ocrx_word' id='word_1_138' title='bbox 379 1848 416 1901; x_wconf 86' lang='lat' dir='ltr'><strong>nt</strong></span> <span class='ocrx_word' id='word_1_139' title='bbox 437 1857 523 1902; x_wconf 83' lang='lat' dir='ltr'><strong>esses</strong></span> <span class='ocrx_word' id='word_1_140' title='bbox 545 1835 578 1902; x_wconf 91' lang='lat' dir='ltr'><strong>ei</strong></span> <span class='ocrx_word' id='word_1_141' title='bbox 593 1834 749 1926; x_wconf 79' lang='lat' dir='ltr'><strong>populus</strong></span> <span class='ocrx_word' id='word_1_142' title='bbox 771 1846 834 1902; x_wconf 89' lang='lat' dir='ltr'><strong>etc.</strong></span> <span class='ocrx_word' id='word_1_143' title='bbox 855 1833 921 1902; x_wconf 89' lang='lat' dir='ltr'><strong>Ubi</strong></span> <span class='ocrx_word' id='word_1_144' title='bbox 943 1836 1003 1900; x_wconf 90' lang='lat' dir='ltr'><strong>Dr.</strong></span> <span class='ocrx_word' id='word_1_145' title='bbox 1026 1855 1033 1901; x_wconf 93' lang='lat'><strong>:</strong></span> <span class='ocrx_word' id='word_1_146' title='bbox 1059 1861 1075 1895; x_wconf 89' lang='lat'>«</span> <span class='ocrx_word' id='word_1_147' title='bbox 1096 1834 1236 1901; x_wconf 85' lang='lat' dir='ltr'><strong>fortasse</strong></span> <span class='ocrx_word' id='word_1_148' title='bbox 1258 1861 1292 1915; x_wconf 87' lang='lat'><strong>»‚</strong></span> <span class='ocrx_word' id='word_1_149' title='bbox 1311 1832 1437 1922; x_wconf 82' lang='lat' dir='ltr'><strong>inquit,</strong></span> 
     </span>
     <span class='ocr_line' id='line_1_16' title="bbox 125 1938 1438 2018; baseline 0.002 -16"><span class='ocrx_word' id='word_1_150' title='bbox 125 1969 140 2002; x_wconf 72' lang='lat' dir='ltr'><strong>a</strong></span> <span class='ocrx_word' id='word_1_151' title='bbox 168 1956 272 2006; x_wconf 64' lang='lat' dir='ltr'><strong>sinan</strong></span> <span class='ocrx_word' id='word_1_152' title='bbox 298 1945 372 2008; x_wconf 90' lang='lat' dir='ltr'><strong>erat</strong></span> <span class='ocrx_word' id='word_1_153' title='bbox 394 1941 563 2008; x_wconf 89' lang='lat' dir='ltr'><strong>terminus</strong></span> <span class='ocrx_word' id='word_1_154' title='bbox 592 1941 772 2009; x_wconf 86' lang='lat' dir='ltr'><strong>technicus</strong></span> <span class='ocrx_word' id='word_1_155' title='bbox 799 1943 837 2008; x_wconf 92' lang='lat' dir='ltr'><strong>in</strong></span> <span class='ocrx_word' id='word_1_156' title='bbox 870 1939 1065 2007; x_wconf 79' lang='lat' dir='ltr'><strong>foederibus</strong></span> <span class='ocrx_word' id='word_1_157' title='bbox 1093 1938 1256 2007; x_wconf 83' lang='lat' dir='ltr'><strong>feriendis</strong></span> <span class='ocrx_word' id='word_1_158' title='bbox 1282 1938 1438 2018; x_wconf 87' lang='lat' dir='ltr'><strong>usitatus,</strong></span> 
     </span>
     <span class='ocr_line' id='line_1_17' title="bbox 123 2044 1437 2138; baseline -0.003 -24"><span class='ocrx_word' id='word_1_159' title='bbox 123 2046 260 2136; x_wconf 86' lang='lat' dir='ltr'><strong>quando</strong></span> <span class='ocrx_word' id='word_1_160' title='bbox 273 2069 352 2137; x_wconf 91' lang='lat' dir='ltr'><strong>pars</strong></span> <span class='ocrx_word' id='word_1_161' title='bbox 365 2070 523 2138; x_wconf 90' lang='lat' dir='ltr'><strong>quaeque</strong></span> <span class='ocrx_word' id='word_1_162' title='bbox 535 2046 743 2134; x_wconf 83' lang='lat' dir='ltr'><strong>adigebatur</strong></span> <span class='ocrx_word' id='word_1_163' title='bbox 753 2047 797 2115; x_wconf 90' lang='lat' dir='ltr'><strong>ad</strong></span> <span class='ocrx_word' id='word_1_164' title='bbox 810 2046 1025 2117; x_wconf 86' lang='lat' dir='ltr'><strong>conditiones</strong></span> <span class='ocrx_word' id='word_1_165' title='bbox 1034 2044 1184 2113; x_wconf 80' lang='lat' dir='ltr'><strong>foedaris</strong></span> <span class='ocrx_word' id='word_1_166' title='bbox 1196 2044 1390 2113; x_wconf 86' lang='lat' dir='ltr'><strong>recitandas</strong></span> <span class='ocrx_word' id='word_1_167' title='bbox 1405 2072 1437 2110; x_wconf 71' lang='lat' dir='ltr'><strong>s.</strong></span> 
     </span>
     <span class='ocr_line' id='line_1_18' title="bbox 123 2150 1440 2243; baseline 0 -24"><span class='ocrx_word' id='word_1_168' title='bbox 123 2160 247 2221; x_wconf 90' lang='lat' dir='ltr'><strong>Verum</strong></span> <span class='ocrx_word' id='word_1_169' title='bbox 257 2155 342 2221; x_wconf 89' lang='lat' dir='ltr'><strong>haec</strong></span> <span class='ocrx_word' id='word_1_170' title='bbox 356 2153 508 2242; x_wconf 81' lang='lat' dir='ltr'><strong>gratuito</strong></span> <span class='ocrx_word' id='word_1_171' title='bbox 523 2154 780 2241; x_wconf 84' lang='lat' dir='ltr'><strong>confinguntur.</strong></span> <span class='ocrx_word' id='word_1_172' title='bbox 797 2160 835 2221; x_wconf 94' lang='lat' dir='ltr'><strong>ln</strong></span> <span class='ocrx_word' id='word_1_173' title='bbox 852 2153 1010 2243; x_wconf 90' lang='lat' dir='ltr'><strong>quolibet</strong></span> <span class='ocrx_word' id='word_1_174' title='bbox 1023 2150 1162 2221; x_wconf 89' lang='lat' dir='ltr'><strong>foedere</strong></span> <span class='ocrx_word' id='word_1_175' title='bbox 1173 2150 1331 2219; x_wconf 87' lang='lat' dir='ltr'><strong>feriendo</strong></span> <span class='ocrx_word' id='word_1_176' title='bbox 1347 2157 1440 2220; x_wconf 87' lang='lat' dir='ltr'><strong>utra·</strong></span> 
     </span>
     <span class='ocr_line' id='line_1_19' title="bbox 124 2257 1440 2351; baseline -0.003 -23"><span class='ocrx_word' id='word_1_177' title='bbox 124 2283 191 2350; x_wconf 88' lang='lat' dir='ltr'><strong>quc</strong></span> <span class='ocrx_word' id='word_1_178' title='bbox 220 2282 299 2351; x_wconf 84' lang='lat' dir='ltr'><strong>pars</strong></span> <span class='ocrx_word' id='word_1_179' title='bbox 323 2260 456 2350; x_wconf 91' lang='lat' dir='ltr'><strong>aliquid</strong></span> <span class='ocrx_word' id='word_1_180' title='bbox 473 2259 560 2327; x_wconf 90' lang='lat' dir='ltr'><strong>dicit</strong></span> <span class='ocrx_word' id='word_1_181' title='bbox 583 2265 735 2344; x_wconf 84' lang='lat' dir='ltr'><strong>eatenus,</strong></span> <span class='ocrx_word' id='word_1_182' title='bbox 752 2264 921 2350; x_wconf 89' lang='lat' dir='ltr'><strong>quatenus</strong></span> <span class='ocrx_word' id='word_1_183' title='bbox 942 2280 1146 2326; x_wconf 92' lang='lat' dir='ltr'><strong>consensum</strong></span> <span class='ocrx_word' id='word_1_184' title='bbox 1160 2257 1343 2345; x_wconf 81' lang='lat' dir='ltr'><strong>significat,</strong></span> <span class='ocrx_word' id='word_1_185' title='bbox 1356 2278 1440 2326; x_wconf 90' lang='lat' dir='ltr'><strong>con-</strong></span> 
     </span>
     <span class='ocr_line' id='line_1_20' title="bbox 123 2363 1441 2457; baseline -0.002 -24"><span class='ocrx_word' id='word_1_186' title='bbox 123 2366 271 2434; x_wconf 91' lang='lat' dir='ltr'><strong>ditiones</strong></span> <span class='ocrx_word' id='word_1_187' title='bbox 293 2372 457 2457; x_wconf 87' lang='lat' dir='ltr'><strong>acceptat.</strong></span> <span class='ocrx_word' id='word_1_188' title='bbox 488 2367 552 2434; x_wconf 92' lang='lat' dir='ltr'><strong>Ubi</strong></span> <span class='ocrx_word' id='word_1_189' title='bbox 570 2371 687 2435; x_wconf 89' lang='lat' dir='ltr'><strong>autem</strong></span> <span class='ocrx_word' id='word_1_190' title='bbox 716 2365 837 2433; x_wconf 84' lang='lat' dir='ltr'><strong>foedus</strong></span> <span class='ocrx_word' id='word_1_191' title='bbox 860 2365 967 2433; x_wconf 90' lang='lat' dir='ltr'><strong>initur</strong></span> <span class='ocrx_word' id='word_1_192' title='bbox 993 2363 1134 2432; x_wconf 91' lang='lat' dir='ltr'><strong>omnino</strong></span> <span class='ocrx_word' id='word_1_193' title='bbox 1159 2369 1366 2454; x_wconf 87' lang='lat' dir='ltr'><strong>spontanec,</strong></span> <span class='ocrx_word' id='word_1_194' title='bbox 1391 2363 1441 2431; x_wconf 91' lang='lat' dir='ltr'><strong>ibi</strong></span> 
     </span>
     <span class='ocr_line' id='line_1_21' title="bbox 125 2470 1449 2563; baseline -0.002 -24"><span class='ocrx_word' id='word_1_195' title='bbox 125 2481 269 2562; x_wconf 88' lang='lat' dir='ltr'><strong>utraque</strong></span> <span class='ocrx_word' id='word_1_196' title='bbox 286 2496 365 2562; x_wconf 88' lang='lat' dir='ltr'><strong>pars</strong></span> <span class='ocrx_word' id='word_1_197' title='bbox 386 2473 520 2563; x_wconf 90' lang='lat' dir='ltr'><strong>aliquid</strong></span> <span class='ocrx_word' id='word_1_198' title='bbox 538 2473 658 2562; x_wconf 87' lang='lat' dir='ltr'><strong>utique</strong></span> <span class='ocrx_word' id='word_1_199' title='bbox 679 2471 777 2554; x_wconf 87' lang='lat' dir='ltr'><strong>dicit,</strong></span> <span class='ocrx_word' id='word_1_200' title='bbox 797 2473 858 2539; x_wconf 87' lang='lat' dir='ltr'><strong>sed</strong></span> <span class='ocrx_word' id='word_1_201' title='bbox 882 2494 950 2539; x_wconf 94' lang='lat' dir='ltr'><strong>non</strong></span> <span class='ocrx_word' id='word_1_202' title='bbox 969 2471 1060 2560; x_wconf 86' lang='lat' dir='ltr'><strong>socit</strong></span> <span class='ocrx_word' id='word_1_203' title='bbox 1073 2470 1186 2538; x_wconf 86' lang='lat' dir='ltr'><strong>dicere</strong></span> <span class='ocrx_word' id='word_1_204' title='bbox 1201 2470 1347 2539; x_wconf 92' lang='lat' dir='ltr'><strong>alteram</strong></span> <span class='ocrx_word' id='word_1_205' title='bbox 1361 2490 1449 2561; x_wconf 86' lang='lat' dir='ltr'><strong>par··</strong></span> 
     </span>
     <span class='ocr_line' id='line_1_22' title="bbox 123 2576 1441 2668; baseline -0.001 -23"><span class='ocrx_word' id='word_1_206' title='bbox 123 2586 205 2645; x_wconf 83' lang='lat' dir='ltr'><strong>tem.</strong></span> <span class='ocrx_word' id='word_1_207' title='bbox 223 2583 313 2657; x_wconf 87' lang='lat' dir='ltr'><strong>Quae</strong></span> <span class='ocrx_word' id='word_1_208' title='bbox 331 2580 502 2668; x_wconf 83' lang='lat' dir='ltr'><strong>expressio</strong></span> <span class='ocrx_word' id='word_1_209' title='bbox 515 2577 645 2645; x_wconf 86' lang='lat' dir='ltr'><strong>indicat</strong></span> <span class='ocrx_word' id='word_1_210' title='bbox 664 2576 785 2645; x_wconf 85' lang='lat' dir='ltr'><strong>foedus</strong></span> <span class='ocrx_word' id='word_1_211' title='bbox 803 2577 929 2644; x_wconf 88' lang='lat' dir='ltr'><strong>initum</strong></span> <span class='ocrx_word' id='word_1_212' title='bbox 950 2599 1027 2645; x_wconf 89' lang='lat' dir='ltr'><strong>cum</strong></span> <span class='ocrx_word' id='word_1_213' title='bbox 1047 2577 1165 2666; x_wconf 90' lang='lat' dir='ltr'><strong>aliqua</strong></span> <span class='ocrx_word' id='word_1_214' title='bbox 1179 2583 1299 2645; x_wconf 91' lang='lat' dir='ltr'><strong>mutua</strong></span> <span class='ocrx_word' id='word_1_215' title='bbox 1314 2577 1441 2645; x_wconf 91' lang='lat' dir='ltr'><strong>adhor-</strong></span> 
     </span>
     <span class='ocr_line' id='line_1_23' title="bbox 124 2682 1442 2767; baseline -0.001 -16"><span class='ocrx_word' id='word_1_216' title='bbox 124 2684 253 2751; x_wconf 83' lang='lat' dir='ltr'><strong>tatione</strong></span> <span class='ocrx_word' id='word_1_217' title='bbox 277 2691 310 2751; x_wconf 92' lang='lat' dir='ltr'><strong>ct</strong></span> <span class='ocrx_word' id='word_1_218' title='bbox 334 2683 601 2767; x_wconf 84' lang='lat' dir='ltr'><strong>deliberatione,</strong></span> <span class='ocrx_word' id='word_1_219' title='bbox 629 2682 750 2750; x_wconf 90' lang='lat' dir='ltr'><strong>habita</strong></span> <span class='ocrx_word' id='word_1_220' title='bbox 772 2687 871 2751; x_wconf 87' lang='lat' dir='ltr'><strong>antea</strong></span> <span class='ocrx_word' id='word_1_221' title='bbox 896 2682 939 2750; x_wconf 92' lang='lat' dir='ltr'><strong>dc</strong></span> <span class='ocrx_word' id='word_1_222' title='bbox 952 2682 1208 2751; x_wconf 89' lang='lat' dir='ltr'><strong>conditionibus</strong></span> <span class='ocrx_word' id='word_1_223' title='bbox 1222 2682 1370 2751; x_wconf 85' lang='lat' dir='ltr'><strong>foederis</strong></span> <span class='ocrx_word' id='word_1_224' title='bbox 1384 2705 1442 2751; x_wconf 90' lang='lat' dir='ltr'><strong>ac·</strong></span> 
     </span>
     <span class='ocr_line' id='line_1_24' title="bbox 125 2787 1439 2880; baseline 0.001 -23"><span class='ocrx_word' id='word_1_225' title='bbox 125 2792 218 2858; x_wconf 89' lang='lat' dir='ltr'><strong>tione</strong></span> <span class='ocrx_word' id='word_1_226' title='bbox 242 2790 372 2880; x_wconf 92' lang='lat' dir='ltr'><strong>aliqua.</strong></span> <span class='ocrx_word' id='word_1_227' title='bbox 404 2790 537 2880; x_wconf 87' lang='lat' dir='ltr'><strong>Optime</strong></span> <span class='ocrx_word' id='word_1_228' title='bbox 566 2787 775 2857; x_wconf 91' lang='lat' dir='ltr'><strong>conveniunt</strong></span> <span class='ocrx_word' id='word_1_229' title='bbox 796 2789 882 2857; x_wconf 90' lang='lat' dir='ltr'><strong>hacc</strong></span> <span class='ocrx_word' id='word_1_230' title='bbox 907 2789 1121 2857; x_wconf 88' lang='lat' dir='ltr'><strong>renovationi</strong></span> <span class='ocrx_word' id='word_1_231' title='bbox 1148 2789 1297 2857; x_wconf 86' lang='lat' dir='ltr'><strong>foederis</strong></span> <span class='ocrx_word' id='word_1_232' title='bbox 1318 2795 1381 2857; x_wconf 91' lang='lat' dir='ltr'><strong>los.</strong></span> <span class='ocrx_word' id='word_1_233' title='bbox 1406 2795 1439 2871; x_wconf 86' lang='lat'><strong>8,</strong></span> 
     </span>
     <span class='ocr_line' id='line_1_25' title="bbox 125 2895 1442 2978; baseline -0.001 -15"><span class='ocrx_word' id='word_1_234' title='bbox 125 2904 228 2967; x_wconf 72' lang='lat' dir='ltr'><strong>:ro-35</strong></span> <span class='ocrx_word' id='word_1_235' title='bbox 250 2898 453 2965; x_wconf 82' lang='lat' dir='ltr'><strong>celebratae.</strong></span> <span class='ocrx_word' id='word_1_236' title='bbox 477 2897 539 2966; x_wconf 91' lang='lat' dir='ltr'><strong>Ubi</strong></span> <span class='ocrx_word' id='word_1_237' title='bbox 564 2897 654 2964; x_wconf 87' lang='lat' dir='ltr'><strong>lecta</strong></span> <span class='ocrx_word' id='word_1_238' title='bbox 675 2901 756 2964; x_wconf 91' lang='lat' dir='ltr'><strong>sunt</strong></span> <span class='ocrx_word' id='word_1_239' title='bbox 776 2896 895 2963; x_wconf 86' lang='lat' dir='ltr'><strong>omnia</strong></span> <span class='ocrx_word' id='word_1_240' title='bbox 915 2899 1017 2963; x_wconf 82' lang='lat' dir='ltr'><strong>acrba</strong></span> <span class='ocrx_word' id='word_1_241' title='bbox 1036 2895 1167 2978; x_wconf 74' lang='lat' dir='ltr'><strong>tiarae,</strong></span> <span class='ocrx_word' id='word_1_242' title='bbox 1195 2895 1385 2964; x_wconf 80' lang='lat' dir='ltr'><strong>benedictio</strong></span> <span class='ocrx_word' id='word_1_243' title='bbox 1409 2909 1442 2962; x_wconf 90' lang='lat' dir='ltr'><strong>et</strong></span> 
     </span>
     <span class='ocr_line' id='line_1_26' title="bbox 124 3001 1441 3094; baseline -0.002 -23"><span class='ocrx_word' id='word_1_244' title='bbox 124 3003 324 3072; x_wconf 79' lang='lat' dir='ltr'><strong>maledictio</strong></span> <span class='ocrx_word' id='word_1_245' title='bbox 343 3004 419 3094; x_wconf 86' lang='lat' dir='ltr'><strong>(los.</strong></span> <span class='ocrx_word' id='word_1_246' title='bbox 443 3002 555 3094; x_wconf 82' lang='lat' dir='ltr'><strong>8‚at);</strong></span> <span class='ocrx_word' id='word_1_247' title='bbox 576 3004 668 3071; x_wconf 86' lang='lat' dir='ltr'><strong>facta</strong></span> <span class='ocrx_word' id='word_1_248' title='bbox 690 3008 739 3071; x_wconf 90' lang='lat' dir='ltr'><strong>est</strong></span> <span class='ocrx_word' id='word_1_249' title='bbox 758 3002 937 3071; x_wconf 86' lang='lat' dir='ltr'><strong>renovatio</strong></span> <span class='ocrx_word' id='word_1_250' title='bbox 953 3003 1020 3070; x_wconf 86' lang='lat' dir='ltr'><strong>ritu</strong></span> <span class='ocrx_word' id='word_1_251' title='bbox 1037 3007 1179 3092; x_wconf 78' lang='lat' dir='ltr'><strong>atloyse</strong></span> <span class='ocrx_word' id='word_1_252' title='bbox 1193 3001 1326 3071; x_wconf 89' lang='lat' dir='ltr'><strong>dudum</strong></span> <span class='ocrx_word' id='word_1_253' title='bbox 1341 3025 1441 3092; x_wconf 89' lang='lat' dir='ltr'><strong>prae-</strong></span> 
     </span>
     <span class='ocr_line' id='line_1_27' title="bbox 123 3109 1442 3202; baseline -0.002 -23"><span class='ocrx_word' id='word_1_254' title='bbox 123 3112 299 3195; x_wconf 88' lang='lat' dir='ltr'><strong>ordinat0;</strong></span> <span class='ocrx_word' id='word_1_255' title='bbox 321 3111 469 3202; x_wconf 90' lang='lat' dir='ltr'><strong>populus</strong></span> <span class='ocrx_word' id='word_1_256' title='bbox 489 3109 749 3178; x_wconf 91' lang='lat' dir='ltr'><strong>maledictiones</strong></span> <span class='ocrx_word' id='word_1_257' title='bbox 766 3115 799 3178; x_wconf 90' lang='lat' dir='ltr'><strong>et</strong></span> <span class='ocrx_word' id='word_1_258' title='bbox 821 3131 900 3178; x_wconf 90' lang='lat' dir='ltr'><strong>oum</strong></span> <span class='ocrx_word' id='word_1_259' title='bbox 918 3110 994 3177; x_wconf 91' lang='lat' dir='ltr'><strong>illis·</strong></span> <span class='ocrx_word' id='word_1_260' title='bbox 1006 3115 1115 3178; x_wconf 83' lang='lat' dir='ltr'><strong>totum</strong></span> <span class='ocrx_word' id='word_1_261' title='bbox 1132 3109 1252 3178; x_wconf 81' lang='lat' dir='ltr'><strong>foedus</strong></span> <span class='ocrx_word' id='word_1_262' title='bbox 1272 3114 1362 3178; x_wconf 86' lang='lat' dir='ltr'><strong>ratus</strong></span> <span class='ocrx_word' id='word_1_263' title='bbox 1378 3110 1442 3177; x_wconf 91' lang='lat' dir='ltr'><strong>ha-</strong></span> 
     </span>
     <span class='ocr_line' id='line_1_28' title="bbox 124 3215 1442 3309; baseline -0.001 -25"><span class='ocrx_word' id='word_1_264' title='bbox 124 3219 199 3287; x_wconf 91' lang='lat' dir='ltr'><strong>buit</strong></span> <span class='ocrx_word' id='word_1_265' title='bbox 212 3218 435 3309; x_wconf 84' lang='lat' dir='ltr'><strong>pronuntiato</strong></span> <span class='ocrx_word' id='word_1_266' title='bbox 449 3221 571 3286; x_wconf 83' lang='lat' dir='ltr'><strong>Amen.</strong></span> <span class='ocrx_word' id='word_1_267' title='bbox 593 3222 676 3285; x_wconf 92' lang='lat' dir='ltr'><strong>Vere</strong></span> <span class='ocrx_word' id='word_1_268' title='bbox 694 3217 797 3285; x_wconf 89' lang='lat' dir='ltr'><strong>lahve</strong></span> <span class='ocrx_word' id='word_1_269' title='bbox 812 3217 979 3308; x_wconf 91' lang='lat' dir='ltr'><strong>populum</strong></span> <span class='ocrx_word' id='word_1_270' title='bbox 998 3215 1112 3284; x_wconf 88' lang='lat' dir='ltr'><strong>dicere</strong></span> <span class='ocrx_word' id='word_1_271' title='bbox 1126 3216 1208 3306; x_wconf 72' lang='lat' dir='ltr'><strong>[ecit</strong></span> <span class='ocrx_word' id='word_1_272' title='bbox 1229 3216 1316 3286; x_wconf 92' lang='lat' dir='ltr'><strong>illud</strong></span> <span class='ocrx_word' id='word_1_273' title='bbox 1333 3222 1442 3285; x_wconf 81' lang='lat' dir='ltr'><strong>Amen</strong></span> 
     </span>
     <span class='ocr_line' id='line_1_29' title="bbox 124 3323 1441 3416; baseline -0.002 -24"><span class='ocrx_word' id='word_1_274' title='bbox 124 3331 157 3392; x_wconf 89' lang='lat' dir='ltr'><strong>et</strong></span> <span class='ocrx_word' id='word_1_275' title='bbox 178 3326 344 3416; x_wconf 85' lang='lat' dir='ltr'><strong>populus,</strong></span> <span class='ocrx_word' id='word_1_276' title='bbox 360 3324 507 3392; x_wconf 83' lang='lat' dir='ltr'><strong>fideliter</strong></span> <span class='ocrx_word' id='word_1_277' title='bbox 524 3324 703 3391; x_wconf 86' lang='lat' dir='ltr'><strong>observato</strong></span> <span class='ocrx_word' id='word_1_278' title='bbox 723 3324 791 3391; x_wconf 92' lang='lat' dir='ltr'><strong>ritu</strong></span> <span class='ocrx_word' id='word_1_279' title='bbox 811 3346 831 3389; x_wconf 90' lang='lat' dir='ltr'><strong>a</strong></span> <span class='ocrx_word' id='word_1_280' title='bbox 850 3328 960 3411; x_wconf 82' lang='lat' dir='ltr'><strong>Moyse</strong></span> <span class='ocrx_word' id='word_1_281' title='bbox 974 3324 1200 3413; x_wconf 86' lang='lat' dir='ltr'><strong>praescripto,</strong></span> <span class='ocrx_word' id='word_1_282' title='bbox 1220 3324 1310 3411; x_wconf 78' lang='lat' dir='ltr'><strong>fecit</strong></span> <span class='ocrx_word' id='word_1_283' title='bbox 1329 3323 1441 3390; x_wconf 87' lang='lat' dir='ltr'><strong>dicere</strong></span> 
     </span>
     <span class='ocr_line' id='line_1_30' title="bbox 125 3426 1438 3517; baseline -0.002 -19"><span class='ocrx_word' id='word_1_284' title='bbox 125 3436 247 3500; x_wconf 89' lang='lat' dir='ltr'><strong>losuen</strong></span> <span class='ocrx_word' id='word_1_285' title='bbox 262 3431 315 3498; x_wconf 88' lang='lat' dir='ltr'><strong>vel</strong></span> <span class='ocrx_word' id='word_1_286' title='bbox 329 3429 521 3498; x_wconf 88' lang='lat' dir='ltr'><strong>sacerdotes</strong></span> <span class='ocrx_word' id='word_1_287' title='bbox 536 3430 689 3497; x_wconf 81' lang='lat' dir='ltr'><strong>efficacia</strong></span> <span class='ocrx_word' id='word_1_288' title='bbox 703 3429 806 3496; x_wconf 90' lang='lat' dir='ltr'><strong>verba</strong></span> <span class='ocrx_word' id='word_1_289' title='bbox 822 3426 959 3496; x_wconf 88' lang='lat' dir='ltr'><strong>divinae</strong></span> <span class='ocrx_word' id='word_1_290' title='bbox 972 3428 1224 3495; x_wconf 89' lang='lat' dir='ltr'><strong>benedictionis</strong></span> <span class='ocrx_word' id='word_1_291' title='bbox 1243 3430 1316 3513; x_wconf 91' lang='lat' dir='ltr'><strong>(los.</strong></span> <span class='ocrx_word' id='word_1_292' title='bbox 1330 3429 1438 3517; x_wconf 87' lang='lat'><strong>8,33).</strong></span> 
     </span>
    </p>
   </div>
   <div class='ocr_carea' id='block_1_3' title="bbox 304 3674 1263 3871">
    <p class='ocr_par' dir='ltr' id='par_1_4' title="bbox 304 3674 1263 3871">
     <span class='ocr_line' id='line_1_31' title="bbox 304 3674 1263 3767; baseline -0.002 -22"><span class='ocrx_word' id='word_1_293' title='bbox 304 3685 336 3746; x_wconf 60' lang='grc' dir='ltr'><strong>ἓ.</strong></span> <span class='ocrx_word' id='word_1_294' title='bbox 354 3677 560 3746; x_wconf 83' lang='lat' dir='ltr'><strong>Describitur</strong></span> <span class='ocrx_word' id='word_1_295' title='bbox 573 3677 662 3744; x_wconf 80' lang='lat' dir='ltr'><strong>ritus</strong></span> <span class='ocrx_word' id='word_1_296' title='bbox 676 3675 805 3767; x_wconf 83' lang='lat' dir='ltr'><strong>aliquis</strong></span> <span class='ocrx_word' id='word_1_297' title='bbox 820 3675 858 3742; x_wconf 89' lang='lat' dir='ltr'><strong>in</strong></span> <span class='ocrx_word' id='word_1_298' title='bbox 873 3674 1027 3765; x_wconf 76' lang='lat' dir='ltr'><strong>foederis</strong></span> <span class='ocrx_word' id='word_1_299' title='bbox 1041 3674 1263 3744; x_wconf 79' lang='lat' dir='ltr'><strong>renovatione</strong></span> 
     </span>
     <span class='ocr_line' id='line_1_32' title="bbox 559 3783 1013 3871; baseline -0.002 -21"><span class='ocrx_word' id='word_1_300' title='bbox 559 3783 789 3851; x_wconf 81' lang='lat' dir='ltr'><strong>observandus</strong></span> <span class='ocrx_word' id='word_1_301' title='bbox 814 3786 914 3850; x_wconf 85' lang='lat' dir='ltr'><strong>Dent.</strong></span> <span class='ocrx_word' id='word_1_302' title='bbox 941 3789 1013 3871; x_wconf 77' lang='lat'><strong>27.</strong></span> 
     </span>
    </p>
   </div>
   <div class='ocr_carea' id='block_1_4' title="bbox 171 3977 1437 4072">
    <p class='ocr_par' dir='ltr' id='par_1_5' title="bbox 171 3977 1437 4072">
     <span class='ocr_line' id='line_1_33' title="bbox 171 3977 1437 4072; baseline -0.001 -23"><span class='ocrx_word' id='word_1_303' title='bbox 171 3986 253 4072; x_wconf 86' lang='lat' dir='ltr'><strong>Cap.</strong></span> <span class='ocrx_word' id='word_1_304' title='bbox 271 3987 313 4047; x_wconf 75' lang='lat'><strong>27</strong></span> <span class='ocrx_word' id='word_1_305' title='bbox 330 4002 400 4048; x_wconf 87' lang='lat' dir='ltr'><strong>esse</strong></span> <span class='ocrx_word' id='word_1_306' title='bbox 415 4001 552 4047; x_wconf 83' lang='lat' dir='ltr'><strong>crucem</strong></span> <span class='ocrx_word' id='word_1_307' title='bbox 573 3979 813 4069; x_wconf 82' lang='lat' dir='ltr'><strong>interpretum,</strong></span> <span class='ocrx_word' id='word_1_308' title='bbox 836 3977 1095 4068; x_wconf 88' lang='lat' dir='ltr'><strong>esequentibus</strong></span> <span class='ocrx_word' id='word_1_309' title='bbox 1114 3978 1205 4048; x_wconf 89' lang='lat' dir='ltr'><strong>disce</strong></span> <span class='ocrx_word' id='word_1_310' title='bbox 1227 3980 1437 4048; x_wconf 90' lang='lat' dir='ltr'><strong>testimoniis.</strong></span> 
     </span>
    </p>
   </div>
   <div class='ocr_carea' id='block_1_5' title="bbox 127 4185 1442 4792">
    <p class='ocr_par' dir='ltr' id='par_1_6' title="bbox 127 4185 1441 4510">
     <span class='ocr_line' id='line_1_34' title="bbox 162 4185 1441 4258; baseline -0.003 -14"><span class='ocrx_word' id='word_1_311' title='bbox 162 4191 351 4257; x_wconf 85' lang='lat' dir='ltr'><strong>Conqueritur</strong></span> <span class='ocrx_word' id='word_1_312' title='bbox 364 4185 473 4258; x_wconf 57' lang='grc' dir='ltr'><strong>Ποιητῇ</strong></span> <span class='ocrx_word' id='word_1_313' title='bbox 490 4190 540 4240; x_wconf 73' lang='lat' dir='ltr'><strong>ata</strong></span> <span class='ocrx_word' id='word_1_314' title='bbox 559 4200 614 4253; x_wconf 75' lang='lat' dir='ltr'><strong>sq..</strong></span> <span class='ocrx_word' id='word_1_315' title='bbox 631 4200 692 4252; x_wconf 87' lang='lat' dir='ltr'><strong>cap.</strong></span> <span class='ocrx_word' id='word_1_316' title='bbox 711 4188 744 4238; x_wconf 74' lang='lat'><strong>27</strong></span> <span class='ocrx_word' id='word_1_317' title='bbox 759 4199 856 4239; x_wconf 85' lang='lat' dir='ltr'><strong>carere</strong></span> <span class='ocrx_word' id='word_1_318' title='bbox 874 4187 983 4249; x_wconf 84' lang='lat' dir='ltr'><strong>ordtne,</strong></span> <span class='ocrx_word' id='word_1_319' title='bbox 999 4187 1104 4240; x_wconf 87' lang='lat' dir='ltr'><strong>habere</strong></span> <span class='ocrx_word' id='word_1_320' title='bbox 1123 4188 1248 4258; x_wconf 75' lang='lat' dir='ltr'><strong>lacunas,</strong></span> <span class='ocrx_word' id='word_1_321' title='bbox 1264 4199 1327 4240; x_wconf 85' lang='lat' dir='ltr'><strong>esse</strong></span> <span class='ocrx_word' id='word_1_322' title='bbox 1341 4200 1441 4245; x_wconf 86' lang='lat' dir='ltr'><strong>recen·</strong></span> 
     </span>
     <span class='ocr_line' id='line_1_35' title="bbox 128 4275 1441 4344; baseline 0 -14"><span class='ocrx_word' id='word_1_323' title='bbox 128 4283 182 4332; x_wconf 84' lang='lat' dir='ltr'><strong>tius</strong></span> <span class='ocrx_word' id='word_1_324' title='bbox 196 4280 391 4344; x_wconf 86' lang='lat' dir='ltr'><strong>compilatum;</strong></span> <span class='ocrx_word' id='word_1_325' title='bbox 407 4283 435 4330; x_wconf 87' lang='lat' dir='ltr'><strong>et</strong></span> <span class='ocrx_word' id='word_1_326' title='bbox 449 4277 525 4327; x_wconf 79' lang='lat' dir='ltr'><strong>Hotz.</strong></span> <span class='ocrx_word' id='word_1_327' title='bbox 543 4291 570 4342; x_wconf 88' lang='lat' dir='ltr'><strong>p.</strong></span> <span class='ocrx_word' id='word_1_328' title='bbox 589 4277 651 4340; x_wconf 74' lang='lat'><strong>275,</strong></span> <span class='ocrx_word' id='word_1_329' title='bbox 669 4277 733 4341; x_wconf 84' lang='lat' dir='ltr'><strong>post</strong></span> <span class='ocrx_word' id='word_1_330' title='bbox 751 4276 831 4339; x_wconf 69' lang='lat' dir='ltr'><strong>anta</strong></span> <span class='ocrx_word' id='word_1_331' title='bbox 852 4275 950 4326; x_wconf 84' lang='lat' dir='ltr'><strong>hahart</strong></span> <span class='ocrx_word' id='word_1_332' title='bbox 965 4276 1081 4338; x_wconf 85' lang='lat' dir='ltr'><strong>hiatum,</strong></span> <span class='ocrx_word' id='word_1_333' title='bbox 1096 4289 1180 4341; x_wconf 89' lang='lat' dir='ltr'><strong>quem</strong></span> <span class='ocrx_word' id='word_1_334' title='bbox 1200 4290 1325 4342; x_wconf 86' lang='lat' dir='ltr'><strong>unquam</strong></span> <span class='ocrx_word' id='word_1_335' title='bbox 1343 4279 1441 4343; x_wconf 84' lang='lat' dir='ltr'><strong>exple·</strong></span> 
     </span>
     <span class='ocr_line' id='line_1_36' title="bbox 127 4363 1441 4434; baseline 0.002 -18"><span class='ocrx_word' id='word_1_336' title='bbox 127 4371 241 4431; x_wconf 82' lang='lat' dir='ltr'><strong>tamiri,</strong></span> <span class='ocrx_word' id='word_1_337' title='bbox 258 4370 307 4420; x_wconf 84' lang='lat' dir='ltr'><strong>vix</strong></span> <span class='ocrx_word' id='word_1_338' title='bbox 320 4369 495 4433; x_wconf 83' lang='lat' dir='ltr'><strong>relinquatur</strong></span> <span class='ocrx_word' id='word_1_339' title='bbox 508 4379 588 4432; x_wconf 85' lang='lat' dir='ltr'><strong>spes;</strong></span> <span class='ocrx_word' id='word_1_340' title='bbox 605 4370 634 4418; x_wconf 87' lang='lat' dir='ltr'><strong>et</strong></span> <span class='ocrx_word' id='word_1_341' title='bbox 648 4366 695 4416; x_wconf 80' lang='lat' dir='ltr'><strong>Dr.</strong></span> <span class='ocrx_word' id='word_1_342' title='bbox 713 4379 741 4429; x_wconf 86' lang='lat' dir='ltr'><strong>p.</strong></span> <span class='ocrx_word' id='word_1_343' title='bbox 759 4363 810 4416; x_wconf 79' lang='lat' dir='ltr'><strong>cat</strong></span> <span class='ocrx_word' id='word_1_344' title='bbox 825 4366 873 4416; x_wconf 84' lang='lat' dir='ltr'><strong>vix</strong></span> <span class='ocrx_word' id='word_1_345' title='bbox 887 4363 1004 4416; x_wconf 89' lang='lat' dir='ltr'><strong>conccdt</strong></span> <span class='ocrx_word' id='word_1_346' title='bbox 1021 4378 1106 4430; x_wconf 88' lang='lat' dir='ltr'><strong>posse</strong></span> <span class='ocrx_word' id='word_1_347' title='bbox 1118 4367 1168 4428; x_wconf 86' lang='lat' dir='ltr'><strong>att,</strong></span> <span class='ocrx_word' id='word_1_348' title='bbox 1185 4379 1247 4434; x_wconf 87' lang='lat' dir='ltr'><strong>cap.</strong></span> <span class='ocrx_word' id='word_1_349' title='bbox 1264 4367 1297 4418; x_wconf 76' lang='lat' dir='ltr'><strong>tt</strong></span> <span class='ocrx_word' id='word_1_350' title='bbox 1312 4369 1441 4431; x_wconf 82' lang='lat' dir='ltr'><strong>primitus</strong></span> 
     </span>
     <span class='ocr_line' id='line_1_37' title="bbox 127 4453 364 4510; baseline 0.017 -7"><span class='ocrx_word' id='word_1_351' title='bbox 127 4457 156 4504; x_wconf 87' lang='lat' dir='ltr'><strong>in</strong></span> <span class='ocrx_word' id='word_1_352' title='bbox 171 4457 252 4508; x_wconf 84' lang='lat' dir='ltr'><strong>Dent.</strong></span> <span class='ocrx_word' id='word_1_353' title='bbox 269 4453 364 4510; x_wconf 77' lang='lat' dir='ltr'><strong>fuisso.</strong></span> 
     </span>
    </p>

    <p class='ocr_par' dir='ltr' id='par_1_7' title="bbox 127 4543 1442 4792">
     <span class='ocr_line' id='line_1_38' title="bbox 165 4543 1441 4610; baseline -0.001 -15"><span class='ocrx_word' id='word_1_354' title='bbox 165 4544 220 4596; x_wconf 85' lang='lat' dir='ltr'><strong>Sed</strong></span> <span class='ocrx_word' id='word_1_355' title='bbox 239 4546 310 4597; x_wconf 87' lang='lat' dir='ltr'><strong>haec</strong></span> <span class='ocrx_word' id='word_1_356' title='bbox 327 4547 512 4610; x_wconf 82' lang='lat' dir='ltr'><strong>generaliora.</strong></span> <span class='ocrx_word' id='word_1_357' title='bbox 525 4547 595 4598; x_wconf 81' lang='lat' dir='ltr'><strong>Rem</strong></span> <span class='ocrx_word' id='word_1_358' title='bbox 610 4545 735 4595; x_wconf 81' lang='lat' dir='ltr'><strong>intimius</strong></span> <span class='ocrx_word' id='word_1_359' title='bbox 755 4544 874 4594; x_wconf 87' lang='lat' dir='ltr'><strong>rimatus</strong></span> <span class='ocrx_word' id='word_1_360' title='bbox 888 4543 984 4594; x_wconf 77' lang='lat' dir='ltr'><strong>Ewctd</strong></span> <span class='ocrx_word' id='word_1_361' title='bbox 998 4543 1022 4593; x_wconf 89' lang='lat'><strong>1.</strong></span> <span class='ocrx_word' id='word_1_362' title='bbox 1042 4543 1090 4596; x_wconf 82' lang='lat'><strong>178</strong></span> <span class='ocrx_word' id='word_1_363' title='bbox 1109 4547 1280 4610; x_wconf 85' lang='lat' dir='ltr'><strong>pronunttat,</strong></span> <span class='ocrx_word' id='word_1_364' title='bbox 1298 4548 1362 4608; x_wconf 85' lang='lat' dir='ltr'><strong>pon</strong></span> <span class='ocrx_word' id='word_1_365' title='bbox 1379 4544 1441 4604; x_wconf 68' lang='lat' dir='ltr'><strong>‘tta</strong></span> 
     </span>
     <span class='ocr_line' id='line_1_39' title="bbox 127 4631 1441 4697; baseline 0 -14"><span class='ocrx_word' id='word_1_366' title='bbox 127 4647 170 4697; x_wconf 87' lang='lat' dir='ltr'><strong>sq.</strong></span> <span class='ocrx_word' id='word_1_367' title='bbox 188 4634 316 4697; x_wconf 83' lang='lat' dir='ltr'><strong>primitus</strong></span> <span class='ocrx_word' id='word_1_368' title='bbox 330 4635 490 4688; x_wconf 85' lang='lat' dir='ltr'><strong>tmmedtate</strong></span> <span class='ocrx_word' id='word_1_369' title='bbox 503 4637 631 4687; x_wconf 86' lang='lat' dir='ltr'><strong>secutum</strong></span> <span class='ocrx_word' id='word_1_370' title='bbox 645 4645 708 4686; x_wconf 84' lang='lat' dir='ltr'><strong>csse</strong></span> <span class='ocrx_word' id='word_1_371' title='bbox 722 4645 784 4697; x_wconf 86' lang='lat' dir='ltr'><strong>cap.</strong></span> <span class='ocrx_word' id='word_1_372' title='bbox 801 4631 844 4683; x_wconf 75' lang='lat'><strong>28.</strong></span> <span class='ocrx_word' id='word_1_373' title='bbox 862 4631 915 4685; x_wconf 87' lang='lat' dir='ltr'><strong>Gut</strong></span> <span class='ocrx_word' id='word_1_374' title='bbox 926 4634 1077 4684; x_wconf 79' lang='lat' dir='ltr'><strong>assentitur</strong></span> <span class='ocrx_word' id='word_1_375' title='bbox 1091 4634 1184 4684; x_wconf 80' lang='lat' dir='ltr'><strong>Dtttn.</strong></span> <span class='ocrx_word' id='word_1_376' title='bbox 1200 4648 1229 4697; x_wconf 88' lang='lat' dir='ltr'><strong>p.</strong></span> <span class='ocrx_word' id='word_1_377' title='bbox 1251 4633 1302 4684; x_wconf 80' lang='lat' dir='ltr'><strong>tot</strong></span> <span class='ocrx_word' id='word_1_378' title='bbox 1316 4645 1441 4697; x_wconf 88' lang='lat' dir='ltr'><strong>pronun-</strong></span> 
     </span>
     <span class='ocr_line' id='line_1_40' title="bbox 127 4720 1442 4792; baseline 0.002 -20"><span class='ocrx_word' id='word_1_379' title='bbox 127 4724 211 4787; x_wconf 87' lang='lat' dir='ltr'><strong>tians,</strong></span> <span class='ocrx_word' id='word_1_380' title='bbox 228 4723 336 4788; x_wconf 84' lang='lat' dir='ltr'><strong>reliqua</strong></span> <span class='ocrx_word' id='word_1_381' title='bbox 349 4729 460 4789; x_wconf 87' lang='lat' dir='ltr'><strong>praeter</strong></span> <span class='ocrx_word' id='word_1_382' title='bbox 477 4724 539 4788; x_wconf 73' lang='grc'><strong>27,9</strong></span> <span class='ocrx_word' id='word_1_383' title='bbox 560 4738 603 4789; x_wconf 81' lang='lat' dir='ltr'><strong>sq.</strong></span> <span class='ocrx_word' id='word_1_384' title='bbox 621 4735 684 4775; x_wconf 81' lang='lat' dir='ltr'><strong>esse</strong></span> <span class='ocrx_word' id='word_1_385' title='bbox 703 4722 855 4774; x_wconf 87' lang='lat' dir='ltr'><strong>adtectttta.</strong></span> <span class='ocrx_word' id='word_1_386' title='bbox 877 4721 974 4792; x_wconf 74' lang='lat' dir='ltr'><strong>Etiam</strong></span> <span class='ocrx_word' id='word_1_387' title='bbox 986 4723 1096 4773; x_wconf 76' lang='lat' dir='ltr'><strong>taenea</strong></span> <span class='ocrx_word' id='word_1_388' title='bbox 1112 4723 1123 4772; x_wconf 93' lang='lat'><em>1</em></span> <span class='ocrx_word' id='word_1_389' title='bbox 1139 4735 1157 4774; x_wconf 83' lang='lat' dir='ltr'><strong>a</strong></span> <span class='ocrx_word' id='word_1_390' title='bbox 1174 4721 1221 4773; x_wconf 86' lang='lat'><strong>119</strong></span> <span class='ocrx_word' id='word_1_391' title='bbox 1237 4733 1281 4786; x_wconf 87' lang='lat' dir='ltr'><strong>sq.</strong></span> <span class='ocrx_word' id='word_1_392' title='bbox 1300 4720 1376 4773; x_wconf 86' lang='lat' dir='ltr'><strong>solos</strong></span> <span class='ocrx_word' id='word_1_393' title='bbox 1390 4723 1442 4774; x_wconf 88' lang='lat' dir='ltr'><strong>hos</strong></span> 
     </span>
    </p>
   </div>
   <div class='ocr_carea' id='block_1_6' title="bbox 511 4821 1055 4870">
    <p class='ocr_par' dir='ltr' id='par_1_8' title="bbox 511 4821 1055 4870">
     <span class='ocr_line' id='line_1_41' title="bbox 511 4821 1055 4870; baseline -0.004 -2"><span class='ocrx_word' id='word_1_394' title='bbox 511 4830 687 4870; x_wconf 69' lang='lat' dir='ltr'><strong>nannenten.</strong></span> <span class='ocrx_word' id='word_1_395' title='bbox 704 4841 737 4855; x_wconf 92' lang='lat'><strong>··</strong></span> <span class='ocrx_word' id='word_1_396' title='bbox 751 4829 829 4868; x_wconf 73' lang='grc'><strong>0011.</strong></span> <span class='ocrx_word' id='word_1_397' title='bbox 845 4827 873 4866; x_wconf 70' lang='lat' dir='ltr'><strong>lli</strong></span> <span class='ocrx_word' id='word_1_398' title='bbox 889 4829 961 4866; x_wconf 71' lang='lat' dir='ltr'><strong>MUT-</strong></span> <span class='ocrx_word' id='word_1_399' title='bbox 977 4842 1008 4853; x_wconf 91' lang='lat'><strong>-·</strong></span> <span class='ocrx_word' id='word_1_400' title='bbox 1025 4821 1055 4866; x_wconf 73' lang='lat'><strong>28</strong></span> 
     </span>
    </p>
   </div>
   <div class='ocr_carea' id='block_1_7' title="bbox 0 0 1699 5346">
    <p class='ocr_par' dir='ltr' id='par_1_9' title="bbox 0 0 1699 5346">
     <span class='ocr_line' id='line_1_42' title="bbox 0 0 1699 5346; baseline 0 0"><span class='ocrx_word' id='word_1_401' title='bbox 0 0 1699 5346; x_wconf 95' lang='lat' dir='ltr'><strong> </strong></span> 
     </span>
    </p>
   </div>
  </div>
 </body>
</html>
