3366 5346
683 323 773 368 near.
797 307 870 378 42⁹2
892 324 955 376 soa.
1421 319 1479 377 219

167 459 209 527 do
222 459 429 526 oblivisceris
439 459 538 548 pacti
547 455 687 523 Domini
700 456 762 523 mi
777 456 841 540 tui,
857 457 952 546 qaod
962 459 1099 548 pepiqil
1112 473 1235 544 lecum,
1249 467 1404 553 referias·
1418 468 1481 532 tibi

165 567 332 653 sculptam
348 564 612 632 similitudinem
627 587 756 644 ccrmm,
773 587 862 653 perae
874 565 954 651 fieri
966 567 1132 633 Donnmn·
1142 570 1321 658 probibuit
1342 601 1372 638 »‚
1391 596 1421 640 v.
1437 580 1479 640 23

166 696 284 741 omncs
307 677 454 761 (praeter
474 671 589 760 ang.)
610 672 730 738 suffixa
747 675 780 737 et
800 671 904 737 verba
923 673 1077 739 scribunt
1096 682 1128 740 2.
1150 699 1237 765 pers.
1257 679 1364 767 plna,
1385 702 1481 766 prae-

165 786 322 870 terqnam
343 781 376 845 in
396 779 461 845 bne
476 779 643 844 Dominus¹
660 782 749 843 Dens
765 789 854 844 enas.
875 779 936 845 Ubi
952 779 1024 845 sine
1042 781 1148 847 dubio
1164 784 1323 871 primitus
1341 786 1480 871 legeba-
1514 762 1525 779 ’

165 893 221 953 tur
240 899 358 952 cester.
388 885 571 952 Obtinebat
591 907 636 952 so.
662 885 765 950 etiam
791 884 858 963 hic,
884 886 975 973 quod
997 893 1113 954 monet
1135 891 1299 975 hogarde,
1314 879 1480 957 termina-

166 995 274 1059 tiones
299 1009 329 1062 η,
354 989 431 1062 Μ
451 991 595 1058 indicari
630 990 843 1057 consuevisse
873 991 999 1058 lineola
1029 994 1252 1082 praecedenti
1281 998 1480 1063 consonanti

165 1100 385 1189 superducta,
402 1120 506 1187 qnam
524 1098 655 1164 scribae
672 1097 772 1163 facile
792 1098 1039 1182 ignoraverint.
1057 1123 1088 1166 v.
1104 1107 1145 1167 tt
1167 1130 1183 1162 «
1202 1101 1291 1184 Quia
1314 1103 1480 1169 Dominus

166 1210 255 1272 Dens
278 1219 358 1271 tecua
378 1205 471 1293 ἐφιεὶς·
485 1226 685 1271 commemoras
700 1216 759 1289 est,
778 1207 868 1270 Deera
888 1207 1081 1272 aerrmlator
1102 1236 1132 1274 o.
1151 1210 1199 1276 cf.
1219 1216 1288 1290 5‚9;
1311 1216 1403 1292 a,15;
1421 1216 1477 1276 Ex.

167 1319 258 1393 20,5;
275 1318 394 1392 3t,1l;
410 1313 454 1378 cl.
469 1313 551 1378 item
565 1317 627 1377 los
643 1315 744 1393 batt)
759 1318 791 1377 et
806 1313 891 1378 Nah.
910 1318 976 1392 te.
996 1315 1134 1380 Pactum
1146 1315 1249 1382 lahve
1265 1338 1343 1382 cum
1358 1316 1479 1383 lsracle

167 1418 359 1506 concipitur
384 1425 419 1484 ut
441 1417 651 1503 coniugium,
670 1415 864 1506 superstitio
886 1422 924 1483 ut
941 1418 1163 1500 adulterium,
1180 1422 1271 1510 quod
1295 1423 1419 1488 lahven
1436 1423 1481 1489 ad

168 1524 372 1613 zelotypiam
390 1529 552 1613 provocet
565 1530 682 1590 contra
703 1523 874 1590 lsraelem.
891 1529 1095 1592 Provocatns
1112 1535 1225 1594 antem
1240 1528 1312 1614 agit
1327 1530 1376 1594 uti
1390 1528 1482 1614 ignis

169 1652 380 1712 consumere,
408 1652 475 1697 non
502 1636 620 1696 contra
645 1629 801 1697 inimicos
827 1635 961 1697 tantum
988 1639 1058 1714 aa,
1083 1633 1144 1699 sed
1170 1641 1289 1701 contra
1314 1635 1482 1725 populum

168 1759 266 1803 suum
280 1739 404 1826 ipsum.
422 1741 477 1803 Est
496 1758 536 1804 ea
552 1757 633 1803 sane
651 1735 750 1816 ratio,
768 1742 806 1803 ut
823 1736 889 1802 sibi
904 1760 1122 1827 summopere
1141 1748 1295 1808 careant.

332 1974 363 2033 :a
394 1965 661 2034 Commendatio
679 1964 811 2055 fidncia
837 1966 1022 2033 inlabere
1048 1969 1320 2035 rnisem‘cordium

682 2076 781 2139 Dent.
809 2078 965 2150 aea-31.

213 2272 297 2356 ⁴leq.
318 2306 361 2316 -
385 2267 576 2355 Siquando
597 2266 794 2333 auditorum
815 2269 942 2355 posteri
962 2268 997 2334 in
1012 2267 1258 2347 idololatriam,
1282 2275 1385 2358 atque
1404 2269 1484 2335 hinc

169 2376 205 2442 in
231 2374 445 2441 idololatriac
470 2394 599 2462 poenas
618 2371 813 2454 inciderint,
841 2372 889 2439 ita
915 2381 953 2440 nt
977 2373 1080 2441 etiam
1106 2374 1237 2443 exsules
1256 2375 1348 2442 inter
1365 2380 1483 2461 gentes

171 2483 425 2570 dispergantur,
454 2479 675 2546 meminerint
705 2501 840 2568 semper
867 2479 932 2546 sibi
961 2480 1108 2569 relinqui
1142 2504 1250 2571 spem,
1283 2504 1323 2550 ac
1357 2484 1486 2549 lahven

172 2589 381 2677 poenitentes
405 2586 627 2654 reducturum
652 2608 722 2652 esse
751 2586 795 2651 ob
816 2608 914 2652 suam
932 2587 1200 2654 misericordiam
1220 2589 1383 2678 pactique
1405 2610 1484 2655 cum

172 2693 377 2784 patriarchis
391 2693 467 2760 initi
483 2691 699 2759 memoriam.

217 2802 364 2867 Tertium
382 2799 595 2880 mandatum,
613 2798 704 2887 qnod
723 2799 908 2888 proscribit
923 2801 1147 2866 tentationem
1164 2800 1232 2875 Dei,
1250 2803 1285 2866 in
1302 2800 1485 2890 pentalogo

173 2915 252 2989 aro
274 2907 469 2974 brevissime
493 2905 705 2974 enuntiatur.
735 2905 821 2971 lllnd
842 2927 903 2986 sc.,
929 2905 1023 2995 qaod
1045 2908 1082 2972 in
1104 2906 1176 2972 eius
1194 2906 1348 2973 mandati
1369 2907 1485 2973 obser·
1542 2938 1545 2943 ·

172 3017 309 3081 vatione
331 3013 433 3101 noysi
451 3034 667 3102 summopere
693 3011 788 3078 cordi
812 3019 907 3093 erat,
929 3034 1000 3079 non
1020 3018 1153 3102 poterat
1178 3013 1213 3079 in
1239 3013 1321 3103 ipsis
1338 3012 1486 3080 «verbis

173 3120 319 3188 foederis
341 3149 356 3181 a
379 3120 485 3208 (ΞΜ)
512 3141 571 3186 seu
599 3118 690 3185 inter
710 3118 801 3207 ipsas
823 3118 969 3185 foederis
992 3118 1207 3185 conditiones
1221 3120 1395 3209 explicari.
1413 3125 1485 3185 Non

175 3233 282 3317 potest
306 3229 341 3292 in
360 3226 435 3316 ipso
457 3224 603 3292 foederis
620 3225 798 3292 cuiusdam
817 3225 1046 3293 instrumento
1063 3226 1218 3315 promitti
1233 3227 1332 3293 venia
1346 3226 1484 3313 neglec-

175 3335 259 3401 turis
282 3332 621 3415 foedus,dum1nodo
644 3331 728 3398 lacti
757 3354 814 3397 eos
840 3331 1067 3421 poenituerit,
1089 3333 1150 3398 sed
1174 3332 1341 3398 eiusmodi
1360 3333 1486 3398 instru-

177 3445 329 3507 mentum
350 3438 541 3507 statuendis
561 3437 723 3529 praemiis
743 3444 776 3504 et
797 3439 918 3527 poenis
938 3437 1153 3503 contineatur
1171 3460 1305 3502 necesse
1329 3443 1387 3503 est.
1407 3443 1486 3503 Erat

176 3552 292 3612 tamen
311 3569 352 3612 ca
372 3568 425 3612 res
447 3546 570 3613 lahvae
593 3551 626 3612 et
650 3545 752 3631 lloysi
775 3566 994 3633 summopere
1014 3543 1126 3619 cordi;
1140 3549 1213 3609 erat
1233 3543 1291 3609 illa
1311 3543 1346 3608 in
1362 3544 1485 3609 labvac

178 3650 443 3718 miscricordiam
464 3652 599 3718 infinita
620 3652 705 3717 sides
724 3673 764 3716 ea
783 3649 942 3716 salutaris
962 3649 1131 3729 doctrina,
1152 3671 1258 3738 quam
1278 3673 1296 3715 e
1316 3650 1416 3716 ruina
1431 3672 1486 3715 oa-

177 3759 317 3824 desiana
342 3759 502 3825 hauserat
520 3764 657 3845 lloyses.
680 3765 712 3823 et
732 3758 798 3822 alte
820 3756 982 3837 cupiebat
1000 3778 1141 3823 suorum
1162 3756 1393 3822 Hebraeorum
1412 3757 1487 3821 ani-

178 3866 242 3931 mis
266 3864 432 3944 inserere,
454 3886 557 3953 quam
584 3865 686 3931 lahve
710 3885 770 3952 per
789 3869 919 3949 Moysen
944 3863 1077 3928 cantico
1098 3862 1276 3952 explanari
1305 3868 1355 3943 et,
1385 3861 1488 3928 simul

177 3994 254 4038 cum
269 3972 382 4053 thora,
405 3969 449 4036 ad
472 3971 557 4037 latus
582 3992 681 4037 arcae
706 3968 826 4057 reponi
847 3969 990 4035 curavit.
1018 3973 1052 4034 ln
1073 3967 1186 4058 ipsum
1205 3969 1429 4058 pentalogam
1448 3991 1487 4034 ea

175 4079 325 4146 admissa
342 4085 392 4145 est
414 4101 454 4145 ea
477 4079 561 4158 sola,
580 4100 648 4166 qna
668 4081 813 4165 poterat,
836 4075 957 4156 forma,
982 4082 1020 4140 ut
1039 4076 1314 4165 proscriberetur
1333 4075 1488 4166 opposita

177 4186 227 4252 illi
251 4187 396 4252 tentatio
415 4186 493 4266 Dei3
516 4184 575 4251 sed
602 4184 642 4248 in
662 4181 840 4271 pentalogi
855 4182 1034 4271 paraenesi
1060 4182 1172 4271 potuit
1191 4203 1266 4247 eam
1295 4181 1487 4250 distinctius

178 4315 346 4382 exponere
366 4297 508 4379 Moyses,
526 4298 560 4357 et
572 4288 739 4378 exposuit.

222 4423 254 4466 v.
282 4407 324 4467 25
344 4428 358 4460 «
375 4398 416 4465 Si
439 4425 473 4479 a,
495 4397 518 4463 i.
539 4420 569 4462 e.
588 4393 742 4486 quanda,
765 4423 780 4455 a
801 4395 988 4484 censueritis
998 4394 1091 4484 flios
1106 4417 1146 4461 ac
1162 4408 1299 4485 rrepotes
1314 4410 1347 4462 et
1362 4394 1487 4461 neoran'

175 4505 315 4592 feceritis
331 4505 368 4571 in
385 4517 474 4571 terra
492 4532 526 4585 n,
543 4542 587 4553 -
599 4507 678 4569 LXX
693 4511 863 4590 χρενίσητε,
881 4503 946 4591 riq.
965 4507 1098 4591 Symm.
1122 4500 1245 4569 Theocl.
1267 4513 1455 4582 :cinnoente
1475 4520 1481 4563 :

181 4625 235 4697 nrt
256 4617 305 4678 est
335 4610 597 4692 obdormiscere,
625 4622 773 4697 torpere,
805 4608 1003 4698 flaccescere
1031 4608 1080 4696 (in
1109 4608 1260 4695 plantis).
1291 4606 1487 4674 Subiectum

180 4741 260 4785 vero
284 4740 353 4784 non
379 4725 457 4785 strat
475 4718 593 4805 Moysis
617 4716 794 4806 aequales,
818 4720 986 4805 quatenus
1010 4715 1152 4804 posteris
1175 4713 1244 4779 suis
1270 4716 1489 4800 opponuntur
