3366 5346
609 317 761 361 clariora
784 317 899 361 noi'sls.
1356 306 1414 364 313

149 458 181 542 3)
199 455 314 521 lle'llm.
333 456 511 518 enumerat
528 450 690 517 idiomata
714 459 765 531 15,
784 475 871 542 quae
887 456 1023 542 praeter
1037 453 1209 520 canticum
1230 476 1412 545 nusquam,

104 569 136 631 et
156 561 223 628 alia
248 568 306 641 11,
322 580 409 647 quae
430 579 507 623 raro
527 579 621 623 secus
639 559 868 647 reperiantur.
887 561 1055 640 Ceterum,
1074 560 1259 627 latentibus
1276 562 1414 648 criticis,

103 676 175 737 tota
188 669 271 734 haec
292 665 335 732 de
355 664 480 731 cantici
498 663 634 750 origine
654 664 807 753 quaestio
824 687 892 731 non
909 664 1085 732 dirimitur
1103 666 1325 736 idiomatibus
1341 692 1418 736 oan-

105 775 163 844 tici
182 773 341 864 propriis.
357 770 421 839 Sed
442 770 552 836 babet
566 777 746 856 praeterea
763 771 935 839 canticum
959 771 1126 840 idiomata
1147 781 1180 840 et
1203 774 1308 858 ideas,
1331 797 1419 864 quae

103 883 138 949 in
158 887 266 960 flent,
284 879 377 970 apud
392 877 572 944 Ieremiam
589 879 643 962 (cf,
660 877 805 968 Komplc.
821 901 855 967 p.
874 885 938 945 296
961 879 1045 968 sq),
1068 879 1202 963 isaiam,
1221 882 1418 964 llicbaeam,

105 989 174 1056 imo
184 987 278 1078 apud
291 991 371 1054 Osee
386 984 615 1073 reperiuntur.
632 985 698 1052 Ubi
711 984 830 1050 Dillm.
848 988 1060 1075 pronuntiat,
1077 988 1227 1074 cogitata
1242 989 1419 1078 potissima

105 1099 188 1162 Osee
209 1101 242 1160 et
268 1092 498 1181 expressiones
518 1091 633 1180 plures
657 1113 674 1157 e
706 1091 838 1158 cantico
867 1092 1016 1174 fluxisse,
1039 1114 1125 1179 ergo
1148 1116 1229 1161 sane
1247 1097 1417 1162 canticum

106 1224 179 1268 esse
198 1203 279 1268 Osee
300 1197 486 1286 antiquius.
504 1200 562 1263 Dr.
584 1196 741 1286 explieat,
759 1225 775 1259 a
792 1197 829 1264 in
844 1198 964 1287 paucis
976 1205 1111 1265 tantum
1126 1200 1296 1269 canticum
1319 1202 1419 1270 dictis

107 1307 355 1396 prophetarum
368 1303 575 1370 verbotenus
588 1325 789 1385 consonare,
811 1303 871 1370 sed
888 1305 1010 1372 cantici
1026 1308 1225 1393 generalem
1248 1307 1417 1388 indolem,

107 1412 257 1500 cogitata
283 1411 458 1502 potissima
477 1416 566 1476 certe
586 1409 697 1496 magis
722 1410 840 1477 affinia
864 1433 934 1478 esse
956 1413 1201 1502 prophetarum
1227 1416 1300 1481 aevi
1317 1414 1419 1482 Chal-

107 1519 288 1601 daeorum,
307 1539 409 1608 quam
436 1516 678 1605 prophetarum
695 1517 931 1606 antiquiorum
946 1527 1058 1600 Amos,
1074 1519 1190 1599 Isaiae,
1206 1521 1372 1588 llichaeae
1388 1549 1416 1589 n.

107 1632 147 1693 ut
182 1627 281 1692 Corn.
318 1646 325 1692 :
356 1653 370 1683 α
403 1622 534 1703 Plures,
559 1645 647 1712 quac
685 1622 923 1705 observantur,
949 1624 1272 1715 affinitatesplanc
1301 1628 1420 1714 singu·

108 1735 229 1800 lares»
247 1729 438 1820 (lrappant)
458 1757 473 1791 a
490 1751 567 1796 eum
585 1731 678 1813 Osee,
698 1737 733 1796 et
748 1729 885 1820 aliquae
906 1753 984 1798 cum
1006 1730 1093 1799 lsaia
1116 1740 1148 1798 et
1168 1733 1424 1802 llichaeaailcil

106 1841 268 1929 probunt3
287 1837 458 1904 habentur
474 1858 554 1901 vero
571 1841 622 1901 sat
639 1835 748 1903 multa
769 1836 932 1903 idiomata
949 1837 1150 1921 ieremiana,
1171 1862 1259 1929 quae
1280 1840 1422 1907 indubie
1494 1877 1498 1890 ·

106 1947 254 2036 probant
270 1944 439 2011 canticum
462 1964 531 2008 esse
553 1943 696 2008 leremia
717 1942 890 2011 recentius
909 1970 939 2011 ».
954 1949 991 2009 ln
1012 1945 1136 2034 quibus
1150 1946 1265 2013 verbis
1283 1948 1420 2038 praeiu-

110 2051 236 2119 dicium
252 2049 327 2117 loeo
352 2037 480 2136 logices
499 2054 560 2115 est.
578 2047 630 2114 ld
649 2071 737 2137 quae
757 2048 963 2140 perpendas,
981 2050 1103 2119 cantici
1125 2053 1239 2142 quoad
1254 2055 1371 2122 stilum
1389 2061 1422 2121 et

107 2152 262 2245 ‘cogitata
279 2156 481 2223 affinitatem
504 2153 677 2242 quandam
698 2177 776 2221 cum
797 2155 985 2245 prophetiS,
1004 2179 1074 2227 nou
1092 2158 1226 2226 efficere
1240 2183 1352 2250 perse
1367 2185 1419 2228 so·

111 2266 181 2331 lam
205 2262 376 2330 canticum
399 2284 470 2328 esse
500 2261 676 2350 prophetis
693 2265 754 2328 aut
783 2262 953 2328 recentius
972 2269 1031 2330 aut
1047 2263 1222 2360 antiquius
1248 2288 1256 2335 :
1279 2272 1419 2357 potuere

111 2371 170 2437 illa
192 2394 209 2435 e
232 2368 407 2460 prophetis
421 2367 570 2435 derivari
590 2368 626 2432 in
645 2367 830 2450 canticum,
847 2368 907 2434 sed
924 2374 1064 2458 potuere
1082 2371 1167 2439 item
1180 2394 1198 2443 e
1210 2375 1341 2441 cantico
1359 2375 1419 2441 de-

66 2468 69 2475 ’
112 2477 215 2542 rivari
239 2476 275 2540 in
295 2475 490 2564 prophetas.
514 2479 607 2540 Teste
627 2479 721 2541 aeut.
740 2480 842 2556 ΜΞ
859 2475 993 2563 scripsit
1010 2480 1135 2563 Moyses
1155 2481 1336 2562 canticum,
1355 2482 1421 2548 fuit

110 2581 197 2648 illud
212 2581 457 2648 documentum
472 2587 546 2669 post
562 2580 695 2645 theram
712 2580 934 2647 sacerrimum
957 2603 966 2647 ε
991 2583 1085 2649 haud
1111 2583 1249 2664 mirum,
1267 2588 1417 2676 prophe-

111 2699 162 2755 tas
179 2687 349 2756 oantieum
367 2686 515 2769 novisse,
533 2686 606 2754 eius
628 2685 774 2752 lectione
797 2692 830 2752 et
852 2686 1073 2755 meditatione
1097 2689 1249 2757 animum
1266 2693 1415 2782 pavisse,

112 2798 184 2864 eius
209 2793 480 2884 expressionibus
504 2814 575 2859 esse
598 2793 747 2871 locutos,
772 2792 866 2860 haud
892 2793 1017 2861 mirum
1051 2796 1161 2883 magis
1187 2798 1290 2864 etiam
1315 2821 1417 2889 quam

110 2902 296 2991 propbetas
310 2899 521 2989 antiquiores
535 2899 571 2965 id
587 2898 696 2987 egisse
714 2901 899 2990 propbetas
921 2902 1137 2984 recentiores,
1158 2905 1217 2992 qui
1234 2904 1296 2971 toti
1311 2915 1421 2974 essent

111 3011 146 3076 in
171 3008 306 3099 seriptis
336 3007 491 3073 mosaicis
519 3005 754 3088 defendendis,
777 3005 813 3073 in
836 3009 1003 3096 perversis
1026 3009 1225 3077 hominibus
1249 3013 1418 3080 terrendis

111 3137 230 3184 eorum
263 3115 466 3204 scriptorum
487 3113 614 3193 minis,
641 3112 677 3179 in
708 3113 773 3203 piis
795 3113 994 3210 hominibus
1017 3115 1190 3203 erigendis
1218 3119 1419 3187 eorumdem

112 3223 261 3290 monitis.
339 3282 342 3285 .

641 3374 662 3431 β.
681 3372 886 3418 Commentarius.

369 3488 477 3546 Stropba
492 3491 518 3533 et
534 3487 689 3544 antistropha
707 3487 806 3544 prima:
825 3501 898 3532 causa
914 3488 1061 3547 proponitur
1077 3503 1099 3533 v.
1119 3492 1165 3536 1-7.

158 3650 240 3737 Arq.
259 3647 408 3713 -Coeli
424 3632 559 3712 etterra
581 3666 657 3710 cum
680 3645 748 3711 suis
767 3643 887 3712 incolis
906 3652 1006 3712 testes
1025 3647 1247 3716 dicendorum
1261 3651 1419 3720 invocan-

114 3763 181 3824 tur.
205 3758 305 3844 Optat
331 3758 435 3836 vateS,
462 3759 498 3818 ut
521 3751 627 3818 verba
652 3774 714 3817 sua
733 3751 947 3819 audientium
977 3755 1109 3820 animos
1131 3756 1330 3844 percellant.
1357 3766 1420 3828 fles

115 3863 244 3953 quippe
271 3860 396 3927 summi
418 3856 570 3925 nomenti
601 3859 817 3947 proponitur,
845 3859 947 3924 labve
972 3882 1058 3949 opus
1079 3882 1136 3926 seu
1159 3866 1359 3930 oeconomia
1387 3867 1423 3932 in

115 3967 274 4058 regendis
293 3967 369 4032 fatis
389 3965 509 4054 populi
524 3965 636 4045 lsrael,
655 3964 714 4054 qui
729 3987 748 4031 a
763 3965 875 4048 labve,
890 3972 998 4054 patre,
1013 3967 1141 4033 factore
1157 3974 1189 4034 et
1208 3970 1425 4039 benefactore

116 4100 197 4155 suo,
217 4075 262 4142 ad
277 4072 506 4140 idololatriam
522 4071 654 4137 defecit.

163 4186 244 4273 Cap.
275 4182 405 4248 XXXII
419 4202 451 4245 v.
476 4187 491 4245 1
518 4208 532 4239 «
554 4177 680 4244 ,ludite
699 4177 786 4245 coeli
800 4201 888 4269 qaae
911 4180 1043 4269 loquor,
1068 4181 1192 4248 audiat
1211 4196 1302 4250 terra
1328 4188 1425 4252 cerba

117 4291 182 4355 eris
198 4290 266 4355 arei
282 4318 311 4355 ».
330 4291 393 4353 Res
405 4285 519 4372 gravis
533 4285 649 4372 agitur
663 4285 934 4375 universalisque
949 4290 1111 4355 momenti
1136 4311 1143 4357 :
1165 4312 1272 4379 quare
1292 4293 1422 4359 eoelum

118 4402 150 4462 et
173 4402 300 4462 terram
324 4398 517 4484 praesentes
541 4392 729 4481 alloquitur
751 4399 842 4460 vates
865 4394 969 4460 veluti
995 4406 1090 4462 testes
1118 4397 1292 4465 intellectu
1323 4422 1423 4486 prae-

118 4502 205 4568 ditos
221 4503 277 4587 (ef.
296 4506 335 4567 ls.
355 4507 511 4589 l,2sqq.;
526 4499 620 4565 llieb.
643 4507 697 4582 o,l
714 4521 804 4588 sqq.;
822 4504 872 4565 Ps.
892 4500 1073 4590 t9150],t;
1095 4501 1176 4570 item
1193 4510 1287 4571 [lent.
1307 4512 1420 4586 31,‘.>8;

118 4615 232 4690 30,19;
256 4607 584 4695 t,26),eosdemque
600 4612 708 4673 morte
723 4605 819 4673 nullo
839 4629 990 4696 unquam
1009 4616 1161 4699 tempore
1182 4611 1224 4677 ad
1248 4610 1422 4677 silentium

118 4714 324 4803 redigendos
339 4715 408 4802 (Pe.
421 4715 522 4803 lem).
536 4717 701 4795 Ceterum,
720 4736 842 4782 cumr.
860 4721 900 4782 t3
918 4714 996 4803 (sec.
1020 4720 1109 4801 lixit)
1126 4717 1169 4783 ad
1186 4717 1272 4784 bano
1285 4719 1421 4786 testium
