3366 5346
250 297 309 355 los
557 307 666 352 oaarro
688 307 793 352 narsis
816 307 952 352 saeuum
975 308 983 351 τ
1007 305 1256 352 uacaarcrrouns.

249 444 340 512 kcr’s
353 428 607 528 ¹Commentarv)
628 447 651 506 Ι.
675 448 736 507 sat
752 453 790 507 n⁰
806 448 837 521 5,
853 442 991 508 London
1009 448 1106 508 1877.
1126 463 1159 506 v.
1183 445 1225 504 36
1246 467 1261 498 a
1278 442 1385 504 [lucet
1401 450 1433 504 te
1449 437 1574 504 Darni-

199 620 205 627 ,
250 574 314 618 niu
327 562 359 616 et
371 571 485 637 renem
500 560 608 631 terrun,
622 569 722 637 queem
738 547 955 614 constitueris
969 569 1069 638 stipor
1084 560 1127 630 te,
1147 545 1185 611 in
1198 557 1334 634 centem
1347 567 1453 634 quam
1468 543 1574 635 iuno-

249 682 319 738 ras,
338 669 373 721 tu
398 670 431 721 et
444 669 563 744 patres
579 653 631 719 tui
654 674 660 720 :
687 653 812 720 seruies
835 654 884 721 ibi
904 653 971 721 diis
993 653 1131 735 alienia,
1157 651 1253 741 liqna
1278 663 1311 717 et
1332 649 1445 741 lapidi
1469 680 1499 717 ι.
1519 653 1570 720 af.

250 789 282 831 v.
308 769 367 844 al;
386 768 476 842 t,·28.
496 801 540 810 —
561 784 592 828 v.
616 768 657 827 37
681 763 760 827 «Et
784 761 850 826 eris
864 760 1025 850 perditus
1048 789 1082 840 »,
1105 781 1163 825 seu
1186 759 1300 824 verius
1321 756 1355 822 iu
1379 771 1570 848 stuporem,

254 898 269 930 a
283 872 320 936 in
337 867 554 959 prouerbium
577 889 616 933 ac
631 867 793 956 sabulum
808 866 963 934 omnibus
977 865 1131 958 popellis,
1148 863 1196 931 ad
1206 887 1290 954 qum
1315 876 1345 929 te
1363 863 1571 931 introduxe-

250 976 295 1042 rit
316 976 484 1043 Dominus
506 1003 536 1041 ».
562 979 606 1041 lle
622 973 803 1064 parabola,
821 963 895 1039 brut:
913 975 955 1041 cl.
983 977 1033 1040 CN
1054 997 1088 1063 p.
1115 979 1191 1040 251.
1218 976 1374 1038 Ceterum
1394 995 1426 1038 v.
1451 979 1493 1038 36
1514 994 1569 1062 sq.

250 1084 447 1150 monuimus
471 1081 727 1148 transferendos
747 1103 821 1147 csse
837 1080 880 1147 ad
899 1081 1027 1148 calcem
1050 1104 1083 1148 v.
1112 1086 1165 1147 lt.
1193 1117 1237 1128 —
1258 1082 1497 1160 Frumentum,
1516 1078 1571 1144 vi-

250 1213 333 1257 num
349 1199 382 1256 et
396 1189 509 1256 oleum
525 1187 629 1254 etiam
647 1194 743 1267 7,13;
763 1194 880 1271 tarr,
903 1192 980 1268 lat
994 1191 1058 1253 etc.
1077 1186 1298 1252 celebrantur
1313 1190 1352 1252 ut
1365 1191 1432 1252 tres
1452 1184 1566 1275 potis-

250 1296 327 1363 simi
350 1301 461 1362 terrae
480 1301 616 1361 sanctae
635 1299 832 1383 proventus.
856 1316 888 1360 v.
915 1300 956 1360 38
986 1320 1002 1354 a
1023 1294 1217 1360 Sementem
1232 1291 1377 1358 intritam
1398 1291 1502 1358 iacies
1527 1292 1566 1358 in

250 1416 387 1486 terram,
406 1415 437 1468 et
461 1400 636 1467 ineditum
653 1399 888 1489 conqreqabis,
908 1400 991 1490 quia
1007 1399 1155 1466 locrrstae
1171 1397 1381 1464 (lacerabunt
1396 1398 1512 1464 anania
1532 1427 1566 1464 ».

250 1514 337 1576 llaec
354 1507 495 1575 omnino
518 1529 687 1573 nonaum
711 1506 911 1596 respiciunt,
927 1507 986 1596 qui
1010 1528 1043 1573 v.
1073 1512 1115 1572 36
1135 1504 1291 1594 captivus
1315 1503 1483 1572 abductus
1501 1511 1567 1585 est,

250 1615 311 1681 sed
329 1636 407 1680 eum
425 1613 485 1701 qui
505 1612 593 1678 iacto
617 1612 748 1678 semina
768 1619 919 1698 segetem
943 1616 1131 1700 exspectat,
1150 1610 1210 1678 sed
1230 1631 1299 1676 non
1320 1609 1390 1677 alia
1404 1610 1447 1677 de
1465 1631 1569 1678 causa

250 1719 315 1787 nisi
335 1725 477 1809 propter
496 1718 643 1784 locustas
665 1741 725 1784 sua
743 1741 802 1808 spe
821 1719 1015 1784 frustratur.
1033 1717 1166 1785 Similia
1189 1717 1231 1785 de
1251 1717 1473 1807 sequentibus
1490 1740 1570 1784 ver·

250 1827 344 1893 sibus
367 1826 471 1892 dicas.
490 1848 522 1891 v.
537 1831 579 1890 33
604 1854 618 1884 a
649 1825 788 1892 Vineam
811 1823 986 1914 plantabis
1001 1837 1035 1891 et
1048 1823 1176 1912 sorites,
1205 1837 1238 1890 et
1258 1823 1377 1890 uinum
1392 1846 1460 1889 nan
1476 1824 1570 1890 bibes

251 1955 311 1998 uec
327 1931 468 2020 colliqes
484 1931 586 2020 [eren
600 1929 806 2021 qatrbpiaml,
823 1931 988 2021 quoniam
1000 1930 1368 1997 vastabituroermibus
1382 1958 1411 1998 u.
1427 1935 1493 1996 Nec
1503 1936 1568 2014 est,

251 2062 311 2107 cur
325 2038 494 2127 inquiras,
518 2059 687 2127 quaenam
711 2037 880 2104 vermium
901 2036 1029 2127 species
1047 2037 1274 2122 intelligatur,
1296 2058 1374 2103 cum
1394 2036 1478 2103 haec
1494 2059 1572 2103 am-

252 2144 462 2234 plificatione
491 2143 644 2210 oratoria
677 2142 932 2224 contineantur,
964 2165 1052 2232 quac
1077 2142 1218 2209 fortasse
1248 2143 1388 2209 minime
1420 2142 1572 2209 intendit

252 2273 357 2317 unam
374 2251 528 2338 aliquam
541 2250 689 2338 speciem
708 2251 841 2317 efferre.
862 2273 894 2317 v.
912 2256 954 2316 lb
971 2277 987 2310 «
1004 2248 1120 2316 Oliras
1134 2248 1272 2316 babebis
1286 2249 1323 2315 iu
1336 2251 1490 2316 omnibus
1506 2261 1573 2316 ter-

251 2356 356 2423 minis
368 2355 449 2434 tuis,
463 2367 495 2420 et
508 2377 578 2420 non
592 2355 732 2444 urrqeris
746 2355 830 2438 aleo,
847 2355 930 2445 quia
942 2354 1093 2445 defluent
1106 2355 1150 2445 [et
1161 2353 1374 2445 deperibunt]
1390 2384 1420 2423 u.
1436 2355 1542 2422 Hebr.
1561 2378 1568 2423 :

251 2461 336 2552 quia
350 2460 504 2528 decident
517 2460 628 2528 oliuae
643 2472 735 2544 triae,
751 2462 881 2550 frigore
896 2467 958 2529 aut
969 2461 1105 2528 insectis
1125 2483 1294 2529 corrosae.
1311 2484 1343 2529 v.
1360 2467 1398 2528 ll
1418 2488 1433 2522 a
1457 2462 1572 2528 Filias

251 2571 430 2658 generabis
444 2581 477 2634 et
495 2567 603 2657 filias,
620 2579 652 2633 et
666 2591 736 2634 tran
753 2567 885 2657 ferreris
905 2570 965 2653 eis,
982 2567 1148 2659 quioniam
1171 2567 1338 2635 diruentur
1360 2569 1397 2633 in
1421 2569 1573 2659 captiui-

253 2687 356 2742 tatem
376 2703 403 2746 »,
421 2697 454 2742 v.
472 2679 518 2740 'rt
532 2703 545 2736 κ
566 2676 689 2742 Omnes
710 2678 846 2742 arbores
866 2686 942 2741 treas
960 2687 992 2741 et
1003 2676 1125 2765 fruges
1139 2686 1248 2741 terrae
1263 2688 1342 2741 tuae
1354 2674 1476 2764 rubiqo
1490 2699 1573 2742 con·

252 2795 364 2848 sumet
388 2809 417 2847 a.
442 2768 517 2844 baba
540 2785 580 2847 ls.
605 2788 680 2865 18,1
709 2781 869 2868 designat
889 2784 1049 2848 euarniua
1072 2781 1293 2849 insectorum.
1319 2783 1440 2850 Omnia
1463 2782 1568 2864 hacc,

252 2888 281 2954 si
296 2889 412 2956 demas
434 2911 466 2953 v.
490 2894 531 2953 36
554 2910 603 2976 sq.
631 2893 714 2955 etv.
739 2894 793 2971 ll,
816 2911 886 2955 non
908 2893 986 2954 sunt
1004 2888 1207 2955 calamitatis
1228 2887 1405 2955 cuiusdam
1425 2887 1572 2957 bellicae

253 2993 447 3082 descripito,
465 2993 526 3057 sed
545 2992 633 3058 illud
651 2993 822 3074 evolvunt,
842 2994 977 3060 labores
1001 3016 1119 3060 omnes
1143 2995 1216 3061 lore
1244 2995 1372 3075 irritae,
1396 2994 1497 3061 modo
1523 2997 1571 3063 ab

252 3100 342 3165 hanc
357 3098 461 3163 modo
476 3098 520 3163 ob
533 3097 629 3164 illam
644 3099 812 3165 rationem
829 3100 951 3167 ellectu
961 3122 1031 3166 esse
1045 3101 1212 3167 carituras
1229 3122 1236 3168 :
1255 3106 1406 3187 segetem
1422 3102 1573 3169 vastabit

253 3206 395 3285 locusta,
413 3203 516 3268 vitem
538 3210 571 3269 et
590 3203 716 3270 olivam
740 3207 877 3289 vermis,
903 3204 966 3271 filii
986 3206 1214 3290 abducentur,
1235 3207 1374 3274 arbores
1396 3212 1429 3274 et
1450 3210 1571 3296 fruges

252 3312 381 3379 insecta
398 3309 579 3376 corrodent
604 3331 612 3378 :
634 3310 677 3377 ad
698 3333 773 3378 eam
787 3311 927 3378 tandem
948 3311 1121 3378 miseriam
1135 3312 1314 3400 redigetur
1329 3315 1514 3399 Hebraeus,
1532 3323 1573 3383 ut

254 3418 423 3485 advenam
437 3424 582 3504 cogatur
596 3422 753 3483 mutuum
773 3439 908 3503 rogare.
932 3417 967 3484 Si
982 3417 1067 3508 quid
1079 3417 1249 3501 abundet,
1265 3421 1331 3486 erit
1345 3420 1431 3486 illud
1447 3421 1518 3487 lere
1535 3446 1568 3490 v.

254 3531 296 3592 m
314 3549 321 3594 :
344 3523 471 3591 etenim
485 3525 613 3609 fruges,
631 3546 719 3613 quae
733 3523 790 3590 hic
806 3524 1023 3591 examinibus
1039 3525 1297 3614 permittuntur,
1318 3549 1349 3591 v.
1369 3532 1409 3594 38
1426 3529 1572 3616 permit·

253 3631 416 3697 tebantur
430 3629 584 3696 locustis
601 3634 727 3697 Tamen
743 3630 787 3696 ab
807 3630 925 3720 aliqua
937 3632 1140 3720 repetitione
1160 3633 1238 3698 talis
1259 3633 1431 3700 rhetorica
1447 3637 1571 3725 ampli-

253 3737 366 3803 ficatio
381 3758 448 3801 non
469 3735 634 3801 abhorret
656 3742 688 3803 et
701 3740 840 3826 stractus
863 3751 971 3803 terrae
991 3760 1025 3803 v.
1052 3744 1093 3805 12
1109 3739 1260 3828 copulati
1274 3738 1449 3806 arboribus
1474 3762 1570 3808 com-

254 3842 353 3909 mode
374 3841 619 3927 intelliguntur
647 3842 777 3908 fructus
793 3842 973 3925 arborum,
989 3864 1072 3929 ergo
1095 3866 1147 3910 res
1165 3867 1185 3911 a
1204 3850 1319 3933 segete
1332 3868 1364 3912 v.
1383 3852 1425 3914 38
1439 3847 1570 3936 oppido

253 3949 399 4016 diversa.
418 3972 449 4014 v.
471 3955 511 4015 13
527 3974 544 4009 «
562 3947 716 4032 Aduena,
737 3947 799 4038 qui
815 3963 924 4015 tecum
939 3961 1092 4016 uersatur
1107 3951 1144 4016 in
1168 3964 1270 4036 terra,
1293 3953 1452 4020 ascendet
1464 3976 1570 4043 super

255 4069 285 4122 te
305 4058 435 4144 eritque
456 4053 646 4138 sublimior,
677 4067 714 4121 tu
741 4067 854 4121 autem
882 4055 1063 4123 descendes
1084 4068 1116 4124 et
1141 4059 1207 4124 eris
1228 4057 1375 4146 inferior
1401 4087 1433 4126 a.
1460 4082 1494 4126 v.
1525 4065 1569 4126 lt

257 4189 272 4221 u
294 4163 369 4250 lpse
384 4160 576 4248 soerrerabit
596 4159 675 4247 tibi,
699 4173 731 4227 et
748 4172 783 4226 tu
800 4184 870 4227 non
884 4163 1078 4250 faenerabis
1098 4163 1146 4244 ei3
1168 4163 1240 4254 ipse
1260 4165 1327 4231 erit
1345 4167 1382 4232 in
1403 4178 1516 4256 captet,
1536 4180 1570 4233 et

255 4279 291 4333 tu
307 4267 373 4332 eris
397 4269 433 4332 in
448 4267 594 4334 ceredam
615 4295 646 4335 a.
668 4268 716 4333 Cl.
732 4290 764 4334 v.
787 4273 827 4333 12
842 4290 893 4357 sq.

297 4372 493 4439 absolvitur
506 4374 646 4440 tandem
662 4379 825 4441 tractatus
841 4375 882 4441 de
899 4375 1211 4444 maledictionibus.
1230 4400 1262 4445 v.
1283 4384 1324 4446 l5
1340 4406 1356 4439 «
1371 4381 1416 4444 Et
1431 4377 1570 4446 uenient

253 4491 409 4573 superte
438 4500 553 4545 orarias
582 4478 840 4546 maledictiones
864 4481 961 4567 istae,
987 4494 1019 4549 et
1044 4494 1284 4574 persequentes
1310 4485 1569 4575 apprehendent

254 4600 285 4657 te
300 4618 314 4650 »
339 4587 396 4678 (ct.
412 4609 444 4652 v.
464 4585 537 4676 15),
556 4612 571 4646 a
587 4585 693 4653 denec
712 4586 860 4654 intereas
883 4617 898 4650 »
920 4587 976 4678 (cl.
995 4612 1027 4655 v.
1047 4590 1122 4680 2¹2),
1144 4617 1160 4652 u
1180 4590 1264 4680 quia
1282 4614 1351 4658 non
1373 4593 1502 4659 attulisti
1513 4616 1571 4659 uo·

254 4719 324 4764 aaut
344 4693 486 4762 Domini
501 4693 564 4761 Dei
584 4692 647 4778 tui,
671 4715 732 4761 nec
748 4695 890 4761 seruasti
908 4695 1072 4763 retardata
1088 4696 1162 4763 eius
1186 4710 1219 4763 et
1243 4699 1463 4784 ceremoniae,
1481 4722 1570 4790 qum
