3366 5346
672 332 760 376 nnur.
783 317 835 385 {tt
856 333 921 385 soe.
1394 330 1451 386 mo

143 472 227 552 cim,
245 492 328 558 quos
343 469 414 558 ipse
427 466 546 534 vidisti
567 479 599 531 et
620 464 764 547 credisti,
785 465 907 554 quibas
925 468 1041 535 recellas
1058 484 1168 560 potest
1193 496 1234 539 er
1248 474 1388 541 advecta
1404 504 1455 545 ee-

143 568 259 644 sestere
281 605 309 640 ».
333 577 434 643 Hebe.
459 597 466 642 :
488 597 573 663 qam
598 586 634 639 tu
649 572 741 641 nosti
757 573 913 659 generali
938 596 1091 657 rumore,
1114 590 1146 644 et
1165 602 1248 669 patos
1269 593 1305 647 ta
1327 584 1458 651 (iadisti

143 708 163 751 a
187 683 328 750 testibus
351 681 514 762 oculatiS‚
533 680 821 769 exploratoribus,
852 681 913 768 qui
936 681 973 747 id
992 682 1085 771 quod
1112 685 1268 754 viderant
1303 693 1460 779 sequenti

142 788 386 857 exclamatione
436 787 674 876 exprimebant
713 805 721 851 t
769 785 853 867 Quis
891 788 1022 854 resistet
1067 813 1182 858 eoram
1216 794 1301 882 filiis
1344 800 1460 864 Euae!

145 896 310 984 (dense).
336 900 406 960 b'on
429 898 528 960 vacat
554 893 667 959 ironia
691 892 819 982 duplex
835 892 924 961 illud
945 910 1024 969 uns,
1051 909 1107 978 ta,
1128 921 1205 965 cum
1228 905 1326 967 Num.
1351 911 1391 969 13
1407 928 1458 993 sq.

142 1003 284 1069 llcbraei
305 1023 425 1091 reapse
448 1004 674 1086 exaggeratos
698 1021 854 1066 rumores
871 1002 980 1069 secuti
999 1002 1083 1083 siut;
1109 1004 1249 1072 urbium
1274 1008 1458 1100 descriptio

141 1109 263 1176 iisdem
288 1106 490 1197 hyperbolis
513 1106 718 1187 continetur,
745 1112 849 1196 atque
877 1114 954 1188 tes
978 1108 1014 1175 in
1040 1112 1156 1177 verbis
1181 1113 1456 1204 exploratorum

143 1222 240 1284 Num.
267 1220 363 1298 13,33
380 1214 612 1303 loquebantur
626 1214 872 1304 exploratores,
895 1215 963 1281 acsi
983 1238 1103 1284 omnes
1132 1219 1387 1288 Chanaanitidis
1402 1223 1458 1289 in·

143 1323 237 1390 colae
259 1327 369 1388 essent
396 1318 525 1386 similes
542 1319 698 1400 Enacim,
722 1319 779 1387 hic
800 1321 884 1386 item
908 1321 971 1387 soli
991 1323 1129 1389 Enacim
1158 1326 1357 1394 efferuntur.
1375 1330 1458 1395 leri-

144 1427 303 1497 chuntini
327 1427 474 1516 aliique,
499 1450 585 1516 quos
607 1431 699 1493 losue
723 1426 876 1517 primum
901 1437 1174 1515 aggressusest,
1200 1455 1269 1499 non
1297 1434 1457 1502 videntur

143 1536 245 1601 fnisse
261 1532 303 1599 dc
316 1533 421 1622 stirpe
439 1532 594 1609 Enacim,
619 1533 679 1599 sed
702 1540 816 1599 orator
830 1534 963 1600 futuros
985 1535 1144 1603 inimicos
1162 1560 1281 1604 omnes
1300 1540 1406 1606 veluti
1420 1541 1455 1607 in

144 1663 250 1708 unum
270 1639 454 1706 exercitum
478 1638 628 1725 colligit,
652 1639 690 1706 in
716 1639 813 1705 cuius
839 1642 951 1728 primo
978 1642 1117 1728 agmine
1137 1644 1281 1711 collocat
1305 1648 1456 1729 Enacim,

143 1749 202 1837 qui
217 1769 336 1813 revera
350 1745 489 1812 nonnisi
502 1746 610 1812 scrius
628 1745 704 1833 llos.
732 1750 791 1826 lt,
812 1745 887 1813 lud.
908 1749 940 1834 1)
966 1747 1090 1815 devicti
1112 1758 1202 1817 sunt.
1222 1756 1368 1819 Rursum
1384 1775 1458 1821 ora-

143 1861 196 1920 tor
215 1858 326 1919 totum
348 1852 498 1936 bellum,
511 1852 601 1942 quod
615 1852 733 1942 plures
748 1851 949 1919 habiturum
965 1863 1039 1919 erat
1056 1857 1304 1946 expeditiones,
1322 1860 1460 1925 exhibet

145 1965 322 2047 tamquam
349 1959 600 2047 expeditionem
632 1979 753 2040 unam,
786 1980 874 2046 (quac
908 1957 1010 2024 leodic
1040 1960 1182 2050 incipiat
1207 1968 1240 2028 et
1263 1964 1460 2031 absolvatur

144 2065 311 2132 velociter.
332 2069 482 2141 Quocum
499 2065 641 2130 minime
656 2069 790 2153 pugnat
809 2070 888 2144 7,Ξῖ
911 2065 1104 2147 allirmans,
1121 2068 1279 2134 inimicos
1298 2069 1460 2137 delendos

145 2195 214 2239 esse
223 2171 414 2261 paulatim,
429 2193 498 2237 non
519 2192 593 2237 eras
609 2192 684 2250 seu,
704 2174 742 2235 ut
756 2170 849 2237 locus
862 2170 1047 2259 parallelus
1065 2178 1121 2239 Ex.
1138 2180 1238 2255 eaeo
1254 2175 1371 2255 habet,
1390 2198 1459 2242 non

145 2301 334 2346 mmmm.

188 2409 221 2452 v.
251 2393 269 2451 3
302 2411 318 2445 «
344 2384 439 2451 Scies
458 2412 487 2465 »,
505 2404 566 2449 seu
581 2382 693 2450 verius
707 2383 810 2463 scita,
831 2412 846 2443 «
864 2406 944 2472 erpa
956 2383 1071 2463 lodie,
1088 2385 1183 2475 quod
1196 2389 1360 2455 llorm‘mes
1373 2393 1461 2456 Deus

146 2506 225 2558 taus
241 2491 310 2581 ipse
326 2489 484 2557 transibit
495 2502 574 2556 ante
594 2501 638 2570 te,
657 2489 747 2577 ipris
767 2488 933 2555 devorans
949 2490 1062 2580 [atque
1078 2495 1287 2582 cortsameasl
1304 2524 1319 2555 >t
1339 2496 1458 2585 (listi),

149 2624 165 2659 a
182 2597 244 2684 qai
266 2609 418 2662 aoraterat
442 2618 497 2661 eos
518 2608 549 2661 et
570 2594 682 2661 deleat
700 2607 805 2684 atque
820 2593 997 2683 disperdat
1016 2608 1096 2663 ante
1111 2600 1242 2688 faeiem
1263 2613 1356 2666 taam
1373 2602 1461 2668 eelo-

147 2705 243 2784 eiter,
268 2704 355 2769 sicae
382 2702 516 2768 locutas
540 2714 589 2767 est
615 2700 680 2766 tibi
700 2729 730 2768 ».
750 2703 853 2766 Hebe.
878 2722 885 2768 :
912 2701 984 2791 ipse
1008 2702 1134 2769 delebit
1162 2727 1233 2788 eas,
1259 2705 1331 2795 ipse
1349 2707 1461 2773 leumi-

148 2811 249 2879 lialit
270 2834 324 2877 eas
345 2831 459 2877 caram
480 2821 527 2891 te,
549 2820 581 2873 et
600 2806 748 2898 expelles
768 2829 823 2873 eos
840 2819 873 2874 et
887 2807 1012 2874 delebis
1027 2831 1082 2876 eos
1102 2810 1168 2876 cito
1188 2822 1250 2878 ete.
1275 2841 1290 2872 a
1313 2813 1369 2879 lsti
1383 2821 1474 2891 sunt¹
1561 2812 1566 2823 '

147 2919 284 2986 effeetus
312 2917 369 2984 Dei
398 2913 635 3006 praecedentis
659 2913 768 2981 instar
793 2914 884 3001 ignis
909 2917 1062 2983 vorantis
1090 2945 1106 2977 »
1132 2916 1250 3006 (cat).
1273 2920 1459 3008 Emphasin

147 3025 251 3092 habet
270 3024 393 3113 triplex
416 3023 503 3089 illud
522 3023 592 3110 ipse
608 3043 615 3089 :
636 3021 726 3111 ipse,
749 3029 782 3087 et
803 3042 873 3086 non
893 3020 981 3088 elius
995 3020 1097 3111 (De).
1115 3046 1146 3090 v.
1172 3031 1190 3091 l
1209 3052 1224 3085 a
1244 3026 1295 3092 Ne
1314 3024 1409 3093 dicas
1422 3020 1463 3093 iii

148 3132 338 3213 cordetuo,
357 3152 433 3197 cara
459 3127 620 3195 deleverit
642 3150 696 3195 eos
719 3127 987 3194 tlamimesDeas
1007 3141 1085 3195 tuas
1105 3129 1142 3195 in
1169 3145 1348 3221 eorespecta
1373 3145 1456 3199 teto:

148 3243 291 3327 Propter·
315 3234 485 3303 iustitiam
511 3257 623 3301 meam
651 3234 846 3300 introduxit
871 3256 925 3300 me
949 3236 1131 3318 Dominus,
1159 3248 1196 3302 ut
1218 3248 1343 3305 terram
1372 3240 1460 3305 trane

145 3345 374 3436 possiderem,
407 3365 482 3410 ertia
502 3355 646 3432 propter
671 3341 862 3429 impietates
887 3363 969 3407 suas
996 3342 1082 3407 istae
1104 3341 1235 3407 deletae
1259 3345 1330 3409 sint
1349 3345 1461 3410 natio·
1536 3332 1540 3339 ⁵

149 3476 207 3519 aes
222 3480 251 3518 a.
271 3457 356 3518 ltuas
375 3449 526 3516 rationes
544 3450 646 3513 Hebe.
664 3447 839 3513 coordinat
857 3469 864 3513 :
882 3459 914 3511 et
927 3460 1071 3535 propter
1085 3446 1294 3534 inpietatem
1309 3451 1461 3536 peritiam

151 3560 292 3624 istammt
313 3555 446 3645 expedit
458 3577 515 3620 eas
534 3553 634 3620 lali-ee
659 3576 680 3619 a
694 3552 790 3639 faeie
807 3574 893 3618 mea.
912 3551 1062 3617 Alteram
1078 3552 1169 3618 hanc
1184 3554 1350 3620 rationem
1362 3556 1464 3642 igno·

151 3670 228 3730 rant
248 3665 349 3745 Lxx,
366 3666 557 3751 putantque
577 3659 712 3740 netem„
725 3663 785 3727 Dr.
805 3658 935 3747 aliique
951 3680 969 3724 e
988 3680 1020 3723 v.
1048 3665 1068 3724 5
1093 3658 1160 3726 huc
1175 3680 1247 3725 esse
1267 3659 1459 3751 delapsam;

152 3770 280 3836 habent
308 3776 420 3835 tamen
445 3772 556 3833 textus
576 3765 702 3855 reliqui
734 3787 865 3831 omnes.
893 3769 1023 3852 Rcapse
1048 3785 1169 3832 sensus
1192 3766 1340 3833 habetur
1363 3769 1461 3836 valde

152 3882 261 3967 aptus.
284 3879 336 3941 Sc.
357 3873 443 3939 duae
464 3871 613 3976 rationes
632 3892 736 3937 unam
756 3871 910 3936 efficiunt
932 3891 940 3938 ε
958 3875 1158 3960 propterea,
1177 3872 1268 3960 quod
1289 3895 1351 3939 nos
1366 3880 1460 3941 tanto

150 3983 306 4050 iustiores
333 3980 438 4047 simus
463 3977 642 4064 gentibus,
664 3976 743 4043 ideo
768 3981 831 4044 etc.
857 3980 949 4043 llanc
969 3978 1138 4073 rationem
1161 3977 1261 4045 lacile
1282 3979 1349 4045 sibi
1369 3987 1462 4070 pote-

152 4096 230 4157 rant
255 4089 421 4174 effingere
445 4084 589 4152 Hebraei
613 4085 729 4172 Moysis
752 4083 931 4172 aequales3
955 4105 1026 4150 non
1050 4106 1159 4173 aeque
1178 4084 1279 4152 facile
1303 4087 1459 4170 alteram,

152 4195 429 4263 obexeellentem
448 4213 545 4259 suam
564 4190 730 4257 iustitiam
750 4212 786 4257 se
811 4211 925 4256 esses
948 4191 1052 4256 lahvc
1071 4190 1212 4274 electos,
1235 4214 1313 4258 cum
1334 4194 1388 4260 vix
1402 4218 1465 4284 po-

152 4305 281 4370 tuerint
303 4322 440 4368 omnem
465 4298 666 4366 memoriam
690 4295 852 4364 abdicare
875 4318 1014 4363 suarum
1038 4302 1094 4363 Ex.
1125 4304 1180 4378 32,
1211 4303 1309 4366 Num.
1337 4307 1378 4367 20
1399 4307 1463 4369 etc.

153 4410 393 4477 rebellionum.
423 4430 456 4477 v.
485 4414 505 4475 5
533 4434 549 4468 a
580 4406 697 4495 Neque
717 4406 808 4472 enim
827 4416 967 4494 propter
990 4404 1138 4471 iustitias
1163 4418 1239 4472 tuas
1261 4418 1292 4472 et
1311 4408 1466 4496 aequita-

156 4528 221 4582 tem
238 4544 254 4576 »
275 4555 317 4566 -
334 4518 434 4582 Hebe.
452 4512 747 4580 rectitudinem-
767 4540 783 4572 a
805 4509 915 4577 cordis
935 4509 988 4576 teti
1007 4510 1223 4600 ingredieris,
1242 4526 1279 4577 at
1289 4513 1466 4601 possideas

155 4636 261 4688 terras
278 4644 406 4706 eaemn,
419 4621 479 4688 sed
490 4620 573 4710 qaia
586 4617 667 4685 illae
682 4630 824 4709 eqerrtat
839 4617 957 4708 impie,
972 4611 1209 4685 introeam-tete
1224 4616 1355 4683 deletae
1370 4631 1458 4700 sam

155 4743 186 4795 ct
207 4742 242 4795 ut
266 4729 448 4819 carrapleret
467 4730 602 4795 verdum
627 4748 726 4793 suam
746 4725 930 4811 Dominus,
953 4723 1047 4814 quad
1069 4727 1130 4790 sub
1155 4725 1345 4789 iuramento
1358 4723 1456 4812 [relli-
