3366 5346
534 300 748 355 ceronnam,
772 303 825 354 ovi
847 303 996 348 nmunrrn
1018 307 1029 348 J
1051 304 1089 347 nr
1113 306 1141 348 n.
1438 290 1494 347 133

184 437 409 505 certissimum
429 433 565 501 diedone
581 434 822 524 procidentiae
841 436 1026 504 arcadium.
1044 438 1168 516 Quodsi
1188 440 1253 505 hoc
1274 439 1439 504 auxilinm
1459 439 1494 506 in

185 546 287 613 tantis
301 541 559 610 difficultatibus
573 540 637 607 tibi
653 541 813 608 videatur
827 542 986 611 miraculi
1001 544 1105 613 luisse
1121 546 1241 625 altine,
1264 544 1374 610 dicam
1392 545 1495 611 huius

184 649 340 717 miraculi
360 647 558 715 adstruendi
572 647 724 737 aliquam
745 649 867 715 haberi
887 650 1074 730 rationem,
1091 673 1161 718 non
1182 652 1334 740 priorum
1354 651 1494 716 illorum

183 756 439 824 miraculorum.
466 759 532 821 lloc
559 754 761 822 miraculum
793 761 884 821 certe
910 757 1125 838 adstruebat,
1146 757 1217 824 imo
1241 757 1332 824 ultra
1357 778 1492 823 omnem

183 864 324 931 modum
341 861 576 949 exaggerabat
590 860 728 928 iudaica
745 861 898 930 traditio.

227 969 433 1038 Sistebamus
448 969 624 1056 hucusque
637 969 674 1033 in
688 967 771 1035 solis
784 968 854 1035 stili
869 970 1125 1037 mutationibus.
1140 975 1262 1037 Verum
1278 971 1403 1036 interl]
1418 975 1451 1035 et
1466 974 1481 1034 J
1487 1022 1495 1045 ,

182 1077 344 1166 inquiunt
359 1074 484 1156 critici,
500 1074 570 1141 alia
587 1079 723 1163 praeter
738 1074 843 1141 solius
859 1075 928 1142 stili
943 1075 1160 1145 intercedunt
1177 1074 1377 1143 discrimina
1393 1097 1401 1144 ε
1419 1083 1498 1141 sunt

185 1183 314 1273 quippe
329 1183 430 1249 unius
447 1180 645 1248 documenti
662 1180 875 1248 narrationes
890 1189 924 1248 et
940 1181 1073 1269 dialogi
1087 1181 1289 1261 vividioreS,
1308 1182 1498 1249 delectatur

184 1289 275 1357 illud
294 1285 623 1355 considerationibus
649 1285 770 1355 ethicis
792 1292 827 1354 et
844 1286 1047 1374 theologicis
1067 1295 1131 1355 etc.
1158 1288 1370 1377 Quandoque
1390 1287 1498 1374 igitur

186 1395 332 1463 alieuius
349 1393 547 1461 documenti
560 1400 668 1460 textus
689 1398 843 1461 mutatur
857 1416 927 1460 non
943 1395 1052 1462 solum
1072 1396 1231 1462 versione
1251 1395 1287 1461 in
1307 1395 1412 1461 aliam
1430 1394 1497 1461 lin-

185 1524 290 1588 guam
312 1503 366 1568 vel
383 1501 581 1582 dialectum,
599 1498 804 1567 idiomatum
822 1501 968 1581 vicibus,
985 1503 1043 1568 sed
1059 1525 1099 1569 eo
1119 1501 1223 1570 etiam
1245 1501 1338 1590 qnod
1356 1499 1498 1567 liberius

187 1607 399 1675 describatur
413 1612 446 1672 et
467 1604 672 1693 elegantiuS,
690 1606 735 1673 ad
757 1607 985 1696 paraphrasin
1002 1613 1139 1695 vergat,
1156 1614 1326 1695 augeatur
1344 1607 1497 1673 reflexio-

185 1713 287 1780 nibus
307 1711 506 1795 moralibus,
523 1734 640 1779 rcrum
659 1712 961 1802 descriptionibus,
979 1715 1118 1781 tandem
1133 1714 1303 1781 efficiatur
1321 1713 1428 1780 veluti
1445 1715 1496 1779 sui

182 1817 291 1907 ipsius
301 1825 451 1904 targrmr.
465 1822 592 1885 llorum
603 1817 720 1908 aliqua
730 1819 927 1909 ubieunque
937 1820 1033 1899 fiant,
1045 1821 1138 1888 illico
1151 1820 1280 1887 librum
1290 1819 1364 1885 fieri
1375 1819 1493 1897 alium,

183 1946 296 2014 neque
312 1925 425 2013 primo
439 1947 500 1991 suo
514 1925 647 1991 auctori
660 1925 802 1993 attribui
817 1948 933 2015 posse,
950 1926 1070 1993 durius
1085 1927 1324 1999 affirmaveris,
1342 1948 1419 1993 cum
1433 1925 1497 1990 ho-

119 2101 122 2105 ,
184 2053 262 2096 rum
284 2030 410 2097 similia
431 2030 640 2120 quandoque
660 2030 697 2096 in
719 2035 799 2098 Lim
814 2032 918 2099 etiam
938 2034 1021 2098 etin
1039 2034 1137 2118 Vulg.
1153 2033 1391 2100 observentur.
1411 2029 1495 2108 Quid

185 2159 275 2218 vero,
292 2137 321 2203 si
335 2136 419 2203 haec
435 2142 545 2202 totum
562 2137 813 2226 quadamtenus
824 2137 953 2205 librum
967 2138 1177 2227 pervadant?
1193 2139 1300 2219 DiceS,
1320 2138 1404 2204 haec
1420 2160 1497 2227 pro·

183 2243 270 2309 feeto
291 2243 411 2309 tollere
428 2243 713 2332 inspirationem:
735 2265 872 2325 verum,
890 2267 1056 2333 quorsum
1077 2267 1118 2312 ea
1137 2245 1324 2336 pertingit?
1347 2248 1417 2310 Non
1443 2244 1496 2310 in-

183 2349 358 2439 spirantur
384 2349 520 2435 singula
545 2349 651 2416 verba
673 2371 745 2416 non
766 2350 936 2418 solecismi
965 2372 973 2419 ε
1001 2357 1126 2419 suntne
1150 2374 1215 2442 pro
1241 2351 1414 2440 inspiratis
1434 2351 1496 2417 ha-

184 2454 297 2522 benda
311 2455 448 2542 singula
467 2455 593 2522 incisa?
608 2456 880 2544 lnspiraturres.
903 2462 991 2525 Num
1010 2458 1200 2526 necessario
1215 2458 1361 2524 dicenda
1380 2462 1429 2523 est
1448 2455 1498 2522 in·

184 2562 306 2651 spirari
327 2563 454 2643 torma,
470 2583 579 2651 eaque
594 2564 687 2629 tutat
700 2562 841 2629 difficile
856 2569 905 2629 est
920 2563 1066 2631 limitem
1080 2568 1237 2631 accurate
1251 2564 1394 2630 definire
1409 2563 1498 2628 inter

138 2713 141 2720 ·
187 2689 258 2734 rem
280 2674 313 2734 et
334 2669 494 2734 termam.

227 2773 327 2840 Aliud
346 2774 516 2842 advertas.
539 2773 786 2863 Prophetarum
810 2780 899 2855 erat,
922 2775 1167 2842 revelationem
1192 2776 1375 2841 mosaicam
1397 2796 1496 2862 prae·
1545 2763 1551 2775 '

183 2899 328 2962 servare,
347 2880 528 2970 explicare,
550 2880 740 2963 inculcare,
756 2903 825 2947 non
840 2882 979 2948 thoram
993 2880 1105 2947 solum
1121 2881 1178 2948 sed
1194 2880 1297 2947 etiam
1317 2879 1496 2947 historiam

182 2987 314 3076 populi.
338 2986 376 3053 ld
398 2987 544 3054 fecerint
565 2992 693 3053 textum
717 3009 851 3055 sacrum
873 2988 1125 3077 praelegendo,
1147 2987 1365 3078 explicando,
1384 2985 1497 3052 verbis

182 3093 378 3160 auditorum
402 3093 552 3181 ingeniis
581 3093 692 3179 magis
718 3094 984 3161 accommodatis
1011 3094 1227 3161 inculcando.
1257 3099 1346 3161 Unus
1369 3093 1497 3159 alterve

183 3200 307 3267 horum
319 3200 508 3287 targumim
519 3200 768 3289 prophetarum
779 3200 996 3268 fueritetinm
1007 3202 1143 3290 scriptis
1158 3201 1351 3279 mandatus,
1369 3202 1413 3267 sit
1424 3199 1496 3289 ipse

183 3311 309 3373 Eautl
327 3327 335 3374 ε
350 3306 496 3373 habebis
510 3308 676 3396 scriptum
690 3307 878 3374 mosaicum
893 3307 1025 3397 utique,
1045 3313 1081 3374 at
1095 3309 1208 3374 minus
1223 3307 1421 3387 mosaicum,
1438 3306 1496 3372 sed

184 3435 262 3480 vere
288 3413 461 3495 divinum,
488 3413 746 3502 propheticum,
772 3413 991 3503 inspiratum.
1021 3413 1153 3480 Etenim
1181 3413 1220 3479 in
1242 3413 1401 3478 omnibus
1430 3412 1498 3476 illis
1563 3424 1566 3431 '

183 3519 275 3602 viris,
291 3520 350 3609 qui
360 3520 404 3586 ad
417 3526 546 3586 textum
560 3519 780 3608 pentateuchi
795 3519 1024 3586 evolvendum
1036 3520 1091 3585 vel
1107 3518 1354 3585 restituendum
1366 3517 1497 3607 aliquid

184 3625 416 3710 contulerunt,
433 3632 566 3693 tantum
585 3627 659 3694 iure
679 3628 801 3693 merito
822 3625 977 3693 adstrues
996 3625 1134 3691 divinae
1149 3624 1387 3714 providentiae
1402 3623 1496 3690 auxi-

149 3778 156 3792 .
183 3729 269 3795 lium
282 3737 485 3821 tantumque
499 3732 733 3821 inspirationis
753 3733 936 3814 charisma,
953 3738 1083 3821 quanta
1101 3730 1164 3798 tibi
1181 3730 1312 3820 requiri
1327 3731 1496 3798 videbun-

182 3843 249 3920 tur,
268 3843 304 3903 ut
319 3837 376 3905 hic
386 3839 637 3927 pentateuchus
649 3861 728 3905 vere
739 3847 773 3905 et
785 3862 865 3905 cum
876 3837 1039 3904 omnibus
1050 3840 1119 3904 suis
1133 3838 1288 3926 partibus
1300 3837 1342 3903 sit
1353 3837 1496 3904 verbum

180 3943 250 4009 ltei.
269 3948 375 4021 Quem
391 3944 500 4011 voluit
520 3949 605 4012 heus
627 3945 671 4011 ab
695 3944 801 4011 Esdra
819 3945 978 4011 adhiberi
993 3944 1260 4010 instrumentum
1277 3942 1425 4009 foederis
1444 3965 1498 4009 re·

181 4052 341 4134 novandi,
358 4050 410 4117 uti
428 4055 552 4139 Moyses
569 4074 648 4119 usus
664 4052 775 4117 fuerat
794 4050 895 4117 Libro
913 4050 1070 4117 Foederis
1094 4056 1127 4117 et
1145 4051 1247 4116 thora
1264 4049 1498 4117 instrumentis

180 4156 327 4223 loederis
352 4159 389 4223 in
410 4157 503 4225 Sinai
523 4157 669 4224 feriendi
689 4162 721 4224 et
742 4157 779 4222 in
798 4157 977 4223 lloabitide
1003 4156 1217 4229 restituendi,
1236 4162 1270 4222 et
1290 4156 1341 4222 uti
1360 4158 1496 4223 Samuel

183 4285 260 4330 usus
273 4265 385 4331 fuerat
405 4265 505 4331 thora
520 4264 730 4330 collectaneo
750 4269 850 4331 aucta
872 4265 1099 4330 instrumento
1122 4263 1271 4329 foederis
1293 4263 1493 4330 renovandi.

180 4375 288 4458 Atque
302 4370 349 4436 ita
364 4370 553 4437 testabatur
567 4375 669 4451 Deus,
688 4391 908 4459 quascunque
924 4370 982 4435 ille
998 4376 1107 4437 textus
1121 4369 1202 4437 inde
1217 4375 1357 4457 alloyse
1379 4391 1496 4457 passus

185 4483 271 4541 esset
283 4477 548 4556 vicissitudines,
566 4498 644 4542 erim
662 4498 732 4542 esse
748 4498 855 4564 aeque
868 4497 1003 4541 sacrum
1021 4482 1125 4566 atque
1145 4476 1197 4542 illi
1215 4481 1323 4542 textus
1341 4475 1492 4545 luissent,

185 4602 290 4669 aeque
311 4583 477 4665 divinum,
495 4583 640 4650 verbum
655 4582 724 4648 Ilei.

231 4696 337 4764 Quam
351 4712 432 4756 sane
455 4690 600 4757 restituti
622 4695 729 4756 textus
742 4689 896 4756 indolem
918 4712 1098 4778 nunquam
1123 4688 1275 4774 agnituri
1296 4692 1393 4750 erant
1416 4688 1492 4763 los,
