3366 5346
682 282 685 287 ’
710 311 801 356 usur.
824 298 876 368 8,ss
918 315 982 366 soe.
1446 313 1503 370 2:57

191 451 226 517 in
243 455 278 516 V.
301 455 335 515 T.
352 471 422 516 non
441 447 579 534 legitur.
597 449 678 514 Cum
699 446 832 535 reliqua
852 470 884 514 v.
904 454 924 514 8
943 450 1085 516 nomina
1107 452 1223 520 omnia
1245 454 1463 545 dependeant
1483 483 1500 524 a

191 571 316 624 terram
336 553 583 633 tantummodo,
600 559 749 643 praestat
766 555 906 621 fortasse
927 557 1030 623 etiam
1048 557 1104 625 hie
1117 565 1250 628 vertere
1267 561 1391 645 oliuae,
1409 565 1477 632 olei
1495 590 1502 636 :

193 667 332 732 sortasse
356 662 523 729 alterutra
543 683 607 726 vox
626 659 662 726 in
687 664 814 727 textum
832 661 1032 751 irrepsit-
1051 686 1083 729 v.
1105 673 1287 749 terrram,
1311 700 1327 729 «
1350 671 1409 737 nbi
1431 676 1506 739 ods-

194 794 257 862 pne
275 769 344 836 rdlo
355 768 508 858 panteria
524 765 678 834 comedes
689 789 821 856 ponem
842 780 939 834 tuum
958 781 990 835 et
1009 792 1122 837 rerum
1142 774 1297 840 omnium
1324 778 1508 846 oburrdon-

196 879 244 945 tio
257 877 451 967 perfrueris
472 898 507 958 »3
527 887 628 958 terro,
650 901 666 934 α
691 875 789 940 cuius
809 873 942 965 lapides
963 878 1099 964 [errrrm
1119 891 1211 961 sunt,
1227 893 1261 946 et
1279 881 1320 948 de
1337 886 1509 952 montibus

195 984 266 1051 eius
285 983 375 1050 aeris
388 981 549 1071 [ructatio]
564 981 750 1068 [odiuntur
768 1007 798 1047 1.
816 986 899 1047 Cum
916 983 1045 1066 omnia,
1065 1006 1154 1072 quae
1170 1007 1202 1052 v.
1219 994 1238 1053 7
1257 1009 1307 1077 sq.
1326 1012 1508 1058 recensen-

192 1098 259 1172 tur,
285 1090 330 1157 ad
353 1091 489 1157 literam
514 1088 680 1155 sumenda
706 1087 774 1153 siut
796 1109 908 1178 neque
942 1095 1073 1156 tautum
1104 1094 1352 1182 metaphorice,
1374 1097 1506 1184 serram

191 1220 328 1288 quoque
345 1219 415 1263 uon
435 1202 514 1263 sunt
534 1223 549 1255 a
571 1193 705 1284 lapides
723 1195 852 1262 terrum
874 1194 1045 1263 soliditate
1063 1202 1096 1263 et
1113 1197 1241 1266 duritia
1257 1203 1467 1271 aemulantes
1488 1234 1504 1266 »

192 1304 346 1393 (calm),
371 1304 431 1369 sed
454 1306 534 1369 sunt
558 1323 676 1366 verum
697 1301 839 1369 ferrum.
866 1305 970 1367 Porro
992 1304 1122 1369 serrum
1147 1306 1318 1395 reperitur
1342 1309 1432 1377 circa
1456 1311 1506 1378 Li-

190 1411 319 1478 banum
339 1417 372 1476 et
393 1414 609 1487 Hermonem,
631 1413 748 1496 estque
768 1429 836 1474 nou
856 1408 965 1474 solum
990 1410 1026 1474 iu
1046 1410 1328 1494 transiordaniea,
1346 1416 1504 1485 seditem

192 1517 285 1584 circa
298 1522 384 1583 blare
398 1514 585 1581 Tiberiadis
597 1514 758 1603 frequens
775 1513 940 1595 basaltus,
957 1514 1054 1583 cuius
1070 1518 1192 1604 quinta
1207 1542 1285 1608 pars
1299 1522 1430 1589 serrum
1443 1529 1504 1590 est.

195 1623 299 1713 Cupri
321 1621 464 1708 vestigia
491 1622 669 1710 hucusque
697 1620 980 1688 discernebantur
1006 1625 1244 1691 tantummodo
1270 1627 1361 1694 circa
1384 1631 1505 1697 Emath

189 1735 221 1796 et
236 1730 432 1796 Idumaeam
449 1750 457 1796 ε
475 1728 534 1794 sed
545 1748 629 1793 num
644 1749 764 1816 reapse
778 1730 884 1794 totam
900 1728 1128 1796 Palaestinam
1143 1731 1324 1819 geologiee
1339 1735 1505 1804 sufficien-

188 1841 240 1902 ter
255 1836 466 1924 exploratam
483 1835 669 1900 habemus?
685 1834 733 1899 Cl.
757 1839 870 1917 3335.
889 1837 1095 1922 Sequentem
1113 1838 1318 1906 sententiam
1338 1842 1408 1907 noli
1423 1864 1506 1910 eon-

188 1949 318 2008 struere
331 1941 483 2023 finalem,
499 1940 560 2007 sed
573 1940 718 2006 verbum
739 1945 831 2006 verte
852 1941 1093 2029 imperativum
1112 1944 1299 2032 tberrediclt
1320 1969 1352 2012 v.
1372 1955 1413 2013 10
1430 1975 1445 2009 a
1468 1961 1506 2014 nt

189 2071 267 2114 cum
284 2046 469 2114 comederis
485 2058 517 2112 et
535 2046 679 2112 sotiatus
691 2045 814 2133 saeris,
832 2045 1009 2113 benedicas
1021 2048 1166 2114 ltorrrino
1183 2052 1251 2115 Deo
1265 2063 1323 2116 tuo
1334 2075 1397 2141 pro
1416 2064 1506 2120 terro

194 2155 338 2244 optimo,
358 2176 461 2244 quom
476 2152 572 2219 dedit
588 2153 650 2218 tibi
665 2180 694 2219 ».

233 2267 322 2340 Quae
340 2262 546 2351 prosperitas
560 2259 661 2325 facile
677 2259 811 2325 animos
825 2259 1001 2325 abstrahet
1016 2282 1037 2326 a
1056 2261 1158 2328 lahve
1174 2261 1348 2330 beneficiis
1363 2271 1396 2331 et
1411 2287 1506 2332 ruan-

187 2368 286 2435 datis.
309 2392 341 2434 v.
369 2375 406 2434 11
435 2395 450 2427 «
475 2369 619 2433 Obserro
642 2365 686 2455 [et
711 2366 814 2454 rouel,
838 2365 1019 2456 nequando
1042 2365 1255 2435 obliuiscaris
1279 2371 1420 2438 Domini
1442 2374 1505 2440 uei·

189 2475 249 2557 tui,
270 2487 302 2539 et
322 2474 480 2562 neqlipos
500 2471 665 2539 rrrandoto
685 2471 758 2538 cius
775 2485 877 2560 etque
896 2472 1028 2538 iudicio
1046 2485 1078 2539 et
1095 2476 1319 2559 ceremonias,
1337 2501 1423 2566 quos
1442 2501 1505 2568 epo

182 2581 361 2670 praecipio
378 2579 442 2645 tibi
451 2579 551 2645 hodie
573 2601 607 2658 »3
626 2602 658 2645 v.
678 2584 719 2643 ta
736 2605 752 2638 «
767 2601 810 2643 ne
819 2591 1005 2666 postquam
1025 2580 1207 2647 comederis
1221 2594 1253 2647 et
1269 2585 1415 2652 satiatas
1427 2589 1505 2675 sue·

191 2688 253 2767 ris,
277 2685 393 2752 domos
409 2685 572 2775 pulchros
589 2683 823 2771 aedificaveris
839 2696 872 2749 et
892 2683 1098 2751 berbitoceris
1114 2686 1151 2751 in
1169 2688 1217 2754 eis
1237 2717 1266 2772 1,
1282 2711 1315 2755 v.
1344 2697 1383 2758 13
1404 2718 1420 2752 a
1442 2691 1504 2760 do-

190 2793 369 2881 cuerisque
396 2805 554 2858 armento
578 2793 677 2856 boum
705 2801 737 2855 et
761 2789 875 2856 ocium.
905 2812 1040 2879 propes,
1069 2795 1206 2881 arpenti
1232 2807 1265 2858 et
1293 2796 1374 2861 uerri
1397 2820 1501 2865 eunc-

189 2914 371 2989 {oriturque
390 2921 504 2965 rerum
520 2897 656 2986 copiam
672 2924 700 2974 »,
719 2936 763 2945 -
783 2898 882 2962 Hebr.
908 2917 915 2963 :
938 2911 1182 2979 armentorum,
1201 2922 1362 2991 qrequm,
1382 2926 1430 2971 sc.
1448 2928 1502 2972 co-

180 3008 280 3097 piam
299 3047 342 3056 -
366 3030 398 3074 v.
420 3011 460 3072 lt
482 3033 497 3066 α
520 3004 667 3071 elevetur·
682 3025 740 3069 cor
754 3015 868 3085 tuctur,
883 3015 915 3069 et
931 3026 1001 3069 non
1023 3004 1255 3073 renriniscoris
1276 3009 1417 3076 Domini
1439 3012 1502 3078 Dei

181 3114 253 3196 tui,
269 3114 331 3204 qui
347 3113 467 3180 eclucit
482 3110 568 3178 tede
584 3125 675 3178 terro
689 3112 853 3199 Aeqypti,
873 3109 915 3176 de
930 3109 1030 3176 domo
1045 3112 1219 3180 servitutis
1235 3135 1269 3193 »3
1288 3137 1319 3182 v.
1341 3123 1380 3184 15
1399 3145 1415 3179 a
1433 3131 1466 3183 et
1484 3146 1500 3179 a

187 3221 281 3310 qzciu
304 3220 424 3289 clrcctor
442 3232 520 3285 tuns
535 3218 609 3307 suit
632 3217 669 3283 in
692 3215 880 3283 solitudine
900 3239 1029 3305 rnoqna
1050 3231 1155 3307 etque
1177 3221 1340 3301 terribili,
1365 3223 1414 3310 lin
1432 3247 1501 3313 quo

185 3328 267 3416 erut]
291 3349 426 3416 serpens
442 3325 551 3414 illoto}
569 3323 719 3390 adurens
736 3352 752 3384 »
776 3325 831 3412 (cl.
854 3328 951 3388 Num.
971 3327 1064 3410 ms]
1086 3353 1101 3385 a
1125 3339 1157 3391 rt
1176 3328 1308 3415 scorpio
1333 3357 1364 3408 a,
1389 3353 1410 3395 a
1433 3353 1500 3419 quo

186 3456 312 3500 riomen
340 3433 489 3499 inditum
514 3431 674 3498 ascensui
699 3430 924 3519 Scorpiouum
949 3432 1049 3497 Num.
1083 3435 1178 3510 31,1;
1207 3436 1268 3497 los.
1302 3440 1396 3514 15‚3;
1424 3437 1496 3501 lud.

186 3546 283 3621 ino,
313 3566 328 3599 a
362 3561 401 3605 oc
422 3537 538 3627 dipsas
559 3549 591 3602 et
610 3536 729 3602 nullae
751 3535 891 3602 omnino
915 3557 1025 3622 oqrcoe
1051 3554 1085 3612 »3
1104 3574 1147 3584 -
1170 3542 1263 3601 verte
1288 3561 1295 3601 :
1324 3538 1400 3606 loco
1423 3540 1498 3608 ino-

188 3667 307 3733 perose,
323 3644 380 3710 aot
391 3643 490 3710 mdle
510 3665 658 3732 oquo—
673 3669 689 3703 α
709 3644 772 3731 qui
784 3641 907 3708 edim-it
923 3668 939 3702 n
958 3640 1022 3707 tibi
1049 3668 1065 3701 «
1093 3641 1182 3707 rivos
1203 3641 1245 3708 dc
1263 3656 1365 3733 petro
1385 3646 1498 3715 dures·

184 3752 271 3817 simo
293 3780 307 3809 »
332 3751 389 3840 (cl.
411 3750 645 3838 1113113)-
662 3772 694 3816 v.
719 3755 758 3815 16
780 3776 796 3808 «
817 3761 849 3815 et
869 3776 885 3809 1
902 3747 963 3837 qni
986 3777 1000 3808 α
1022 3747 1148 3814 eibovit
1163 3761 1195 3814 te
1216 3771 1345 3817 morum
1360 3754 1396 3819 in
1415 3755 1497 3822 soli·
1561 3750 1565 3755 ’

186 3858 320 3941 trutino,
344 3856 439 3945 quod
457 3856 649 3922 nescierunt
662 3867 776 3944 potres
796 3854 861 3919 tui.
879 3856 924 3919 Et
936 3854 1315 3945 postqeomafflieitoc
1325 3861 1495 3948 probarit,

184 3965 231 4032 od
251 3977 438 4030 ertrenimn
472 3949 630 4028 misertus
658 3972 707 4027 est
732 3960 785 4026 teci
822 3987 851 4027 1.
877 3961 942 4026 Sed
968 3961 1052 4027 hacc
1075 3963 1245 4029 sententia
1272 3965 1365 4054 apud
1393 3970 1496 4037 Hcdr.

188 4072 359 4161 dependet
382 4093 400 4136 a
422 4067 709 4160 praecedentibus
732 4089 740 4135 :
764 4065 842 4133 ideo
866 4065 929 4133 tibi
951 4066 1046 4134 dedit
1063 4089 1205 4152 manna,
1233 4070 1311 4137 ideo
1335 4073 1416 4141 item
1439 4099 1501 4165 per

188 4178 361 4245 desertum
388 4175 631 4259 circumduxit,
660 4187 713 4260 ot,
737 4185 921 4264 postquem
947 4185 978 4239 te
998 4172 1125 4262 offliait
1147 4187 1181 4242 ct
1195 4178 1358 4265 probavit
1382 4183 1438 4269 (cl.
1465 4207 1498 4253 v.

187 4291 207 4349 ⁶2
231 4286 313 4374 sq.),
335 4283 383 4352 od
405 4297 596 4350 ereremum
612 4280 872 4372 prosperitatem
891 4280 954 4347 tibi
978 4279 1177 4370 lorqiretor.
1200 4284 1346 4353 Ellertur
1364 4275 1500 4359 rursum

186 4397 330 4480 paterna
360 4390 418 4458 Dei
441 4394 479 4457 in
500 4389 696 4476 infligendis
723 4388 874 4455 adversis
897 4387 1107 4456 oeconomia.
1130 4391 1222 4457 LXX
1249 4392 1344 4482 Vulq.
1375 4402 1455 4485 Syr.
1481 4423 1502 4466 a

186 4498 371 4581 negatione
393 4497 572 4587 incipiunt,
598 4517 701 4586 quam
724 4495 861 4582 ignorat
882 4493 984 4562 Hebr.
1009 4496 1214 4563 continuans
1235 4503 1499 4586 praecedentem

187 4604 505 4673 constructionem:
533 4609 630 4684 Cave,
657 4626 701 4669 ne
727 4600 941 4668 obliviscaris
963 4608 1028 4669 ete.
1052 4624 1083 4667 v.
1116 4609 1169 4682 tl,
1195 4626 1238 4669 ne
1263 4606 1415 4672 elevetur
1440 4631 1499 4676 eor

186 4718 283 4778 tuum
308 4717 372 4778 etc.
396 4734 428 4777 v.
457 4719 513 4793 lt,
532 4710 691 4800 diemque
711 4732 742 4776 v.
771 4716 812 4776 17
830 4731 838 4775 :
858 4736 874 4769 «
894 4708 956 4799 [ne]
975 4709 1103 4777 diceres
1122 4708 1159 4774 in
1179 4709 1279 4775 eorde
1301 4723 1360 4776 tuo
1387 4733 1393 4778 :
1418 4717 1498 4781 For·

570 4837 745 4875 asturensem.
762 4851 794 4862 -
810 4838 885 4874 coru.
903 4837 929 4875 m
946 4838 1020 4876 uuor.
1036 4851 1068 4863 -
1087 4828 1114 4874 17
