<?xml version="1.0" encoding="UTF-8"?>
<!DOCTYPE html PUBLIC "-//W3C//DTD XHTML 1.0 Transitional//EN"
    "http://www.w3.org/TR/xhtml1/DTD/xhtml1-transitional.dtd">
<html xmlns="http://www.w3.org/1999/xhtml" xml:lang="en" lang="en">
 <head>
  <title>
</title>
<meta http-equiv="Content-Type" content="text/html;charset=utf-8" />
  <meta name='ocr-system' content='tesseract 3.04.00' />
  <meta name='ocr-capabilities' content='ocr_page ocr_carea ocr_par ocr_line ocrx_word'/>
</head>
<body>
  <div class='ocr_page' id='page_1' title='image "./commentariusind00hummgoog/commentariusind00hummgoog_0155.png"; bbox 0 0 3366 5346; ppageno 0'>
   <div class='ocr_carea' id='block_1_1' title="bbox 225 285 987 343">
    <p class='ocr_par' dir='ltr' id='par_1_1' title="bbox 225 285 987 343">
     <span class='ocr_line' id='line_1_1' title="bbox 225 285 987 343; baseline -0.01 -1"><span class='ocrx_word' id='word_1_1' title='bbox 225 285 280 343; x_wconf 81' lang='lat'>138</span> <span class='ocrx_word' id='word_1_2' title='bbox 774 293 987 339; x_wconf 80' lang='lat' dir='ltr'>rnraoocerro.</span> 
     </span>
    </p>
   </div>
   <div class='ocr_carea' id='block_1_2' title="bbox 193 425 1544 4644">
    <p class='ocr_par' dir='ltr' id='par_1_2' title="bbox 221 425 1544 734">
     <span class='ocr_line' id='line_1_2' title="bbox 221 425 1544 521; baseline -0.002 -22"><span class='ocrx_word' id='word_1_3' title='bbox 221 434 257 499; x_wconf 92' lang='lat' dir='ltr'>in</span> <span class='ocrx_word' id='word_1_4' title='bbox 277 431 487 521; x_wconf 88' lang='lat' dir='ltr'>quibusdam</span> <span class='ocrx_word' id='word_1_5' title='bbox 503 430 649 497; x_wconf 83' lang='lat' dir='ltr'>mutavit</span> <span class='ocrx_word' id='word_1_6' title='bbox 663 431 727 512; x_wconf 88' lang='lat' dir='ltr'>ita,</span> <span class='ocrx_word' id='word_1_7' title='bbox 744 432 780 494; x_wconf 94' lang='lat' dir='ltr'>ut</span> <span class='ocrx_word' id='word_1_8' title='bbox 800 428 970 514; x_wconf 86' lang='lat' dir='ltr'>maiorem</span> <span class='ocrx_word' id='word_1_9' title='bbox 982 425 1221 492; x_wconf 88' lang='lat' dir='ltr'>auctoritatem</span> <span class='ocrx_word' id='word_1_10' title='bbox 1236 426 1373 513; x_wconf 89' lang='lat' dir='ltr'>legibus</span> <span class='ocrx_word' id='word_1_11' title='bbox 1388 434 1412 495; x_wconf 91' lang='lat' dir='ltr'>P</span> <span class='ocrx_word' id='word_1_12' title='bbox 1427 431 1544 496; x_wconf 90' lang='lat' dir='ltr'>conci-</span> 
     </span>
     <span class='ocr_line' id='line_1_3' title="bbox 222 531 1542 625; baseline 0 -21"><span class='ocrx_word' id='word_1_13' title='bbox 222 540 333 606; x_wconf 88' lang='lat' dir='ltr'>liaret.</span> <span class='ocrx_word' id='word_1_14' title='bbox 352 568 366 598; x_wconf 91' lang='lat'>«</span> <span class='ocrx_word' id='word_1_15' title='bbox 384 542 457 604; x_wconf 89' lang='lat' dir='ltr'>Non</span> <span class='ocrx_word' id='word_1_16' title='bbox 470 537 534 605; x_wconf 85' lang='lat' dir='ltr'>fuit</span> <span class='ocrx_word' id='word_1_17' title='bbox 546 538 603 603; x_wconf 91' lang='lat' dir='ltr'>hic</span> <span class='ocrx_word' id='word_1_18' title='bbox 618 537 716 602; x_wconf 88' lang='lat' dir='ltr'>labor</span> <span class='ocrx_word' id='word_1_19' title='bbox 730 534 831 601; x_wconf 91' lang='lat' dir='ltr'>unius</span> <span class='ocrx_word' id='word_1_20' title='bbox 844 534 921 617; x_wconf 85' lang='lat' dir='ltr'>viri,</span> <span class='ocrx_word' id='word_1_21' title='bbox 937 533 996 599; x_wconf 87' lang='lat' dir='ltr'>sed</span> <span class='ocrx_word' id='word_1_22' title='bbox 1010 531 1165 622; x_wconf 73' lang='lat' dir='ltr'>pharium</span> <span class='ocrx_word' id='word_1_23' title='bbox 1178 533 1331 599; x_wconf 74' lang='lat' dir='ltr'>virorem</span> <span class='ocrx_word' id='word_1_24' title='bbox 1351 562 1365 593; x_wconf 74' lang='lat' dir='ltr'>o</span> <span class='ocrx_word' id='word_1_25' title='bbox 1382 534 1429 623; x_wconf 86' lang='lat' dir='ltr'>(p.</span> <span class='ocrx_word' id='word_1_26' title='bbox 1449 536 1542 625; x_wconf 60' lang='lat'>¹295),</span> 
     </span>
     <span class='ocr_line' id='line_1_4' title="bbox 225 640 972 734; baseline -0.003 -28"><span class='ocrx_word' id='word_1_27' title='bbox 225 675 241 706; x_wconf 72' lang='lat' dir='ltr'>a</span> <span class='ocrx_word' id='word_1_28' title='bbox 262 646 416 734; x_wconf 60' lang='lat' dir='ltr'>integrae</span> <span class='ocrx_word' id='word_1_29' title='bbox 430 643 610 711; x_wconf 67' lang='lat' dir='ltr'>ecclesalam</span> <span class='ocrx_word' id='word_1_30' title='bbox 623 641 757 709; x_wconf 71' lang='lat' dir='ltr'>scholae</span> <span class='ocrx_word' id='word_1_31' title='bbox 779 669 795 703; x_wconf 90' lang='lat'>»</span> <span class='ocrx_word' id='word_1_32' title='bbox 813 640 861 730; x_wconf 82' lang='lat' dir='ltr'>(p.</span> <span class='ocrx_word' id='word_1_33' title='bbox 880 640 972 728; x_wconf 75' lang='lat'>502).</span> 
     </span>
    </p>

    <p class='ocr_par' dir='ltr' id='par_1_3' title="bbox 219 745 1543 1373">
     <span class='ocr_line' id='line_1_5' title="bbox 266 745 1543 839; baseline -0.003 -20"><span class='ocrx_word' id='word_1_34' title='bbox 266 752 542 819; x_wconf 85' lang='lat' dir='ltr'>Concedebamus</span> <span class='ocrx_word' id='word_1_35' title='bbox 563 748 619 839; x_wconf 85' lang='lat' dir='ltr'>(cf.</span> <span class='ocrx_word' id='word_1_36' title='bbox 641 753 691 816; x_wconf 88' lang='lat' dir='ltr'>CN</span> <span class='ocrx_word' id='word_1_37' title='bbox 713 771 746 838; x_wconf 91' lang='lat' dir='ltr'>p.</span> <span class='ocrx_word' id='word_1_38' title='bbox 773 756 792 812; x_wconf 81' lang='lat'><strong>7</strong></span> <span class='ocrx_word' id='word_1_39' title='bbox 816 748 882 837; x_wconf 85' lang='lat' dir='ltr'>sq.)</span> <span class='ocrx_word' id='word_1_40' title='bbox 900 754 934 814; x_wconf 92' lang='lat' dir='ltr'>et</span> <span class='ocrx_word' id='word_1_41' title='bbox 953 745 1172 812; x_wconf 85' lang='lat' dir='ltr'><strong>concedimus</strong></span> <span class='ocrx_word' id='word_1_42' title='bbox 1194 768 1297 812; x_wconf 88' lang='lat' dir='ltr'>sanae</span> <span class='ocrx_word' id='word_1_43' title='bbox 1320 747 1458 815; x_wconf 89' lang='lat' dir='ltr'>criticae</span> <span class='ocrx_word' id='word_1_44' title='bbox 1480 770 1543 817; x_wconf 86' lang='lat' dir='ltr'>sna</span> 
     </span>
     <span class='ocr_line' id='line_1_6' title="bbox 220 851 1539 939; baseline -0.002 -14"><span class='ocrx_word' id='word_1_45' title='bbox 220 860 297 926; x_wconf 90' lang='lat' dir='ltr'>iura</span> <span class='ocrx_word' id='word_1_46' title='bbox 318 881 326 927; x_wconf 89' lang='lat'>:</span> <span class='ocrx_word' id='word_1_47' title='bbox 349 882 365 924; x_wconf 92' lang='lat' dir='ltr'>e</span> <span class='ocrx_word' id='word_1_48' title='bbox 390 859 467 924; x_wconf 90' lang='lat' dir='ltr'>stilo</span> <span class='ocrx_word' id='word_1_49' title='bbox 494 860 651 924; x_wconf 87' lang='lat' dir='ltr'>accurate</span> <span class='ocrx_word' id='word_1_50' title='bbox 681 854 832 920; x_wconf 92' lang='lat' dir='ltr'>discusso</span> <span class='ocrx_word' id='word_1_51' title='bbox 858 851 1062 919; x_wconf 81' lang='lat' dir='ltr'>derivantur</span> <span class='ocrx_word' id='word_1_52' title='bbox 1083 851 1258 939; x_wconf 79' lang='lat' dir='ltr'>legitimae</span> <span class='ocrx_word' id='word_1_53' title='bbox 1283 854 1539 937; x_wconf 80' lang='lat' dir='ltr'>conclusioneS‚</span> 
     </span>
     <span class='ocr_line' id='line_1_7' title="bbox 222 959 1539 1055; baseline -0.002 -24"><span class='ocrx_word' id='word_1_54' title='bbox 222 989 289 1055; x_wconf 89' lang='lat' dir='ltr'>qno</span> <span class='ocrx_word' id='word_1_55' title='bbox 312 971 464 1053; x_wconf 87' lang='lat' dir='ltr'>tempore</span> <span class='ocrx_word' id='word_1_56' title='bbox 485 963 539 1029; x_wconf 92' lang='lat' dir='ltr'>vel</span> <span class='ocrx_word' id='word_1_57' title='bbox 562 984 671 1052; x_wconf 91' lang='lat' dir='ltr'>aquo</span> <span class='ocrx_word' id='word_1_58' title='bbox 696 967 835 1028; x_wconf 90' lang='lat' dir='ltr'>auctore</span> <span class='ocrx_word' id='word_1_59' title='bbox 860 959 1104 1026; x_wconf 89' lang='lat' dir='ltr'>concinnatum</span> <span class='ocrx_word' id='word_1_60' title='bbox 1125 959 1168 1025; x_wconf 92' lang='lat' dir='ltr'>sit</span> <span class='ocrx_word' id='word_1_61' title='bbox 1189 959 1356 1049; x_wconf 90' lang='lat' dir='ltr'>scriptum</span> <span class='ocrx_word' id='word_1_62' title='bbox 1381 959 1539 1051; x_wconf 82' lang='lat' dir='ltr'>aliquod.</span> 
     </span>
     <span class='ocr_line' id='line_1_8' title="bbox 221 1065 1541 1155; baseline -0.002 -17"><span class='ocrx_word' id='word_1_63' title='bbox 221 1077 311 1149; x_wconf 83' lang='lat' dir='ltr'>Quae</span> <span class='ocrx_word' id='word_1_64' title='bbox 332 1069 569 1137; x_wconf 86' lang='lat' dir='ltr'>conclusiones</span> <span class='ocrx_word' id='word_1_65' title='bbox 587 1090 664 1135; x_wconf 94' lang='lat' dir='ltr'>eam</span> <span class='ocrx_word' id='word_1_66' title='bbox 684 1066 864 1135; x_wconf 90' lang='lat' dir='ltr'>habebunt</span> <span class='ocrx_word' id='word_1_67' title='bbox 883 1065 1122 1133; x_wconf 77' lang='lat' dir='ltr'>certitudinem</span> <span class='ocrx_word' id='word_1_68' title='bbox 1145 1088 1267 1133; x_wconf 76' lang='lat' dir='ltr'>eumve</span> <span class='ocrx_word' id='word_1_69' title='bbox 1287 1067 1541 1155; x_wconf 89' lang='lat' dir='ltr'>probabilitatis</span> 
     </span>
     <span class='ocr_line' id='line_1_9' title="bbox 219 1171 1539 1265; baseline -0.002 -22"><span class='ocrx_word' id='word_1_70' title='bbox 219 1177 384 1265; x_wconf 87' lang='lat' dir='ltr'>gradum,</span> <span class='ocrx_word' id='word_1_71' title='bbox 408 1198 511 1265; x_wconf 90' lang='lat' dir='ltr'>quem</span> <span class='ocrx_word' id='word_1_72' title='bbox 541 1180 745 1261; x_wconf 89' lang='lat' dir='ltr'>argumenta</span> <span class='ocrx_word' id='word_1_73' title='bbox 773 1172 907 1262; x_wconf 88' lang='lat' dir='ltr'>prolata</span> <span class='ocrx_word' id='word_1_74' title='bbox 940 1171 1103 1238; x_wconf 85' lang='lat' dir='ltr'>efficient.</span> <span class='ocrx_word' id='word_1_75' title='bbox 1133 1171 1406 1240; x_wconf 81' lang='lat' dir='ltr'>Examinandnm</span> <span class='ocrx_word' id='word_1_76' title='bbox 1437 1197 1539 1264; x_wconf 92' lang='lat' dir='ltr'>porro</span> 
     </span>
     <span class='ocr_line' id='line_1_10' title="bbox 220 1278 1407 1373; baseline -0.003 -23"><span class='ocrx_word' id='word_1_77' title='bbox 220 1285 329 1367; x_wconf 84' lang='lat' dir='ltr'>venit,</span> <span class='ocrx_word' id='word_1_78' title='bbox 348 1283 433 1373; x_wconf 89' lang='lat' dir='ltr'>quid</span> <span class='ocrx_word' id='word_1_79' title='bbox 451 1282 515 1349; x_wconf 92' lang='lat' dir='ltr'>hoc</span> <span class='ocrx_word' id='word_1_80' title='bbox 529 1281 727 1368; x_wconf 89' lang='lat' dir='ltr'>argumenti</span> <span class='ocrx_word' id='word_1_81' title='bbox 742 1301 869 1366; x_wconf 89' lang='lat' dir='ltr'>genere</span> <span class='ocrx_word' id='word_1_82' title='bbox 884 1278 1052 1345; x_wconf 78' lang='lat' dir='ltr'>efficiatur</span> <span class='ocrx_word' id='word_1_83' title='bbox 1067 1278 1103 1343; x_wconf 93' lang='lat' dir='ltr'>in</span> <span class='ocrx_word' id='word_1_84' title='bbox 1120 1300 1158 1345; x_wconf 90' lang='lat' dir='ltr'>re</span> <span class='ocrx_word' id='word_1_85' title='bbox 1174 1280 1407 1368; x_wconf 84' lang='lat' dir='ltr'>pentateuchi.</span> 
     </span>
    </p>

    <p class='ocr_par' dir='ltr' id='par_1_4' title="bbox 218 1384 1544 3173">
     <span class='ocr_line' id='line_1_11' title="bbox 265 1384 1538 1477; baseline -0.004 -20"><span class='ocrx_word' id='word_1_86' title='bbox 265 1389 385 1476; x_wconf 84' lang='lat' dir='ltr'>Igitur,</span> <span class='ocrx_word' id='word_1_87' title='bbox 404 1388 463 1455; x_wconf 90' lang='lat' dir='ltr'>ubi</span> <span class='ocrx_word' id='word_1_88' title='bbox 479 1388 618 1469; x_wconf 91' lang='lat' dir='ltr'>eadem,</span> <span class='ocrx_word' id='word_1_89' title='bbox 635 1388 737 1477; x_wconf 91' lang='lat' dir='ltr'>plura</span> <span class='ocrx_word' id='word_1_90' title='bbox 751 1408 913 1469; x_wconf 87' lang='lat' dir='ltr'>numere,</span> <span class='ocrx_word' id='word_1_91' title='bbox 931 1385 1067 1452; x_wconf 85' lang='lat' dir='ltr'>diversa</span> <span class='ocrx_word' id='word_1_92' title='bbox 1085 1384 1252 1452; x_wconf 88' lang='lat' dir='ltr'>idiomata</span> <span class='ocrx_word' id='word_1_93' title='bbox 1268 1386 1305 1452; x_wconf 80' lang='lat' dir='ltr'>in</span> <span class='ocrx_word' id='word_1_94' title='bbox 1325 1386 1538 1476; x_wconf 64' lang='lat' dir='ltr'>longioribus</span> 
     </span>
     <span class='ocr_line' id='line_1_12' title="bbox 218 1492 1537 1587; baseline -0.003 -24"><span class='ocrx_word' id='word_1_95' title='bbox 218 1495 390 1587; x_wconf 73' lang='lat' dir='ltr'>pericopas</span> <span class='ocrx_word' id='word_1_96' title='bbox 424 1494 642 1563; x_wconf 87' lang='lat' dir='ltr'>uniformiter</span> <span class='ocrx_word' id='word_1_97' title='bbox 678 1493 901 1573; x_wconf 88' lang='lat' dir='ltr'>usuveniunt,</span> <span class='ocrx_word' id='word_1_98' title='bbox 934 1492 1083 1559; x_wconf 86' lang='lat' dir='ltr'>habetur</span> <span class='ocrx_word' id='word_1_99' title='bbox 1116 1492 1234 1579; x_wconf 89' lang='lat' dir='ltr'>utique</span> <span class='ocrx_word' id='word_1_100' title='bbox 1268 1492 1423 1583; x_wconf 77' lang='lat' dir='ltr'>affinitas</span> <span class='ocrx_word' id='word_1_101' title='bbox 1452 1493 1537 1561; x_wconf 79' lang='lat' dir='ltr'>sciti.</span> 
     </span>
     <span class='ocr_line' id='line_1_13' title="bbox 222 1597 1541 1691; baseline -0.002 -22"><span class='ocrx_word' id='word_1_102' title='bbox 222 1602 345 1682; x_wconf 83' lang='lat' dir='ltr'>Quodsi</span> <span class='ocrx_word' id='word_1_103' title='bbox 368 1608 506 1691; x_wconf 91' lang='lat' dir='ltr'>praeter</span> <span class='ocrx_word' id='word_1_104' title='bbox 525 1600 693 1667; x_wconf 91' lang='lat' dir='ltr'>idiomata</span> <span class='ocrx_word' id='word_1_105' title='bbox 720 1599 838 1666; x_wconf 89' lang='lat' dir='ltr'>eadem</span> <span class='ocrx_word' id='word_1_106' title='bbox 868 1599 1063 1666; x_wconf 90' lang='lat' dir='ltr'>habeantur</span> <span class='ocrx_word' id='word_1_107' title='bbox 1085 1597 1169 1664; x_wconf 88' lang='lat' dir='ltr'>item</span> <span class='ocrx_word' id='word_1_108' title='bbox 1196 1599 1338 1666; x_wconf 91' lang='lat' dir='ltr'>eaedem</span> <span class='ocrx_word' id='word_1_109' title='bbox 1365 1606 1541 1667; x_wconf 89' lang='lat' dir='ltr'>construc-</span> 
     </span>
     <span class='ocr_line' id='line_1_14' title="bbox 223 1706 1541 1795; baseline -0.005 -18"><span class='ocrx_word' id='word_1_110' title='bbox 223 1711 350 1789; x_wconf 83' lang='lat' dir='ltr'>tiones,</span> <span class='ocrx_word' id='word_1_111' title='bbox 373 1707 643 1795; x_wconf 89' lang='lat' dir='ltr'>argumenlandi</span> <span class='ocrx_word' id='word_1_112' title='bbox 666 1707 833 1787; x_wconf 90' lang='lat' dir='ltr'>rationes,</span> <span class='ocrx_word' id='word_1_113' title='bbox 851 1707 1021 1787; x_wconf 87' lang='lat' dir='ltr'>locorum,</span> <span class='ocrx_word' id='word_1_114' title='bbox 1043 1709 1256 1795; x_wconf 89' lang='lat' dir='ltr'>temporum,</span> <span class='ocrx_word' id='word_1_115' title='bbox 1279 1710 1453 1792; x_wconf 89' lang='lat' dir='ltr'>gestorum</span> <span class='ocrx_word' id='word_1_116' title='bbox 1480 1706 1541 1771; x_wconf 87' lang='lat' dir='ltr'>de-</span> 
     </span>
     <span class='ocr_line' id='line_1_15' title="bbox 223 1809 1542 1904; baseline -0.005 -22"><span class='ocrx_word' id='word_1_117' title='bbox 223 1814 437 1904; x_wconf 66' lang='lat' dir='ltr'>scriptiones</span> <span class='ocrx_word' id='word_1_118' title='bbox 454 1815 497 1881; x_wconf 89' lang='lat' dir='ltr'>ab</span> <span class='ocrx_word' id='word_1_119' title='bbox 511 1814 676 1880; x_wconf 82' lang='lat' dir='ltr'>affinitate</span> <span class='ocrx_word' id='word_1_120' title='bbox 691 1812 761 1880; x_wconf 90' lang='lat' dir='ltr'>stili</span> <span class='ocrx_word' id='word_1_121' title='bbox 776 1813 908 1901; x_wconf 88' lang='lat' dir='ltr'>patebit</span> <span class='ocrx_word' id='word_1_122' title='bbox 922 1811 1095 1879; x_wconf 88' lang='lat' dir='ltr'>conclusio</span> <span class='ocrx_word' id='word_1_123' title='bbox 1105 1811 1150 1878; x_wconf 89' lang='lat' dir='ltr'>ad</span> <span class='ocrx_word' id='word_1_124' title='bbox 1166 1811 1335 1879; x_wconf 84' lang='lat' dir='ltr'>unitatem</span> <span class='ocrx_word' id='word_1_125' title='bbox 1346 1809 1542 1877; x_wconf 73' lang='lat' dir='ltr'>decernenti</span> 
     </span>
     <span class='ocr_line' id='line_1_16' title="bbox 223 1918 1539 2010; baseline -0.002 -22"><span class='ocrx_word' id='word_1_126' title='bbox 223 1935 255 1988; x_wconf 83' lang='lat' dir='ltr'>et</span> <span class='ocrx_word' id='word_1_127' title='bbox 282 1921 443 1989; x_wconf 78' lang='lat' dir='ltr'>ozaectoris.</span> <span class='ocrx_word' id='word_1_128' title='bbox 474 1949 489 1981; x_wconf 88' lang='lat'>«</span> <span class='ocrx_word' id='word_1_129' title='bbox 516 1924 632 2010; x_wconf 86' lang='lat' dir='ltr'>Neque</span> <span class='ocrx_word' id='word_1_130' title='bbox 656 1919 692 1985; x_wconf 94' lang='lat' dir='ltr'>id</span> <span class='ocrx_word' id='word_1_131' title='bbox 719 1924 860 2006; x_wconf 83' lang='lat' dir='ltr'>agentes</span> <span class='ocrx_word' id='word_1_132' title='bbox 889 1918 1016 1986; x_wconf 90' lang='lat' dir='ltr'>circulo</span> <span class='ocrx_word' id='word_1_133' title='bbox 1047 1918 1323 1988; x_wconf 79' lang='lat' dir='ltr'>circumferimur</span> <span class='ocrx_word' id='word_1_134' title='bbox 1351 1918 1473 1985; x_wconf 91' lang='lat' dir='ltr'>vitioso</span> <span class='ocrx_word' id='word_1_135' title='bbox 1504 1946 1539 2000; x_wconf 76' lang='lat' dir='ltr'>u,</span> 
     </span>
     <span class='ocr_line' id='line_1_17' title="bbox 223 2023 1541 2119; baseline -0.003 -24"><span class='ocrx_word' id='word_1_136' title='bbox 223 2029 336 2119; x_wconf 88' lang='lat' dir='ltr'>inquit</span> <span class='ocrx_word' id='word_1_137' title='bbox 355 2032 397 2096; x_wconf 85' lang='lat' dir='ltr'>F.</span> <span class='ocrx_word' id='word_1_138' title='bbox 416 2051 446 2096; x_wconf 77' lang='lat' dir='ltr'>e.</span> <span class='ocrx_word' id='word_1_139' title='bbox 465 2026 583 2116; x_wconf 72' lang='lat' dir='ltr'>Hrtqet</span> <span class='ocrx_word' id='word_1_140' title='bbox 601 2027 681 2113; x_wconf 88' lang='lat' dir='ltr'>(The</span> <span class='ocrx_word' id='word_1_141' title='bbox 698 2025 874 2093; x_wconf 85' lang='lat' dir='ltr'>historica]</span> <span class='ocrx_word' id='word_1_142' title='bbox 889 2024 1029 2092; x_wconf 91' lang='lat' dir='ltr'>method</span> <span class='ocrx_word' id='word_1_143' title='bbox 1047 2023 1115 2091; x_wconf 91' lang='lat' dir='ltr'>and</span> <span class='ocrx_word' id='word_1_144' title='bbox 1132 2025 1190 2091; x_wconf 88' lang='lat' dir='ltr'>the</span> <span class='ocrx_word' id='word_1_145' title='bbox 1214 2025 1416 2099; x_wconf 90' lang='lat' dir='ltr'>documents</span> <span class='ocrx_word' id='word_1_146' title='bbox 1429 2026 1465 2091; x_wconf 87' lang='lat' dir='ltr'>ot</span> <span class='ocrx_word' id='word_1_147' title='bbox 1483 2025 1541 2091; x_wconf 92' lang='lat' dir='ltr'>the</span> 
     </span>
     <span class='ocr_line' id='line_1_18' title="bbox 224 2131 1538 2220; baseline -0.003 -18"><span class='ocrx_word' id='word_1_148' title='bbox 224 2135 434 2218; x_wconf 81' lang='lat' dir='ltr'>Herateuch,</span> <span class='ocrx_word' id='word_1_149' title='bbox 465 2135 501 2199; x_wconf 92' lang='lat' dir='ltr'>in</span> <span class='ocrx_word' id='word_1_150' title='bbox 535 2153 543 2203; x_wconf 89' lang='lat'>:</span> <span class='ocrx_word' id='word_1_151' title='bbox 578 2133 731 2200; x_wconf 87' lang='lat' dir='ltr'>Catholic</span> <span class='ocrx_word' id='word_1_152' title='bbox 763 2133 954 2220; x_wconf 81' lang='lat' dir='ltr'>University</span> <span class='ocrx_word' id='word_1_153' title='bbox 986 2131 1152 2215; x_wconf 81' lang='lat' dir='ltr'>Bullatin,</span> <span class='ocrx_word' id='word_1_154' title='bbox 1176 2131 1403 2218; x_wconf 85' lang='lat' dir='ltr'>Washington</span> <span class='ocrx_word' id='word_1_155' title='bbox 1438 2137 1538 2210; x_wconf 86' lang='grc'>1898,</span> 
     </span>
     <span class='ocr_line' id='line_1_19' title="bbox 224 2237 1541 2330; baseline -0.002 -24"><span class='ocrx_word' id='word_1_156' title='bbox 224 2265 257 2330; x_wconf 93' lang='lat' dir='ltr'>p.</span> <span class='ocrx_word' id='word_1_157' title='bbox 277 2247 354 2308; x_wconf 76' lang='lat'><strong>206.</strong></span> <span class='ocrx_word' id='word_1_158' title='bbox 373 2279 417 2291; x_wconf 94' lang='lat'><em>-</em></span> <span class='ocrx_word' id='word_1_159' title='bbox 432 2241 479 2307; x_wconf 84' lang='lat' dir='ltr'>Cl.</span> <span class='ocrx_word' id='word_1_160' title='bbox 495 2243 636 2328; x_wconf 89' lang='lat' dir='ltr'>Compte</span> <span class='ocrx_word' id='word_1_161' title='bbox 652 2239 762 2305; x_wconf 88' lang='lat' dir='ltr'>rendu</span> <span class='ocrx_word' id='word_1_162' title='bbox 778 2238 825 2305; x_wconf 91' lang='lat' dir='ltr'>du</span> <span class='ocrx_word' id='word_1_163' title='bbox 839 2244 890 2305; x_wconf 78' lang='lat' dir='ltr'>lV⁰</span> <span class='ocrx_word' id='word_1_164' title='bbox 904 2242 1054 2325; x_wconf 79' lang='lat' dir='ltr'>Congrbs</span> <span class='ocrx_word' id='word_1_165' title='bbox 1070 2238 1284 2328; x_wconf 86' lang='lat' dir='ltr'>scientifique</span> <span class='ocrx_word' id='word_1_166' title='bbox 1296 2237 1541 2305; x_wconf 89' lang='lat' dir='ltr'>international</span> 
     </span>
     <span class='ocr_line' id='line_1_20' title="bbox 225 2343 1541 2435; baseline -0.002 -22"><span class='ocrx_word' id='word_1_167' title='bbox 225 2347 285 2413; x_wconf 89' lang='lat' dir='ltr'>des</span> <span class='ocrx_word' id='word_1_168' title='bbox 306 2345 538 2434; x_wconf 86' lang='lat' dir='ltr'>Catholiques,</span> <span class='ocrx_word' id='word_1_169' title='bbox 557 2345 726 2430; x_wconf 84' lang='lat' dir='ltr'>Fribourg</span> <span class='ocrx_word' id='word_1_170' title='bbox 746 2346 1018 2412; x_wconf 80' lang='lat' dir='ltr'>enSuisse1897</span> <span class='ocrx_word' id='word_1_171' title='bbox 1039 2349 1079 2410; x_wconf 94' lang='lat' dir='ltr'>ll.</span> <span class='ocrx_word' id='word_1_172' title='bbox 1097 2350 1159 2412; x_wconf 72' lang='lat'>231</span> <span class='ocrx_word' id='word_1_173' title='bbox 1178 2367 1268 2435; x_wconf 85' lang='lat' dir='ltr'>sqq,</span> <span class='ocrx_word' id='word_1_174' title='bbox 1294 2344 1406 2433; x_wconf 81' lang='lat'>1898).</span> <span class='ocrx_word' id='word_1_175' title='bbox 1431 2372 1446 2405; x_wconf 78' lang='grc' dir='ltr'>ι(</span> <span class='ocrx_word' id='word_1_176' title='bbox 1471 2343 1541 2421; x_wconf 75' lang='lat' dir='ltr'>Bri-</span> 
     </span>
     <span class='ocr_line' id='line_1_21' title="bbox 225 2449 1542 2540; baseline -0.002 -20"><span class='ocrx_word' id='word_1_177' title='bbox 225 2474 337 2535; x_wconf 85' lang='lat' dir='ltr'>mnm,</span> <span class='ocrx_word' id='word_1_178' title='bbox 355 2452 399 2518; x_wconf 91' lang='lat' dir='ltr'>ad</span> <span class='ocrx_word' id='word_1_179' title='bbox 423 2453 556 2518; x_wconf 85' lang='lat' dir='ltr'>diversa</span> <span class='ocrx_word' id='word_1_180' title='bbox 579 2451 617 2517; x_wconf 93' lang='lat' dir='ltr'>in</span> <span class='ocrx_word' id='word_1_181' title='bbox 639 2452 869 2540; x_wconf 88' lang='lat' dir='ltr'>pentateucho</span> <span class='ocrx_word' id='word_1_182' title='bbox 892 2450 1138 2538; x_wconf 87' lang='lat' dir='ltr'>distinguenda</span> <span class='ocrx_word' id='word_1_183' title='bbox 1160 2450 1367 2518; x_wconf 89' lang='lat' dir='ltr'>documenta</span> <span class='ocrx_word' id='word_1_184' title='bbox 1381 2473 1421 2516; x_wconf 94' lang='lat' dir='ltr'>eo</span> <span class='ocrx_word' id='word_1_185' title='bbox 1436 2449 1542 2518; x_wconf 88' lang='lat' dir='ltr'>addu-</span> 
     </span>
     <span class='ocr_line' id='line_1_22' title="bbox 224 2556 1542 2648; baseline -0.001 -23"><span class='ocrx_word' id='word_1_186' title='bbox 224 2560 346 2639; x_wconf 88' lang='lat' dir='ltr'>cimur,</span> <span class='ocrx_word' id='word_1_187' title='bbox 365 2558 459 2647; x_wconf 91' lang='lat' dir='ltr'>quod</span> <span class='ocrx_word' id='word_1_188' title='bbox 482 2557 653 2645; x_wconf 87' lang='lat' dir='ltr'>longiores</span> <span class='ocrx_word' id='word_1_189' title='bbox 676 2558 842 2648; x_wconf 90' lang='lat' dir='ltr'>quasdam</span> <span class='ocrx_word' id='word_1_190' title='bbox 859 2557 1038 2648; x_wconf 86' lang='lat' dir='ltr'>pericopas</span> <span class='ocrx_word' id='word_1_191' title='bbox 1056 2559 1100 2625; x_wconf 87' lang='lat' dir='ltr'>ab</span> <span class='ocrx_word' id='word_1_192' title='bbox 1123 2557 1198 2625; x_wconf 91' lang='lat' dir='ltr'>aliis</span> <span class='ocrx_word' id='word_1_193' title='bbox 1216 2556 1432 2644; x_wconf 87' lang='lat' dir='ltr'>longioribus</span> <span class='ocrx_word' id='word_1_194' title='bbox 1453 2556 1542 2646; x_wconf 90' lang='lat' dir='ltr'>peri-</span> 
     </span>
     <span class='ocr_line' id='line_1_23' title="bbox 224 2663 1542 2755; baseline -0.002 -23"><span class='ocrx_word' id='word_1_195' title='bbox 224 2665 319 2755; x_wconf 91' lang='lat' dir='ltr'>copis</span> <span class='ocrx_word' id='word_1_196' title='bbox 329 2665 631 2755; x_wconf 80' lang='lat' dir='ltr'>deprehendamus</span> <span class='ocrx_word' id='word_1_197' title='bbox 644 2663 793 2732; x_wconf 90' lang='lat' dir='ltr'>discerni</span> <span class='ocrx_word' id='word_1_198' title='bbox 805 2664 1012 2732; x_wconf 87' lang='lat' dir='ltr'>idiomatum</span> <span class='ocrx_word' id='word_1_199' title='bbox 1025 2672 1058 2731; x_wconf 91' lang='lat' dir='ltr'>et</span> <span class='ocrx_word' id='word_1_200' title='bbox 1070 2664 1140 2730; x_wconf 91' lang='lat' dir='ltr'>stili</span> <span class='ocrx_word' id='word_1_201' title='bbox 1153 2663 1373 2747; x_wconf 82' lang='lat' dir='ltr'>differentiis,</span> <span class='ocrx_word' id='word_1_202' title='bbox 1387 2663 1542 2730; x_wconf 91' lang='lat' dir='ltr'>nondum</span> 
     </span>
     <span class='ocr_line' id='line_1_24' title="bbox 223 2768 1541 2862; baseline -0.004 -23"><span class='ocrx_word' id='word_1_203' title='bbox 223 2773 342 2839; x_wconf 87' lang='lat' dir='ltr'>habita</span> <span class='ocrx_word' id='word_1_204' title='bbox 358 2771 489 2839; x_wconf 91' lang='lat' dir='ltr'>ratione</span> <span class='ocrx_word' id='word_1_205' title='bbox 510 2793 646 2855; x_wconf 89' lang='lat' dir='ltr'>eorum,</span> <span class='ocrx_word' id='word_1_206' title='bbox 664 2794 752 2862; x_wconf 89' lang='lat' dir='ltr'>quae</span> <span class='ocrx_word' id='word_1_207' title='bbox 768 2772 1039 2860; x_wconf 83' lang='lat' dir='ltr'>geographiam,</span> <span class='ocrx_word' id='word_1_208' title='bbox 1058 2770 1333 2858; x_wconf 88' lang='lat' dir='ltr'>chronologiam,</span> <span class='ocrx_word' id='word_1_209' title='bbox 1349 2768 1541 2851; x_wconf 87' lang='lat' dir='ltr'>historiam,</span> 
     </span>
     <span class='ocr_line' id='line_1_25' title="bbox 223 2875 1544 2966; baseline -0.004 -20"><span class='ocrx_word' id='word_1_210' title='bbox 223 2879 373 2946; x_wconf 82' lang='lat' dir='ltr'>ethicam</span> <span class='ocrx_word' id='word_1_211' title='bbox 404 2886 436 2944; x_wconf 88' lang='lat' dir='ltr'>el</span> <span class='ocrx_word' id='word_1_212' title='bbox 470 2877 680 2964; x_wconf 86' lang='lat' dir='ltr'>theologiam</span> <span class='ocrx_word' id='word_1_213' title='bbox 707 2883 871 2966; x_wconf 88' lang='lat' dir='ltr'>spectant.</span> <span class='ocrx_word' id='word_1_214' title='bbox 900 2877 963 2945; x_wconf 93' lang='lat' dir='ltr'>Ubi</span> <span class='ocrx_word' id='word_1_215' title='bbox 987 2878 1036 2944; x_wconf 89' lang='lat' dir='ltr'>ita</span> <span class='ocrx_word' id='word_1_216' title='bbox 1070 2879 1344 2945; x_wconf 87' lang='lat' dir='ltr'>demonstratum</span> <span class='ocrx_word' id='word_1_217' title='bbox 1375 2875 1544 2942; x_wconf 86' lang='lat' dir='ltr'>habemus</span> 
     </span>
     <span class='ocr_line' id='line_1_26' title="bbox 225 2981 1542 3074; baseline -0.002 -25"><span class='ocrx_word' id='word_1_218' title='bbox 225 2986 319 3049; x_wconf 86' lang='lat' dir='ltr'>varia</span> <span class='ocrx_word' id='word_1_219' title='bbox 344 2985 460 3049; x_wconf 86' lang='lat' dir='ltr'>adesse</span> <span class='ocrx_word' id='word_1_220' title='bbox 487 2984 710 3066; x_wconf 89' lang='lat' dir='ltr'>documenta,</span> <span class='ocrx_word' id='word_1_221' title='bbox 732 3005 973 3070; x_wconf 89' lang='lat' dir='ltr'>comparamus</span> <span class='ocrx_word' id='word_1_222' title='bbox 999 3005 1103 3074; x_wconf 91' lang='lat' dir='ltr'>porro</span> <span class='ocrx_word' id='word_1_223' title='bbox 1130 2985 1304 3053; x_wconf 91' lang='lat' dir='ltr'>rationum</span> <span class='ocrx_word' id='word_1_224' title='bbox 1330 2981 1542 3071; x_wconf 88' lang='lat' dir='ltr'>geographi-</span> 
     </span>
     <span class='ocr_line' id='line_1_27' title="bbox 225 3088 1544 3173; baseline -0.001 -17"><span class='ocrx_word' id='word_1_225' title='bbox 225 3111 343 3156; x_wconf 89' lang='lat' dir='ltr'>earum</span> <span class='ocrx_word' id='word_1_226' title='bbox 369 3095 433 3154; x_wconf 91' lang='lat' dir='ltr'>etc.</span> <span class='ocrx_word' id='word_1_227' title='bbox 456 3089 492 3153; x_wconf 91' lang='lat' dir='ltr'>in</span> <span class='ocrx_word' id='word_1_228' title='bbox 517 3089 638 3154; x_wconf 90' lang='lat' dir='ltr'>eodem</span> <span class='ocrx_word' id='word_1_229' title='bbox 664 3088 871 3156; x_wconf 90' lang='lat' dir='ltr'>documento</span> <span class='ocrx_word' id='word_1_230' title='bbox 897 3091 1083 3173; x_wconf 88' lang='lat' dir='ltr'>unitatem,</span> <span class='ocrx_word' id='word_1_231' title='bbox 1105 3090 1142 3157; x_wconf 91' lang='lat' dir='ltr'>in</span> <span class='ocrx_word' id='word_1_232' title='bbox 1167 3091 1310 3158; x_wconf 84' lang='lat' dir='ltr'>diversis</span> <span class='ocrx_word' id='word_1_233' title='bbox 1330 3088 1544 3157; x_wconf 87' lang='lat' dir='ltr'>documentis</span> 
     </span>
    </p>

    <p class='ocr_par' dir='ltr' id='par_1_5' title="bbox 193 3185 1542 3713">
     <span class='ocr_line' id='line_1_28' title="bbox 193 3185 1542 3286; baseline 0 -26"><span class='ocrx_word' id='word_1_234' title='bbox 193 3185 204 3212; x_wconf 80' lang='lat'><strong><em>‘</em></strong></span> <span class='ocrx_word' id='word_1_235' title='bbox 224 3194 439 3276; x_wconf 86' lang='lat' dir='ltr'>varietatem,</span> <span class='ocrx_word' id='word_1_236' title='bbox 456 3215 524 3282; x_wconf 91' lang='lat' dir='ltr'>quo</span> <span class='ocrx_word' id='word_1_237' title='bbox 538 3194 664 3259; x_wconf 88' lang='lat' dir='ltr'>certior</span> <span class='ocrx_word' id='word_1_238' title='bbox 678 3193 826 3261; x_wconf 82' lang='lat' dir='ltr'>efficitur</span> <span class='ocrx_word' id='word_1_239' title='bbox 839 3201 955 3262; x_wconf 90' lang='lat' dir='ltr'>nostra</span> <span class='ocrx_word' id='word_1_240' title='bbox 969 3196 1117 3283; x_wconf 83' lang='lat' dir='ltr'>analysis</span> <span class='ocrx_word' id='word_1_241' title='bbox 1133 3226 1161 3262; x_wconf 84' lang='lat'>».</span> <span class='ocrx_word' id='word_1_242' title='bbox 1175 3201 1290 3286; x_wconf 90' lang='lat' dir='ltr'>Neque</span> <span class='ocrx_word' id='word_1_243' title='bbox 1303 3202 1430 3277; x_wconf 90' lang='lat' dir='ltr'>tamen,</span> <span class='ocrx_word' id='word_1_244' title='bbox 1448 3194 1542 3284; x_wconf 92' lang='lat' dir='ltr'>quod</span> 
     </span>
     <span class='ocr_line' id='line_1_29' title="bbox 225 3301 1540 3392; baseline 0 -25"><span class='ocrx_word' id='word_1_245' title='bbox 225 3325 259 3391; x_wconf 86' lang='lat' dir='ltr'>p.</span> <span class='ocrx_word' id='word_1_246' title='bbox 291 3307 352 3367; x_wconf 84' lang='lat'>133</span> <span class='ocrx_word' id='word_1_247' title='bbox 380 3324 457 3390; x_wconf 87' lang='lat' dir='ltr'>sqq.</span> <span class='ocrx_word' id='word_1_248' title='bbox 489 3302 731 3382; x_wconf 91' lang='lat' dir='ltr'>monebamus,</span> <span class='ocrx_word' id='word_1_249' title='bbox 754 3323 888 3392; x_wconf 91' lang='lat' dir='ltr'>semper</span> <span class='ocrx_word' id='word_1_250' title='bbox 915 3302 1098 3392; x_wconf 89' lang='lat' dir='ltr'>exaliqua</span> <span class='ocrx_word' id='word_1_251' title='bbox 1125 3302 1328 3371; x_wconf 91' lang='lat' dir='ltr'>idiomatum</span> <span class='ocrx_word' id='word_1_252' title='bbox 1354 3303 1409 3370; x_wconf 89' lang='lat' dir='ltr'>vel</span> <span class='ocrx_word' id='word_1_253' title='bbox 1437 3301 1540 3378; x_wconf 87' lang='lat' dir='ltr'>etiam</span> 
     </span>
     <span class='ocr_line' id='line_1_30' title="bbox 223 3406 1540 3495; baseline -0.003 -20"><span class='ocrx_word' id='word_1_254' title='bbox 223 3408 379 3475; x_wconf 87' lang='lat' dir='ltr'>idearum</span> <span class='ocrx_word' id='word_1_255' title='bbox 399 3406 597 3475; x_wconf 74' lang='lat' dir='ltr'>diversitate</span> <span class='ocrx_word' id='word_1_256' title='bbox 616 3407 768 3495; x_wconf 90' lang='lat' dir='ltr'>legitime</span> <span class='ocrx_word' id='word_1_257' title='bbox 787 3407 934 3475; x_wconf 90' lang='lat' dir='ltr'>infertur</span> <span class='ocrx_word' id='word_1_258' title='bbox 958 3408 1109 3476; x_wconf 84' lang='lat' dir='ltr'>diversos</span> <span class='ocrx_word' id='word_1_259' title='bbox 1128 3410 1250 3477; x_wconf 87' lang='lat' dir='ltr'>haberi</span> <span class='ocrx_word' id='word_1_260' title='bbox 1270 3413 1439 3488; x_wconf 88' lang='lat' dir='ltr'>auctores,</span> <span class='ocrx_word' id='word_1_261' title='bbox 1462 3429 1540 3472; x_wconf 90' lang='lat' dir='ltr'>cum</span> 
     </span>
     <span class='ocr_line' id='line_1_31' title="bbox 223 3512 1542 3605; baseline -0.001 -25"><span class='ocrx_word' id='word_1_262' title='bbox 223 3513 314 3582; x_wconf 90' lang='lat' dir='ltr'>idem</span> <span class='ocrx_word' id='word_1_263' title='bbox 333 3520 465 3585; x_wconf 73' lang='lat' dir='ltr'>auctor,</span> <span class='ocrx_word' id='word_1_264' title='bbox 483 3521 542 3581; x_wconf 91' lang='lat' dir='ltr'>aut</span> <span class='ocrx_word' id='word_1_265' title='bbox 562 3515 667 3602; x_wconf 88' lang='lat' dir='ltr'>longo</span> <span class='ocrx_word' id='word_1_266' title='bbox 688 3514 867 3581; x_wconf 87' lang='lat' dir='ltr'>interiecto</span> <span class='ocrx_word' id='word_1_267' title='bbox 882 3516 1046 3605; x_wconf 91' lang='lat' dir='ltr'>temporis</span> <span class='ocrx_word' id='word_1_268' title='bbox 1061 3517 1244 3583; x_wconf 87' lang='lat' dir='ltr'>intervallo</span> <span class='ocrx_word' id='word_1_269' title='bbox 1259 3520 1318 3584; x_wconf 89' lang='lat' dir='ltr'>aut</span> <span class='ocrx_word' id='word_1_270' title='bbox 1333 3516 1375 3583; x_wconf 88' lang='lat' dir='ltr'>de</span> <span class='ocrx_word' id='word_1_271' title='bbox 1389 3512 1542 3581; x_wconf 90' lang='lat' dir='ltr'>materiis</span> 
     </span>
     <span class='ocr_line' id='line_1_32' title="bbox 222 3620 1409 3713; baseline 0.003 -28"><span class='ocrx_word' id='word_1_272' title='bbox 222 3621 324 3710; x_wconf 89' lang='lat' dir='ltr'>plane</span> <span class='ocrx_word' id='word_1_273' title='bbox 338 3620 478 3687; x_wconf 88' lang='lat' dir='ltr'>diversis</span> <span class='ocrx_word' id='word_1_274' title='bbox 492 3620 651 3710; x_wconf 87' lang='lat' dir='ltr'>loquens,</span> <span class='ocrx_word' id='word_1_275' title='bbox 668 3621 745 3689; x_wconf 90' lang='lat' dir='ltr'>aliis</span> <span class='ocrx_word' id='word_1_276' title='bbox 759 3621 983 3689; x_wconf 88' lang='lat' dir='ltr'>idiomatibus</span> <span class='ocrx_word' id='word_1_277' title='bbox 998 3622 1114 3690; x_wconf 89' lang='lat' dir='ltr'>aliisve</span> <span class='ocrx_word' id='word_1_278' title='bbox 1128 3622 1215 3690; x_wconf 88' lang='lat' dir='ltr'>ideis</span> <span class='ocrx_word' id='word_1_279' title='bbox 1230 3625 1278 3689; x_wconf 89' lang='lat' dir='ltr'>uti</span> <span class='ocrx_word' id='word_1_280' title='bbox 1295 3627 1409 3713; x_wconf 84' lang='lat' dir='ltr'>queat.</span> 
     </span>
    </p>

    <p class='ocr_par' dir='ltr' id='par_1_6' title="bbox 222 3725 1544 4644">
     <span class='ocr_line' id='line_1_33' title="bbox 267 3725 1541 3818; baseline 0.002 -27"><span class='ocrx_word' id='word_1_281' title='bbox 267 3731 372 3792; x_wconf 92' lang='lat' dir='ltr'>Porro</span> <span class='ocrx_word' id='word_1_282' title='bbox 391 3725 544 3816; x_wconf 64' lang='lat' dir='ltr'>afflantes</span> <span class='ocrx_word' id='word_1_283' title='bbox 565 3727 637 3792; x_wconf 81' lang='lat' dir='ltr'>stili</span> <span class='ocrx_word' id='word_1_284' title='bbox 651 3728 719 3794; x_wconf 89' lang='lat' dir='ltr'>alia</span> <span class='ocrx_word' id='word_1_285' title='bbox 740 3734 792 3794; x_wconf 90' lang='lat' dir='ltr'>est</span> <span class='ocrx_word' id='word_1_286' title='bbox 811 3727 996 3815; x_wconf 76' lang='lat' dir='ltr'>rectrtrclr&#39;s,</span> <span class='ocrx_word' id='word_1_287' title='bbox 1016 3729 1084 3795; x_wconf 89' lang='lat' dir='ltr'>alia</span> <span class='ocrx_word' id='word_1_288' title='bbox 1105 3729 1306 3818; x_wconf 76' lang='lat' dir='ltr'>artificioso.</span> <span class='ocrx_word' id='word_1_289' title='bbox 1332 3734 1541 3796; x_wconf 87' lang='lat' dir='ltr'>Consuevere</span> 
     </span>
     <span class='ocr_line' id='line_1_34' title="bbox 222 3833 1542 3925; baseline -0.001 -25"><span class='ocrx_word' id='word_1_290' title='bbox 222 3855 292 3900; x_wconf 91' lang='lat' dir='ltr'>uno</span> <span class='ocrx_word' id='word_1_291' title='bbox 308 3833 500 3923; x_wconf 88' lang='lat' dir='ltr'>eodemque</span> <span class='ocrx_word' id='word_1_292' title='bbox 521 3855 604 3898; x_wconf 89' lang='lat' dir='ltr'>aevo</span> <span class='ocrx_word' id='word_1_293' title='bbox 625 3833 778 3900; x_wconf 92' lang='lat' dir='ltr'>eiusdem</span> <span class='ocrx_word' id='word_1_294' title='bbox 793 3836 946 3921; x_wconf 87' lang='lat' dir='ltr'>regionis</span> <span class='ocrx_word' id='word_1_295' title='bbox 965 3836 1019 3901; x_wconf 91' lang='lat' dir='ltr'>vel</span> <span class='ocrx_word' id='word_1_296' title='bbox 1034 3836 1234 3925; x_wconf 89' lang='lat' dir='ltr'>provinciae</span> <span class='ocrx_word' id='word_1_297' title='bbox 1249 3835 1408 3902; x_wconf 91' lang='lat' dir='ltr'>homines</span> <span class='ocrx_word' id='word_1_298' title='bbox 1420 3834 1542 3901; x_wconf 92' lang='lat' dir='ltr'>iisdem</span> 
     </span>
     <span class='ocr_line' id='line_1_35' title="bbox 223 3939 1542 4031; baseline 0 -26"><span class='ocrx_word' id='word_1_299' title='bbox 223 3940 292 4006; x_wconf 85' lang='lat' dir='ltr'>fere</span> <span class='ocrx_word' id='word_1_300' title='bbox 315 3940 365 4007; x_wconf 91' lang='lat' dir='ltr'>uti</span> <span class='ocrx_word' id='word_1_301' title='bbox 387 3939 608 4006; x_wconf 89' lang='lat' dir='ltr'>idiomatibus</span> <span class='ocrx_word' id='word_1_302' title='bbox 625 3945 659 4005; x_wconf 89' lang='lat' dir='ltr'>at</span> <span class='ocrx_word' id='word_1_303' title='bbox 678 3941 1001 4024; x_wconf 79' lang='lat' dir='ltr'>constructionibuS,</span> <span class='ocrx_word' id='word_1_304' title='bbox 1017 3942 1156 4031; x_wconf 91' lang='lat' dir='ltr'>qnando</span> <span class='ocrx_word' id='word_1_305' title='bbox 1180 3942 1222 4009; x_wconf 85' lang='lat' dir='ltr'>de</span> <span class='ocrx_word' id='word_1_306' title='bbox 1242 3942 1365 4009; x_wconf 87' lang='lat' dir='ltr'>iisdem</span> <span class='ocrx_word' id='word_1_307' title='bbox 1389 3947 1448 4006; x_wconf 89' lang='lat' dir='ltr'>aut</span> <span class='ocrx_word' id='word_1_308' title='bbox 1470 3941 1542 4009; x_wconf 87' lang='lat' dir='ltr'>fere</span> 
     </span>
     <span class='ocr_line' id='line_1_36' title="bbox 223 4045 1544 4136; baseline 0.001 -26"><span class='ocrx_word' id='word_1_309' title='bbox 223 4045 346 4112; x_wconf 91' lang='lat' dir='ltr'>iisdem</span> <span class='ocrx_word' id='word_1_310' title='bbox 370 4047 473 4112; x_wconf 86' lang='lat' dir='ltr'>rebus</span> <span class='ocrx_word' id='word_1_311' title='bbox 494 4047 698 4136; x_wconf 88' lang='lat' dir='ltr'>loquuntur,</span> <span class='ocrx_word' id='word_1_312' title='bbox 722 4047 805 4112; x_wconf 90' lang='lat' dir='ltr'>dum</span> <span class='ocrx_word' id='word_1_313' title='bbox 828 4048 969 4115; x_wconf 85' lang='lat' dir='ltr'>diversis</span> <span class='ocrx_word' id='word_1_314' title='bbox 991 4050 1099 4132; x_wconf 85' lang='lat' dir='ltr'>aevis,</span> <span class='ocrx_word' id='word_1_315' title='bbox 1117 4049 1172 4115; x_wconf 79' lang='lat' dir='ltr'>rel</span> <span class='ocrx_word' id='word_1_316' title='bbox 1192 4051 1295 4115; x_wconf 88' lang='lat' dir='ltr'>etiam</span> <span class='ocrx_word' id='word_1_317' title='bbox 1317 4047 1438 4114; x_wconf 91' lang='lat' dir='ltr'>eedem</span> <span class='ocrx_word' id='word_1_318' title='bbox 1460 4068 1544 4113; x_wconf 85' lang='lat' dir='ltr'>aevo</span> 
     </span>
     <span class='ocr_line' id='line_1_37' title="bbox 224 4151 1544 4244; baseline 0.001 -28"><span class='ocrx_word' id='word_1_319' title='bbox 224 4151 333 4217; x_wconf 89' lang='lat' dir='ltr'>sedin</span> <span class='ocrx_word' id='word_1_320' title='bbox 353 4152 496 4219; x_wconf 84' lang='lat' dir='ltr'>diversis</span> <span class='ocrx_word' id='word_1_321' title='bbox 515 4151 718 4242; x_wconf 92' lang='lat' dir='ltr'>provinciis,</span> <span class='ocrx_word' id='word_1_322' title='bbox 740 4174 905 4244; x_wconf 88' lang='lat' dir='ltr'>persaepe</span> <span class='ocrx_word' id='word_1_323' title='bbox 925 4157 1084 4223; x_wconf 90' lang='lat' dir='ltr'>homines</span> <span class='ocrx_word' id='word_1_324' title='bbox 1104 4155 1248 4221; x_wconf 88' lang='lat' dir='ltr'>diversis</span> <span class='ocrx_word' id='word_1_325' title='bbox 1269 4153 1491 4221; x_wconf 91' lang='lat' dir='ltr'>idiomatibus</span> <span class='ocrx_word' id='word_1_326' title='bbox 1511 4160 1544 4219; x_wconf 87' lang='lat' dir='ltr'>ot</span> 
     </span>
     <span class='ocr_line' id='line_1_38' title="bbox 225 4258 1542 4351; baseline 0.001 -29"><span class='ocrx_word' id='word_1_327' title='bbox 225 4259 537 4325; x_wconf 85' lang='lat' dir='ltr'>constructionibus</span> <span class='ocrx_word' id='word_1_328' title='bbox 553 4259 691 4325; x_wconf 87' lang='lat' dir='ltr'>easdem</span> <span class='ocrx_word' id='word_1_329' title='bbox 714 4258 791 4325; x_wconf 91' lang='lat' dir='ltr'>illas</span> <span class='ocrx_word' id='word_1_330' title='bbox 815 4282 868 4326; x_wconf 92' lang='lat' dir='ltr'>res</span> <span class='ocrx_word' id='word_1_331' title='bbox 894 4263 1101 4351; x_wconf 88' lang='lat' dir='ltr'>exprimunt.</span> <span class='ocrx_word' id='word_1_332' title='bbox 1121 4268 1210 4348; x_wconf 82' lang='lat' dir='ltr'>Ergo</span> <span class='ocrx_word' id='word_1_333' title='bbox 1233 4285 1273 4328; x_wconf 82' lang='lat' dir='ltr'>ex</span> <span class='ocrx_word' id='word_1_334' title='bbox 1293 4261 1355 4328; x_wconf 91' lang='lat' dir='ltr'>illa</span> <span class='ocrx_word' id='word_1_335' title='bbox 1374 4260 1446 4328; x_wconf 90' lang='lat' dir='ltr'>stili</span> <span class='ocrx_word' id='word_1_336' title='bbox 1468 4259 1542 4324; x_wconf 90' lang='lat' dir='ltr'>uni-</span> 
     </span>
     <span class='ocr_line' id='line_1_39' title="bbox 225 4363 1541 4457; baseline 0 -29"><span class='ocrx_word' id='word_1_337' title='bbox 225 4364 397 4430; x_wconf 90' lang='lat' dir='ltr'>formitate</span> <span class='ocrx_word' id='word_1_338' title='bbox 418 4365 468 4430; x_wconf 86' lang='lat' dir='ltr'>las</span> <span class='ocrx_word' id='word_1_339' title='bbox 490 4370 539 4431; x_wconf 89' lang='lat' dir='ltr'>est</span> <span class='ocrx_word' id='word_1_340' title='bbox 559 4365 729 4432; x_wconf 88' lang='lat' dir='ltr'>coniiccrc</span> <span class='ocrx_word' id='word_1_341' title='bbox 744 4366 787 4432; x_wconf 90' lang='lat' dir='ltr'>de</span> <span class='ocrx_word' id='word_1_342' title='bbox 807 4369 983 4457; x_wconf 87' lang='lat' dir='ltr'>scriptoris</span> <span class='ocrx_word' id='word_1_343' title='bbox 1004 4392 1103 4451; x_wconf 90' lang='lat' dir='ltr'>aevo,</span> <span class='ocrx_word' id='word_1_344' title='bbox 1119 4368 1212 4451; x_wconf 89' lang='lat' dir='ltr'>loce,</span> <span class='ocrx_word' id='word_1_345' title='bbox 1231 4368 1301 4435; x_wconf 91' lang='lat' dir='ltr'>irno</span> <span class='ocrx_word' id='word_1_346' title='bbox 1324 4386 1481 4457; x_wconf 89' lang='lat' dir='ltr'>persona.</span> <span class='ocrx_word' id='word_1_347' title='bbox 1505 4363 1541 4429; x_wconf 90' lang='lat' dir='ltr'>ld</span> 
     </span>
     <span class='ocr_line' id='line_1_40' title="bbox 226 4469 1543 4565; baseline -0.001 -30"><span class='ocrx_word' id='word_1_348' title='bbox 226 4476 317 4536; x_wconf 86' lang='lat' dir='ltr'>certe</span> <span class='ocrx_word' id='word_1_349' title='bbox 338 4476 411 4536; x_wconf 91' lang='lat' dir='ltr'>turn</span> <span class='ocrx_word' id='word_1_350' title='bbox 432 4470 528 4553; x_wconf 84' lang='lat' dir='ltr'>licet,</span> <span class='ocrx_word' id='word_1_351' title='bbox 552 4473 692 4560; x_wconf 89' lang='lat' dir='ltr'>quando</span> <span class='ocrx_word' id='word_1_352' title='bbox 716 4473 809 4540; x_wconf 89' lang='lat' dir='ltr'>abest</span> <span class='ocrx_word' id='word_1_353' title='bbox 828 4475 975 4565; x_wconf 89' lang='lat' dir='ltr'>suspicio</span> <span class='ocrx_word' id='word_1_354' title='bbox 991 4474 1112 4543; x_wconf 87' lang='lat' dir='ltr'>haberi</span> <span class='ocrx_word' id='word_1_355' title='bbox 1131 4476 1333 4542; x_wconf 83' lang='lat' dir='ltr'>affinitatem</span> <span class='ocrx_word' id='word_1_356' title='bbox 1348 4472 1418 4541; x_wconf 85' lang='lat' dir='ltr'>stili</span> <span class='ocrx_word' id='word_1_357' title='bbox 1435 4469 1543 4539; x_wconf 83' lang='lat' dir='ltr'>artifi-</span> 
     </span>
     <span class='ocr_line' id='line_1_41' title="bbox 225 4599 364 4644; baseline 0 -2"><span class='ocrx_word' id='word_1_358' title='bbox 225 4599 364 4644; x_wconf 81' lang='lat' dir='ltr'>orosam.</span> 
     </span>
    </p>
   </div>
   <div class='ocr_carea' id='block_1_3' title="bbox 270 4684 1542 4778">
    <p class='ocr_par' dir='ltr' id='par_1_7' title="bbox 270 4684 1542 4778">
     <span class='ocr_line' id='line_1_42' title="bbox 270 4684 1542 4778; baseline 0 -29"><span class='ocrx_word' id='word_1_359' title='bbox 270 4688 425 4752; x_wconf 81' lang='lat' dir='ltr'>Ceterum</span> <span class='ocrx_word' id='word_1_360' title='bbox 449 4684 605 4767; x_wconf 89' lang='lat' dir='ltr'>adverte,</span> <span class='ocrx_word' id='word_1_361' title='bbox 622 4706 684 4751; x_wconf 94' lang='lat' dir='ltr'>nos</span> <span class='ocrx_word' id='word_1_362' title='bbox 706 4684 937 4755; x_wconf 88' lang='lat' dir='ltr'>hebraeorum</span> <span class='ocrx_word' id='word_1_363' title='bbox 961 4688 1168 4778; x_wconf 87' lang='lat' dir='ltr'>scriptorum</span> <span class='ocrx_word' id='word_1_364' title='bbox 1189 4696 1267 4756; x_wconf 89' lang='lat' dir='ltr'>ante</span> <span class='ocrx_word' id='word_1_365' title='bbox 1289 4687 1430 4765; x_wconf 85' lang='lat' dir='ltr'>Esdram</span> <span class='ocrx_word' id='word_1_366' title='bbox 1454 4684 1542 4751; x_wconf 92' lang='lat' dir='ltr'>nihil</span> 
     </span>
    </p>
   </div>
   <div class='ocr_carea' id='block_1_4' title="bbox 0 0 1690 5346">
    <p class='ocr_par' dir='ltr' id='par_1_8' title="bbox 0 0 1690 5346">
     <span class='ocr_line' id='line_1_43' title="bbox 0 0 1690 5346; baseline 0 0"><span class='ocrx_word' id='word_1_367' title='bbox 0 0 1690 5346; x_wconf 95' lang='lat' dir='ltr'> </span> 
     </span>
    </p>
   </div>
  </div>
 </body>
</html>
