3366 5346
177 258 216 317 86
731 271 937 317 mmooucno.

177 428 274 474 senes
298 405 395 472 illum
423 407 562 472 sortasse
592 406 699 473 oculis
722 406 891 487 viderant,
922 404 1064 471 auribus
1090 403 1287 485 audierant;
1319 405 1496 472 sciebatur

177 513 259 579 libri
276 519 531 599 argumentum,
558 513 757 580 mandatum
779 511 1003 578 monolatriac
1024 516 1058 576 et
1078 509 1349 592 maledictiones;
1377 512 1496 602 aliqua

178 606 318 686 fortasse
338 619 447 705 magis
469 621 621 685 minusve
645 619 792 686 fideliter
812 619 979 685 memoria
998 617 1253 697 tenebantur,a
1275 618 1435 707 patribus
1451 620 1498 686 ad

71 730 80 742 “
178 727 267 792 lilios
290 726 496 792 transmissa.
528 726 717 805 Sciebatur,
741 725 841 792 illum
867 725 995 790 librum
1020 747 1040 790 a
1063 727 1169 811 llloyse
1198 724 1242 789 ad
1275 724 1364 791 latus
1391 748 1492 793 arcae

177 833 277 899 fuisse
305 833 509 921 repositum,
543 843 659 898 testem
689 834 843 898 futurum
881 836 1000 897 contra
1041 829 1211 920 populum
1243 833 1495 920 praevaricato-

177 961 261 1005 rem.
292 944 330 1004 ln
360 938 421 1003 illo
445 938 535 1004 libro
559 960 719 1028 praesens
749 938 907 1005 adfuerat
933 942 1059 1024 lloyses
1092 937 1340 1027 posterioribus
1362 939 1497 1006 ludaeis

176 1046 289 1130 legem
309 1043 506 1125 inculcanS,
529 1044 773 1134 promissiones
803 1050 836 1110 et
862 1043 973 1110 minas
1004 1043 1203 1110 obtendens.
1233 1044 1406 1112 Saevierat
1427 1052 1495 1113 lla-

176 1172 292 1219 nasses
317 1153 353 1217 in
378 1152 563 1240 prophetas
582 1152 742 1240 aequales
768 1172 847 1218 suos
875 1173 1063 1239 eorumque
1083 1151 1331 1240 prophetarum
1355 1151 1459 1218 libros
1484 1173 1491 1218 :

178 1264 268 1325 certe
280 1258 397 1324 nullas
413 1257 605 1347 accepimus
617 1259 824 1348 prophetias,
843 1279 931 1348 quae
949 1258 1106 1324 ferantur
1118 1259 1360 1346 pronuntiatae
1372 1280 1442 1325 esse
1457 1259 1496 1326 in

83 1390 100 1414 ⁸
177 1364 298 1430 diebus
323 1369 489 1431 Manassae
519 1365 576 1453 (ci.
608 1370 648 1431 ls.
678 1371 750 1447 l,1;
776 1369 839 1431 ler.
867 1371 923 1445 13
947 1364 1042 1452 ete).
1067 1368 1309 1454 Suppresserat
1335 1370 1435 1431 testes
1458 1374 1494 1431 et

179 1471 385 1538 testimonia.
413 1471 477 1538 Sed
500 1472 582 1561 quid
604 1471 766 1563 proderat
793 1471 1017 1562 suppressisse
1047 1471 1243 1538 testimonio
1269 1470 1492 1556 secundaria,

179 1579 314 1665 integro
338 1584 574 1667 perseverante
599 1577 792 1645 testimonio
811 1577 995 1668 primorie,
1019 1578 1141 1644 thora?
1162 1583 1252 1665 Ergo
1270 1578 1363 1645 hunc
1387 1579 1492 1645 etiam

177 1690 296 1751 testem
317 1686 505 1773 suppressit
527 1690 704 1752 llanasses.
728 1689 852 1752 Verum
874 1690 955 1751 teste
975 1706 993 1750 e
1014 1683 1128 1750 medio
1152 1684 1300 1763 sublato,
1325 1684 1495 1750 circuibat

178 1792 376 1880 interempti
396 1791 489 1858 testis
513 1796 696 1881 spectrum.
719 1790 959 1881 supervixerat
980 1792 1015 1856 iu
1045 1791 1197 1858 omnium
1220 1789 1391 1858 mentibus
1409 1789 1494 1856 libri

178 1898 356 1964 nremorc’o.
375 1898 477 1965 Cuius
492 1898 600 1988 aliqui
616 1899 736 1965 norint
749 1899 857 1964 solum
873 1919 999 1964 nomen
1012 1904 1045 1964 et
1060 1897 1222 1984 generale
1235 1902 1490 1983 argumentum,

179 2005 237 2071 alii
258 2005 362 2093 longe
382 2005 483 2095 plura
505 2011 538 2072 et
564 2007 788 2073 accuratiora.
815 2009 942 2072 Norant
966 2004 1149 2093 imprimis,
1177 2003 1307 2072 librum
1334 2004 1494 2071 habuisse

180 2118 312 2178 atroces
344 2114 465 2195 minas,
492 2134 563 2179 uon
586 2113 620 2178 iu
651 2112 819 2202 populum
845 2118 979 2179 tantum
1001 2117 1178 2200 totamque
1208 2111 1276 2177 late
1299 2111 1490 2196 regionem,

179 2218 297 2283 sedin
324 2238 441 2302 regem
470 2219 663 2306 urbemque
691 2218 792 2303 regui
823 2224 855 2284 ct
878 2240 1053 2283 sacrorum
1080 2223 1195 2307 caput.
1224 2221 1311 2284 llaec
1336 2239 1406 2284 non
1428 2217 1496 2283 alle-

180 2323 442 2412 proclamabant
462 2346 524 2413 per
551 2323 713 2412 compita,
735 2323 794 2390 scd
817 2323 851 2389 in
874 2323 1014 2410 angulis
1034 2324 1277 2405 mussitabant,
1296 2345 1416 2410 regem
1437 2346 1497 2390 ve-

180 2431 249 2495 riti.
272 2434 352 2495 Erat
373 2451 414 2495 ea
436 2451 506 2495 nou
526 2429 600 2518 ipsa
624 2431 742 2517 Moysis
765 2452 840 2512 vox,
857 2429 916 2496 sed
938 2452 1001 2495 vox
1025 2452 1236 2519 repercussa,
1255 2452 1325 2497 non
1348 2430 1493 2496 authen-

180 2537 285 2602 ticum
313 2535 563 2618 testimouium,
588 2536 647 2603 sed
673 2536 859 2604 testimonii
880 2536 1059 2619 memoria,
1081 2559 1150 2603 non
1176 2539 1292 2621 testis,
1318 2536 1376 2602 sed
1399 2558 1497 2626 spec-

181 2650 284 2711 trum.
319 2643 479 2710 Terrebat
504 2643 641 2733 impios,
665 2643 730 2733 piis
751 2644 905 2730 augebat
930 2643 1100 2710 fiduciam.
1134 2643 1346 2711 Verebantur
1375 2643 1439 2724 illi,
1463 2666 1497 2709 se

181 2773 317 2819 exosum
340 2756 460 2818 testem
478 2773 547 2818 non
568 2751 706 2841 penitus
725 2750 921 2835 confecisse,
942 2750 1054 2817 subito
1074 2751 1175 2817 illum
1195 2775 1213 2817 e
1233 2750 1374 2818 latebris
1394 2773 1497 2840 erup-

180 2864 296 2925 turum
315 2858 353 2925 in
369 2858 501 2939 lucem,
521 2859 649 2924 sanatis
667 2857 868 2923 vulneribus
890 2863 1161 2923 resurrecturum
1183 2863 1359 2944 vegetem,
1378 2855 1497 2923 multi-
1517 2935 1521 2939 ,

181 2962 380 3053 plicandum
403 2962 551 3029 fecunda
572 2965 853 3051 apographorum
872 2962 983 3051 prole,
1001 2962 1172 3030 editurum
1197 2964 1282 3030 altas
1300 2986 1409 3031 voces.
1429 2961 1497 3028 Piis

181 3069 329 3136 vicissim
357 3068 517 3134 Israelitis
545 3069 710 3134 memoria
737 3068 821 3135 libri
843 3091 914 3135 non
943 3075 1016 3137 erat
1046 3076 1230 3159 spectrum,
1259 3071 1317 3137 sed
1342 3071 1495 3158 augelus.

184 3180 358 3241 Poteratne
383 3174 427 3239 ad
450 3174 623 3240 silentium
644 3174 758 3261 redigi
776 3175 872 3242 testis
892 3175 1044 3257 divinus,
1064 3177 1141 3244 tolli
1162 3177 1334 3245 demedio
1350 3177 1494 3245 verbum

184 3282 306 3348 lahve?
330 3280 512 3348 Obtinebat
542 3302 599 3347 eos
628 3281 741 3348 suavis
759 3282 921 3371 suspicio,
946 3282 1073 3351 librum
1099 3284 1199 3352 illum
1225 3307 1297 3351 non
1319 3285 1423 3374 plane
1447 3283 1499 3349 in·

183 3387 325 3471 teriisse,
350 3387 478 3456 alicubi
496 3388 533 3455 in
561 3387 703 3455 latebris
728 3389 879 3478 opperiri
904 3395 1038 3479 tempus
1064 3413 1084 3457 a
1112 3392 1213 3458 lahve
1242 3390 1496 3481 praestitutum,

183 3496 401 3586 proditurum
417 3495 617 3586 aliquando,
636 3495 832 3562 locuturum
852 3502 885 3563 et
904 3498 1020 3563 omnia
1032 3497 1076 3563 ad
1096 3497 1273 3565 meliorem
1288 3502 1413 3564 statum
1426 3518 1497 3563 esse

183 3609 437 3670 revocaturum.

228 3711 277 3774 En
303 3708 476 3796 quomodo
501 3710 560 3775 ille
588 3709 678 3775 liber
706 3709 820 3798 potuit
845 3731 915 3775 esse
945 3722 977 3775 et
1003 3731 1078 3776 vere
1103 3710 1317 3801 deperditus,
1340 3723 1372 3777 et
1395 3707 1501 3776 simul

183 3813 325 3882 minime
353 3815 502 3904 ipraotua
523 3814 662 3881 Librum
685 3817 814 3905 reperit
832 3815 977 3898 Helcias,
997 3816 1100 3903 legit,
1120 3839 1189 3883 non
1213 3824 1321 3884 totum
1342 3837 1496 3883 necessa-

183 3924 235 3988 rio
250 3923 294 3989 ab
309 3921 421 4004 initio,
444 3920 662 4010 nequeenim
684 3923 713 3988 is
734 3921 791 4009 (cf.
815 3945 849 4011 p.
876 3922 930 4011 lu)
950 3923 1160 3989 necessarius
1174 3932 1224 3989 est
1236 3945 1352 3990 sensus
1363 3942 1498 4010 expres·

183 4028 287 4093 sionis
312 4043 372 4094 izo
389 4044 463 4118 sip.
485 4031 588 4093 Norat
607 4027 688 4093 libri
713 4036 976 4114 argumentum,
999 4035 1058 4096 aut
1083 4035 1173 4096 certe
1193 4052 1232 4096 ex
1257 4027 1417 4115 analogia
1439 4033 1497 4094 Ex.

183 4139 225 4199 23
242 4139 274 4199 et
289 4137 366 4199 Lev.
384 4140 427 4199 26
439 4132 644 4199 couiieiebat
658 4134 916 4201 maledictiones
928 4135 1117 4224 adscriptas
1139 4158 1208 4202 esse
1228 4149 1377 4202 eatremo
1392 4134 1496 4200 libro.

183 4238 288 4306 Adest
303 4238 384 4305 dein
400 4240 539 4328 Saphan
559 4245 696 4306 acturus
718 4238 760 4304 de
782 4240 953 4328 pecuniis,
971 4242 1162 4328 imaginare
1181 4242 1247 4308 viri
1268 4264 1395 4324 sensus,
1411 4239 1495 4306 dum

183 4345 281 4411 audit
295 4345 446 4411 llelciam
466 4345 636 4412 dicentem
655 4364 662 4412 ε
681 4344 805 4434 Reperi
823 4345 951 4412 librum
966 4348 1151 4436 quemdam
1167 4349 1288 4415 thorae
1307 4388 1350 4400 -
1370 4346 1399 4414 si
1418 4368 1496 4414 eum

181 4451 449 4542 improbabilem
465 4473 600 4519 sensum
622 4451 741 4516 lubeat
758 4450 898 4537 affigere
913 4452 1037 4518 verbis
1060 4455 1253 4540 Imaginare
1269 4476 1386 4521 sensus
1408 4453 1500 4539 regis

181 4558 361 4628 nuntiante
390 4558 526 4647 Saphan
551 4580 558 4626 :
588 4556 727 4623 Librum
762 4557 911 4645 aliquem
941 4580 1074 4624 sacrum
1106 4559 1203 4626 dedit
1230 4560 1317 4626 milri
1349 4558 1491 4626 Helcias.

181 4667 291 4733 Verba
320 4664 485 4732 vertimus
507 4665 566 4743 ita,
591 4662 642 4730 uti
661 4661 787 4728 criticis
809 4661 1014 4751 quibusdam
1038 4662 1169 4753 placuit
1188 4690 1196 4735 :
1215 4666 1321 4733 verba
1345 4665 1495 4732 indeter-
