3366 5346
628 279 809 325 noueremus
830 279 1068 325 nuurcaosouu.
1467 267 1504 326 ld

186 418 305 480 Vastus
334 413 390 479 hic
415 411 534 502 spoliis
558 414 704 502 Aegypti
729 413 930 500 colligendis
955 434 1108 502 campus.
1139 412 1203 478 Sed
1228 416 1321 478 textu
1351 391 1506 482 restituto

185 521 288 606 longe
299 519 508 608 antiquiores
521 519 648 586 fuerint
661 524 796 613 oportet
806 525 916 586 textus
927 517 1139 609 primigenii,
1152 518 1196 585 ad
1208 541 1295 608 quos
1304 519 1378 586 sola
1390 519 1507 588 critica

184 626 280 693 haud
294 627 485 716 pertinget,
503 625 562 692 sed
577 648 656 692 suas
672 627 884 693 coniecturas
899 626 1018 692 fulciat
1036 631 1172 714 oportet
1187 625 1283 693 lactis
1302 626 1507 694 hermeneu-
1529 645 1532 649 ·

185 731 264 799 ticis
276 738 380 823 atque
395 732 575 799 historicis

230 842 322 929 Erpa
340 838 377 905 in
393 839 465 929 ipso
480 861 577 905 sacro
594 850 704 923 tectu,
730 838 767 905 in
785 838 867 929 ipsis
882 843 1028 906 Petrum
1043 851 1260 928 veterumque
1280 838 1505 929 interpretum

184 944 321 1036 seriptis
341 944 510 1012 debentur
519 945 698 1035 principia
710 944 784 1029 illu,
799 945 921 1034 quibus
935 968 1051 1012 secure
1064 943 1277 1034 definientur
1291 944 1505 1036 quaestiones

184 1051 268 1118 illue
282 1051 545 1141 uqitatissinme.
566 1052 619 1118 llli
639 1052 750 1119 iecere
771 1052 921 1133 semina,
939 1058 1096 1117 nostrum
1119 1056 1168 1117 cst
1187 1053 1312 1118 laetam
1338 1052 1504 1138 colligere

184 1165 349 1245 segetem.
1215 1180 1218 1187 ·

574 1306 606 1366 2.
632 1303 834 1389 Couspectus
853 1298 1122 1366 Deuteronomii.

228 1473 265 1535 ln
280 1469 354 1558 ipso
376 1467 621 1535 commentario
641 1490 772 1550 eorum,
791 1491 880 1558 quae
896 1469 959 1535 hoe
979 1467 1091 1557 capite
1111 1468 1335 1549 affirmamus,
1353 1469 1502 1538 rationes

184 1575 392 1665 explicituri,
415 1574 568 1664 ipsarum
588 1573 728 1641 interim
749 1597 864 1642 rerum
884 1575 1111 1642 summarium
1131 1574 1168 1640 ia
1188 1574 1342 1642 medium
1358 1577 1502 1665 proferi-

184 1703 269 1748 mus.

183 1841 184 1845 ,
228 1788 335 1873 Igitur
356 1786 393 1853 in
411 1793 598 1855 extremam
620 1786 855 1854 narrationem
874 1801 1031 1854 cetorum
1051 1787 1193 1876 Moysis,
1222 1810 1310 1876 quae
1325 1788 1369 1854 ab
1390 1789 1503 1856 Exodo

184 1893 394 1974 ordiebatur,
412 1900 445 1960 et
460 1893 657 1960 immediate
672 1900 752 1960 ante
767 1900 843 1960 acta
861 1917 1043 1982 supremae
1060 1894 1129 1960 diei
1151 1894 1240 1959 vitae
1259 1893 1378 1981 Moysis
1394 1899 1501 1979 (Deut.

184 2000 419 2088 aute-mna)
433 1999 632 2066 inseruntur
647 1998 853 2066 decrementa
874 2002 939 2065 trin
955 2000 999 2066 ab
1018 2000 1080 2065 illa
1098 1999 1298 2066 narratione
1312 2001 1502 2089 plurimum

184 2105 421 2173 diversabor
445 2105 641 2194 producunt
671 2129 712 2172 ea
736 2105 969 2172 narrationem
992 2111 1157 2188 actorum,
1184 2127 1254 2171 non
1275 2105 1404 2172 habent
1424 2129 1502 2195 pro-

183 2212 429 2298 mulgationem
450 2212 605 2298 leguma
625 2212 727 2278 lahve
746 2213 847 2299 Moysi
871 2211 1095 2292 creditarum,
1117 2211 1174 2278 sed
1190 2212 1339 2300 prolixas
1358 2211 1502 2280 recitant

183 2317 302 2406 Moysis
324 2319 505 2384 orationes.
533 2323 610 2384 Post
634 2324 741 2398 1‚1-5,
769 2340 857 2408 quae
884 2317 1162 2407 praecedentium
1187 2317 1288 2384 simul
1309 2325 1388 2386 sunt
1407 2342 1499 2385 sum-

182 2423 329 2490 marium
340 2423 480 2513 aliquod
493 2429 526 2491 et
535 2425 709 2512 sequentis
720 2424 886 2490 orationis
896 2423 1085 2513 inscriptio,
1100 2425 1213 2514 prima
1226 2424 1335 2490 oratio
1349 2430 1499 2507 lutto

183 2535 232 2597 est
243 2532 445 2619 paraenesis
461 2529 579 2597 tltorae
601 2553 608 2595 :
627 2530 692 2595 hoc
714 2532 842 2619 quippe
865 2552 991 2598 nomen
1011 2529 1043 2596 ei
1058 2537 1112 2612 1‚5
1132 2529 1344 2598 inscribitur.
1368 2532 1425 2597 Cui
1440 2554 1500 2598 ex·

182 2643 313 2703 tremae
332 2635 488 2702 adhaesit
508 2641 647 2715 att-m
668 2636 787 2702 notula
802 2635 920 2724 aliqua
935 2636 977 2701 de
990 2635 1185 2702 civitatibus
1199 2636 1326 2723 refugii
1342 2637 1500 2703 transior-

114 2786 118 2792 -
183 2741 459 2829 danicisaMoysc
470 2741 669 2828 designatis.
681 2741 793 2808 ⁴tltera
804 2740 913 2808 oratio
924 2740 1148 2830 inscriptione
1161 2746 1296 2822 tut-ta
1307 2742 1501 2830 appellatur

184 2847 294 2929 thora,
310 2847 549 2936 clauditurque
567 2847 818 2937 subscriptione
837 2853 913 2926 29,1
932 2848 1076 2935 (28,69).
1092 2845 1242 2913 Tertium
1255 2836 1499 2914 documentum

182 2961 261 3037 ΞΜ
277 2956 441 3044 (1)-31,13
457 2955 557 3021 titulo
575 2977 646 3020 non
660 2954 870 3034 inscribitur,
888 2975 958 3020 non
974 2958 1024 3020 est
1040 2974 1134 3020 mera
1151 2952 1278 3030 oratio,
1296 2953 1355 3019 sed
1370 2954 1499 3019 oratio-

181 3061 284 3128 nibus
306 3061 436 3128 intexta
462 3060 606 3127 historia
628 3060 854 3127 restitutionis
875 3058 1032 3146 foederis
1054 3061 1091 3126 in
1115 3065 1207 3126 terra
1226 3059 1320 3126 Moab
1344 3058 1498 3126 celebra·

181 3171 248 3249 tae,
266 3169 302 3233 in
313 3190 382 3257 qua
392 3168 494 3234 etiam
508 3167 797 3257 promulgabatur
810 3168 921 3233 thora.
941 3166 1115 3233 Secundae
1135 3165 1282 3232 orationi
1297 3165 1498 3232 inseruntur

182 3273 250 3340 duo
268 3293 276 3339 :
294 3273 540 3341 collectaneum
553 3273 669 3363 lepum
687 3272 1309 3361 ta,1-aa,15,qu0dide1nrestatque«
1329 3271 1496 3339 iudicium

182 3379 283 3466 regni
305 3408 319 3438 o
345 3386 361 3446 1
377 3383 460 3466 aeg.
480 3386 612 3465 masa
629 3379 784 3446 Samuele
800 3377 1071 3468 promulgatum,
1086 3383 1128 3445 et
1148 3376 1249 3443 rerba
1264 3379 1361 3444 lente
1381 3383 1497 3457 26,16-

183 3490 300 3567 atae,
327 3508 397 3552 non
420 3491 507 3568 tota,
534 3486 593 3552 sed
618 3507 739 3552 eorum
763 3484 901 3551 initium
926 3490 1072 3551 tantum.
1095 3483 1246 3550 Tandem
1271 3487 1496 3565 31,1t-3t,1a

183 3590 371 3658 absolvitur
387 3593 535 3659 narratio
547 3598 702 3659 actorum
721 3591 849 3679 Moysis.
884 3680 888 3685 .

522 3792 544 3824 a.
559 3777 769 3825 PARAENESIS
782 3776 919 3824 THORAE
932 3776 1032 3824 DEUT.
1051 3778 1161 3837 1,e-4,to.

227 3917 305 3986 Sine
317 3917 453 3984 exordio
469 3918 537 3985 ruit
547 3926 664 3985 orator
676 3918 713 3985 in
726 3917 857 3985 medias
869 3940 934 3999 res,
950 3918 1185 3984 brevissimam
1202 3922 1339 3999 aaa-m
1355 3917 1496 3985 adhibet

181 4025 449 4116 perorationem.
472 4025 640 4093 Orationis
663 4025 771 4092 veluti
793 4024 1020 4092 summarium
1041 4023 1184 4114 aliquod
1205 4023 1314 4090 habes
1337 4030 1391 4106 tn
1412 4048 1463 4114 sq.
1485 4046 1493 4094 :

183 4137 362 4222 Postquam
384 4131 550 4221 percussit
572 4132 685 4198 Sehon
702 4137 786 4215 ete,
811 4131 936 4198 adiecit
956 4136 1083 4219 Moyses
1103 4131 1259 4197 animum
1279 4138 1343 4198 etc.
1362 4135 1497 4200 Constat

181 4259 226 4306 sc.
249 4239 356 4305 oratio
373 4251 472 4327 parte
490 4237 663 4322 lu‘storicn,
683 4239 738 4306 cui
758 4238 919 4327 deinceps
935 4243 1112 4328 tamquam
1130 4237 1354 4305 fundamento
1375 4261 1495 4328 super-

181 4342 324 4411 struitur
336 4366 419 4434 purs
428 4344 666 4434 paraenetica.

651 4515 704 4556 Par!
715 4515 818 4556 hutorica
830 4515 894 4556 Deut.
909 4516 1004 4564 l‚6·3,29.

228 4645 391 4735 Repetitis
411 4646 603 4736 praecipuis
622 4646 704 4713 inde
724 4669 741 4712 a
763 4652 879 4714 monte
900 4646 994 4714 Sinai
1009 4646 1204 4728 eventibus,
1229 4644 1402 4712 auditores
1416 4664 1494 4710 suos
