3366 5346
562 314 639 355 acra
661 312 792 356 carruae
816 315 875 358 nrm
899 315 987 360 viras
1009 317 1125 361 vorsis.
1220 284 1226 301 ⁸

676 533 762 582 liuban
778 540 804 581 et
823 537 885 582 Inda
902 552 929 584 v.
950 539 963 584 6
981 553 1016 597 sq.

187 738 213 776 v.
235 724 250 773 6
271 724 352 772 Vivat
368 722 466 772 ltaben
481 727 509 772 et
525 735 581 772 non
597 725 741 779 mordetur,
756 751 790 761 -
804 727 915 789 sintque
932 729 1013 789 pauet
1028 729 1080 776 vlrt
1095 730 1166 779 etus.

187 827 213 862 v.
235 813 250 863 7
271 812 351 867 Audi.
370 805 465 869 Iahve,
483 824 579 862 vocem
596 812 675 872 Iuda,
692 839 727 848 —
744 813 822 863 etad
837 815 972 878 populum
994 829 1076 866 satim
1092 816 1195 880 perduc
1210 831 1284 867 eum.

268 900 322 950 Pro
342 913 376 950 eo
392 900 546 950 decertavit
561 912 661 950 nranus
673 903 753 951 etus:
771 929 806 938 -
821 901 884 953 ideo
899 903 1010 953 adiutor
1024 906 1059 954 stt
1075 905 1109 954 de
1124 906 1244 956 inlrulcts
1259 909 1328 957 etas.

228 1089 309 1174 Arp.
331 1122 374 1133 —
395 1083 625 1150 Confirmatur
640 1083 753 1150 Iacobi
768 1089 849 1151 Gen.
873 1091 952 1161 tea
973 1086 1008 1151 in
1029 1090 1145 1154 derben
1164 1089 1344 1170 sententia,
1368 1097 1406 1158 ut
1428 1116 1511 1183 per·

184 1191 283 1258 duret
303 1190 443 1280 quidem
468 1189 592 1271 tribus,
615 1188 672 1255 sed
698 1190 850 1256 numeris
872 1190 1077 1273 infirmetur,
1094 1194 1211 1284 itaque
1233 1197 1286 1262 vel
1303 1197 1376 1287 ipsa
1395 1200 1506 1267 etiam

183 1319 298 1364 rerum
319 1302 442 1362 natura
456 1318 477 1361 a
491 1296 688 1385 principatu
705 1296 919 1363 excludatur.
937 1337 980 1346 -
999 1299 1217 1389 Principatus
1232 1300 1338 1368 Iudae
1352 1306 1507 1392 promis-

183 1426 239 1471 sus
256 1407 293 1468 ut
313 1402 350 1469 in
368 1403 527 1468 ellectum
547 1399 749 1481 deducatur,
773 1409 925 1489 rogatur.
949 1410 1011 1470 Pro
1038 1427 1140 1473 causa
1163 1407 1295 1474 Israelis
1314 1409 1507 1480 Indeserta

182 1509 318 1576 sortiter
339 1509 478 1575 defensa
499 1529 648 1596 aequum
671 1513 737 1589 est,
760 1514 797 1573 ut
818 1509 900 1575 Iuda
919 1532 958 1576 es
978 1511 1091 1577 allicio
1121 1513 1344 1581 constituatur
1364 1518 1507 1586 Israelis

184 1615 354 1682 defensor.

226 1726 311 1811 Aple
331 1720 445 1787 versui
464 1726 483 1785 6
506 1742 558 1808 sq.
582 1719 873 1807 praemittebatur
888 1743 919 1786 v.
943 1729 974 1787 5.
1002 1727 1053 1789 Sc.
1076 1725 1209 1790 Israelis
1231 1749 1288 1792 rex
1311 1727 1503 1798 invisibilis

183 1832 232 1895 est
246 1828 366 1907 Ialrve;
384 1846 530 1913 regnum
541 1825 734 1893 humanum
748 1826 905 1893 nondum
920 1828 1079 1908 instituit,
1101 1830 1159 1896 sed
1169 1831 1323 1900 instituet
1341 1855 1348 1902 :
1372 1835 1502 1904 merito

183 1933 321 2001 interim
343 1933 531 2022 quaeritur,
559 1932 695 1998 cuinam
724 1932 832 2000 tribui
854 1956 1001 2020 regnum
1032 1944 1233 2006 reservetur.
1258 1942 1503 2029 Respondetur

181 2040 339 2128 negative
355 2046 389 2106 et
406 2038 550 2127 positive
577 2058 583 2104 :
606 2060 676 2105 non
691 2038 833 2106 Itulreno
853 2039 912 2106 sed
932 2041 1047 2107 Iudae.
1067 2042 1156 2109 ltilril
1172 2043 1501 2133 liubane-benedic·

182 2147 282 2214 tionis
305 2146 492 2227 confertur,
514 2151 650 2234 praeter
674 2144 762 2210 illud
787 2167 853 2211 non
876 2146 1056 2214 tituriotnr.
1084 2171 1115 2216 v.
1136 2157 1155 2214 6
1180 2177 1196 2209 a
1222 2150 1449 2222 I'r'rotltuben
1466 2168 1500 2223 et

181 2277 248 2319 rien
270 2252 438 2318 moriatur
462 2281 497 2331 »‚
523 2282 537 2307 a
562 2273 631 2315 non
651 2250 788 2316 deliciet
808 2253 842 2316 in
866 2255 1075 2320 successione
1101 2281 1117 2316 »
1141 2255 1267 2344 (Coa),
1292 2258 1402 2326 tribus
1416 2282 1497 2350 per·

181 2365 330 2440 maneat,
346 2386 361 2417 a
374 2370 406 2422 et
419 2356 463 2421 sit
475 2379 604 2445 porrus
619 2356 656 2420 ire
669 2379 809 2421 rarorrrro
826 2384 854 2422 ».
871 2361 970 2425 Hebr.
987 2381 994 2426 :
1012 2373 1043 2425 et
1058 2361 1127 2426 sint
1144 2362 1210 2427 riri
1229 2364 1302 2429 eius
1317 2387 1495 2447 rrrrrneras,

180 2487 264 2554 gens
287 2484 481 2540 numerosa,
503 2462 617 2550 inquil
643 2460 837 2528 Theodoret.
864 2485 871 2531 :
897 2465 957 2530 sed
982 2466 1152 2555 expressio
1172 2468 1296 2536 usitata
1320 2472 1363 2537 ad
1380 2474 1499 2562 expri-

180 2571 344 2638 mendum
371 2590 537 2656 magnum
552 2590 752 2648 numerum,
775 2574 824 2635 est
850 2599 864 2629 ιι
887 2592 956 2637 non
977 2593 1047 2639 esse
1071 2595 1253 2641 numerum
1271 2603 1306 2657 »,
1327 2577 1351 2644 i.
1373 2600 1499 2646 enon

179 2701 274 2768 posse
298 2675 485 2743 numerari.
508 2676 555 2741 Sa
579 2681 678 2763 putat
698 2674 958 2763 praecedentem
977 2678 1195 2763 negationem
1215 2681 1282 2748 huc
1302 2683 1405 2750 etiam
1422 2706 1497 2752 esse

181 2785 385 2852 trahendam
408 2802 415 2848 :
435 2804 505 2848 non
531 2782 698 2847 moriatur
716 2804 827 2870 neque
847 2781 890 2848 sit
907 2805 1033 2872 parvus
1054 2807 1208 2854 numero.
1238 2789 1303 2865 Sed
1324 2789 1418 2856 obest
1440 2813 1497 2858 re-

97 2948 102 2959 .
179 2893 323 2982 petitum
339 2896 414 2979 post
430 2888 651 2974 negationem
666 2887 810 2958 verbum
828 2904 886 2950 tm,
907 2894 1008 2956 Itecte
1026 2894 1225 2980 prenuntiat
1241 2897 1342 2976 Ilua,
1359 2900 1496 2984 lloysen

179 2997 330 3063 altudere
346 2996 390 3061 ad
410 2994 613 3061 iacobaeum
631 2993 716 3059 illud
736 3022 751 3052 a
770 3016 839 3060 non
855 3017 984 3062 crescas
1006 3026 1035 3063 ».
1054 2999 1219 3065 vaticinia
1239 3000 1397 3069 iacobaea
1421 3026 1495 3071 non

180 3103 339 3169 emendat
360 3103 395 3166 h.
423 3102 445 3167 I.
469 3106 620 3185 lloyses:
648 3099 849 3165 vaticinium
871 3101 998 3191 quippe
1022 3103 1056 3168 in
1079 3104 1157 3170 Levi
1179 3105 1311 3173 editum
1331 3114 1413 3175 Gen.
1435 3115 1493 3191 tt),

179 3217 198 3275 5
215 3231 266 3296 sq.
283 3213 361 3273 ante
375 3206 442 3271 iam
457 3204 701 3271 emendaverat
714 3206 784 3293 ipse
801 3210 888 3271 beas
901 3230 1022 3273 vocans
1035 3210 1113 3276 levi
1128 3211 1172 3277 ad
1188 3213 1318 3280 cultum
1335 3222 1496 3284 sanctua-

179 3315 232 3382 rii.
253 3318 356 3381 Itecte
372 3311 472 3379 vertit
486 3310 584 3397 Vulg.

221 3421 450 3510 Principatum
480 3440 551 3484 non
582 3417 723 3484 Ilubeno
748 3419 914 3484 reservari
939 3421 998 3486 sed
1024 3421 1137 3503 Iudae,
1160 3423 1350 3492 distinctius
1379 3448 1493 3494 enun-

176 3531 320 3597 tiaverat
341 3526 441 3593 Iacob
464 3530 543 3591 Gen.
572 3529 650 3603 tna
677 3545 767 3612 sqq.;
789 3525 848 3589 sed
868 3530 993 3612 lloyses
1017 3550 1086 3594 non
1106 3528 1176 3595 edit
1196 3532 1408 3616 vaticinium,
1430 3536 1494 3602 scd

174 3634 460 3712 benedictionem,
482 3630 681 3697 vaticinium
701 3631 900 3696 iacobaeum
922 3639 1042 3699 notum
1064 3639 1226 3724 supponit
1246 3638 1394 3728 ideoque
1416 3663 1493 3709 rem

175 3740 311 3807 brevius
333 3737 489 3804 absolvit.
508 3759 538 3802 v.
562 3744 581 3801 'I
605 3764 620 3793 «
646 3738 737 3801 Ilaec
762 3748 809 3802 est
827 3736 935 3803 laedae
963 3739 1152 3807 berredictio
1173 3771 1203 3809 ».
1225 3747 1327 3811 Ilebr.
1348 3755 1402 3811 :et
1425 3745 1492 3814 ltoc

174 3847 292 3929 Iurtoe,
314 3858 346 3912 et
370 3844 473 3925 discit,
494 3842 698 3910 constructio
721 3848 924 3932 apocopata,
946 3868 1049 3934 qaam
1068 3849 1293 3917 emendavero
1314 3855 1405 3918 LXX
1425 3875 1437 3920 :
1459 3869 1494 3920 et

174 3957 236 4022 bor
260 3952 377 4030 Iudae,
398 3957 431 4018 et
453 3952 531 4038 Syr.
552 3961 607 4017 :et
630 3948 690 4014 lroc
711 3947 800 4014 ‹lirr't
822 3948 939 4016 Iudae.
958 3953 1071 4019 Prima
1095 3954 1179 4020 haee
1201 3957 1418 4044 particularis
1438 3961 1494 4026 in-
1576 3953 1583 3962 ’

175 4062 316 4151 scriptio
345 4058 549 4148 pronomine
578 4055 847 4121 demonstrativo
876 4057 1107 4126 introducitur
1136 4083 1143 4128 :
1175 4061 1236 4127 lroc
1262 4063 1383 4148 Irrrlae;
1408 4065 1494 4154 quia

176 4190 256 4233 vero
279 4164 430 4254 reliquae
451 4185 570 4228 ornnes
592 4184 612 4227 a
635 4184 714 4228 voce
735 4160 826 4226 (linit
843 4162 1037 4247 ordiuntur,
1053 4166 1172 4232 eadem
1192 4191 1253 4234 voa·
1279 4171 1381 4236 etiam
1406 4172 1442 4238 b.
1466 4173 1490 4240 I.

175 4272 393 4340 adscribitur.
410 4275 477 4335 IIoc
504 4269 610 4355 igitur
634 4268 779 4334 iucisum
803 4290 872 4334 non
894 4275 943 4335 est
962 4272 1124 4337 carminis
1147 4296 1238 4363 pars.
1258 4303 1274 4336 a
1301 4275 1405 4360 ilarii,
1424 4280 1493 4344 Do-

175 4379 405 4460 reciperarent
419 4375 524 4442 Iudor
543 4408 571 4442 ».
592 4375 788 4464 Emplratice
798 4397 932 4442 rursum
947 4377 1003 4465 (cl.
1022 4400 1049 4444 v.
1068 4384 1098 4465 ᾖ)
1114 4402 1240 4448 nomen
1254 4380 1356 4448 Iolzre
1371 4383 1494 4452 scribi-

174 4495 240 4569 tur,
259 4485 318 4577 qui
331 4484 374 4552 ad
393 4489 461 4550 tam
478 4483 601 4549 celsam
620 4481 823 4568 dignitatem
838 4482 908 4549 iam
924 4506 985 4572 per
1001 4485 1232 4574 patriarcham
1253 4489 1351 4555 Iacob
1370 4489 1492 4559 Iudam

174 4599 379 4662 vocaverat:
398 4588 499 4657 debet
525 4610 605 4655 sane
630 4586 763 4672 crrdr're,
782 4590 841 4678 qui
860 4588 954 4655 idem
973 4591 1118 4659 vocavit.
1138 4622 1153 4653 a
1179 4594 1222 4658 Et
1248 4593 1297 4660 ad
1316 4597 1492 4685 poprrlron

174 4726 272 4769 arrum
292 4697 449 4767 introduc
465 4720 540 4763 turm
565 4724 595 4767 a,
615 4697 713 4762 Hebe.
736 4697 816 4784 :sac
832 4719 907 4763 erim
930 4698 1054 4765 ronne.
1073 4699 1162 4766 Edici
1183 4705 1279 4789 {tutat
1297 4701 1433 4783 clarat,
1454 4714 1492 4774 ut
