3366 5346
255 299 313 356 350
640 310 717 352 iera
741 311 874 354 carrusa
895 309 958 352 nim
985 309 1211 353 circuncisis.

253 431 315 508 prbe·
334 448 498 499 vertendum
516 449 567 496 crit
584 457 590 494 :
608 447 754 498 Beniamin
775 449 916 509 requiescet
934 449 1010 496 iuria
1030 447 1115 497 iahvc
1134 444 1226 512 (inti,
1243 459 1306 497 cum
1326 447 1448 508 nequeat
1466 447 1571 496 Benia-

254 541 311 588 min
327 539 432 587 adstrui
446 537 621 598 requiescere
636 549 716 600 snper
726 537 821 588 taline.
836 537 889 586 Ubi
903 537 1030 601 apposite
1041 536 1085 585 Dr.
1101 549 1106 584 ι
1121 552 1132 582 r
1147 534 1331 586 Considerate
1347 535 1500 598 multiplici
1514 548 1573 585 usu

254 627 469 691 praepositionis
488 605 525 681 57
543 623 578 674 ad
597 622 810 687 significandum
830 627 915 685 iuxta,
931 624 1043 688 sortasse
1063 638 1115 672 non
1141 624 1191 672 crit
1216 624 1368 685 nepomium
1388 602 1425 682 'm
1441 627 1499 705 prb
1515 624 1572 672 hac

255 713 457 778 significatione
478 712 560 762 scribi
580 726 669 776 possm
686 720 778 763 tamen
793 695 830 772 Litt
845 727 930 763 sensu
950 715 1026 762 iuria
1045 726 1109 762 raro
1125 712 1256 761 scribitur
1275 711 1309 761 de
1330 714 1467 775 personis,
1485 724 1572 774 prae·

255 811 380 867 tcrquam
404 814 467 851 cnm
481 801 574 851 verbis
592 807 658 860 'imi
675 805 702 853 ei
721 809 788 862 222,
805 815 877 866 quae
892 802 977 851 verba
1000 801 1235 864 significationem
1259 801 1394 849 eruincmii
1422 798 1458 863 (to
1482 799 1570 850 stand

254 890 330 953 over)
344 890 501 949 includunt;
518 903 663 952 riunquam
677 903 744 941 vcro
758 903 820 941 cum
837 896 894 971 pp·
909 896 936 940 et
949 897 1008 946 :iuti
1027 907 1049 944 r,
1067 917 1102 926 —
1120 890 1151 940 Si
1171 896 1234 971 ἾΞΠ
1252 891 1288 939 sit
1302 888 1367 938 iere·
1378 901 1570 952 synonymum

254 980 331 1030 verbi
351 985 421 1063 pat,
437 979 555 1028 eandem
574 977 766 1030 difficultatem
780 981 884 1042 patitur
906 980 1076 1029 constructio
1090 959 1127 1037 ''tlt
1144 985 1219 1060 ἺΞΠ.
1242 979 1272 1028 si
1291 991 1357 1028 vero
1379 979 1405 1027 ei
1426 983 1571 1041 competat

255 1068 423 1132 significatio
438 1067 680 1132 circumplectendi,
698 1081 781 1131 qumn
797 1081 812 1118 e
827 1070 924 1131 lingua
937 1069 1013 1118 arab.
1031 1067 1116 1118 radici
1132 1067 1284 1126 vindicant,
1302 1080 1358 1116 non
1375 1068 1475 1128 poterit
1490 1066 1569 1116 Ben-

254 1159 339 1207 iamin
354 1156 487 1207 affirmari
499 1157 679 1221 circumplecti
699 1159 775 1206 iacto
791 1159 905 1216 iahven,
924 1171 1014 1220 neque
1032 1157 1139 1207 Iahven
1154 1157 1295 1205 eruincndo
1314 1155 1501 1220 superillitum,
1518 1154 1569 1205 sed

255 1245 416 1296 mutantium
436 1248 487 1296 erit
508 1246 662 1296 subiectum
682 1251 767 1310 atque
790 1245 883 1296 suiiixi
903 1247 1024 1296 relatio:
1045 1246 1161 1296 habebis
1182 1246 1268 1295 iahve
1293 1245 1568 1307 circumplectentem

256 1337 449 1386 Beniaminum
462 1336 626 1397 protectoris
641 1336 738 1384 instar.
748 1362 783 1370 -
792 1335 878 1385 Iabre
889 1341 965 1385 certe
979 1337 1031 1385 crit
1042 1336 1133 1398 cprarti
1148 1335 1230 1384 sticlii
1246 1333 1410 1393 subiectum,
1422 1331 1569 1382 suiiixnm-

254 1437 308 1488 qne
323 1423 458 1474 releretur
473 1423 507 1473 ad
519 1425 665 1473 Beniamin
683 1437 688 1471 :
706 1437 763 1472 non
778 1424 852 1473 enim
867 1424 935 1486 tingi
948 1427 1040 1485 potest
1054 1424 1197 1472 Beniamin
1213 1424 1372 1484 requiescere
1390 1423 1461 1470 inter
1473 1422 1568 1469 brunic-

254 1527 297 1561 νος
307 1513 397 1569 latter,
410 1530 420 1559 r
434 1525 506 1576 quae
518 1514 663 1574 estimago
678 1515 773 1576 inepta
787 1513 958 1576 minimeque
974 1513 1145 1562 concordans
1159 1511 1337 1575 praecedenti
1352 1511 1441 1560 sticho
1458 1526 1469 1557 ι
1487 1507 1567 1574 (lin).

255 1602 295 1652 ile
312 1601 362 1650 Ex.
381 1601 451 1663 le,i;
468 1602 550 1650 Dent.
569 1600 646 1659 sati
664 1615 690 1650 v.
708 1606 820 1650 nostros
834 1603 1060 1651 commentarios.
1079 1601 1116 1650 Is.
1136 1600 1196 1661 lui
1212 1602 1305 1663 portat
1320 1599 1407 1649 labro
1422 1598 1568 1655 lsraelem,

254 1690 302 1740 sed
318 1702 495 1752 nequaquam
508 1702 592 1751 super
608 1690 748 1738 humeros.
766 1690 905 1739 Dicencius
921 1702 988 1751 ergo
1004 1691 1055 1740 erit
1076 1691 1156 1738 inin-e
1172 1689 1335 1750 requiescere
1354 1690 1425 1736 inter
1445 1689 1570 1737 iturucror

255 1778 405 1826 Beniamin.
423 1776 478 1827 Ubi
492 1783 618 1838 monent,
630 1779 761 1827 humeros
781 1778 835 1827 dici
855 1780 940 1828 etiarn
959 1779 1048 1828 latera
1066 1780 1212 1835 ruentium,
1232 1777 1416 1827 demonstrari
1432 1772 1568 1838 templum

254 1865 405 1929 aliquando
420 1868 493 1916 intra
511 1865 582 1916 linos
598 1866 745 1916 Beniamin
760 1867 789 1915 in
807 1870 902 1918 moute
922 1868 990 1916 Bion
1010 1866 1220 1917 exstruendum.
1237 1866 1342 1916 Verum
1359 1865 1440 1914 Dent.
1461 1863 1493 1913 3³
1511 1876 1570 1913 non

255 1955 338 2004 tradit
360 1966 447 2004 novas
469 1955 640 2018 prophetiae,
658 1967 749 2018 neque
767 1955 942 2018 prophetiam
964 1956 998 2005 de
1022 1957 1136 2018 templo.
1159 1955 1298 2018 i’erqunm
1319 1954 1387 2003 dure
1412 1952 1571 2002 ailirmaiur

255 2043 341 2093 iahre
355 2045 498 2107 quiescere
514 2046 542 2092 iu
561 2044 685 2094 humeris
705 2044 851 2094 Beniamin
875 2045 1064 2107 metaphorica
1087 2043 1245 2105 intellectis,
1261 2042 1328 2093 dum
1349 2042 1432 2092 modo
1454 2041 1570 2092 diceba-

255 2137 299 2181 tur
312 2133 463 2183 Beniamin*
471 2134 615 2196 quiescere
627 2134 706 2182 iuxta
721 2133 806 2183 lalrve
821 2147 906 2184 sensu
922 2134 1006 2196 plano
1021 2133 1113 2182 locali.

300 2314 408 2400 lgilur
433 2316 582 2402 primam
605 2336 724 2380 vocem
752 2319 846 2380 Sum.
874 2315 998 2382 dividit
1022 2317 1057 2380 in
1082 2315 1167 2381 diras
1192 2335 1199 2381 :
1225 2330 1294 2378 nint
1314 2330 1343 2376 'rr
1368 2327 1409 2384 ti,
1430 2336 1567 2399 utentia,

254 2441 377 2484 incurius
399 2418 512 2499 inlice,
531 2419 624 2507 quod
639 2419 717 2486 ideo
742 2421 845 2486 etiam
866 2420 1076 2487 commodius
1093 2421 1241 2502 videtur,
1263 2420 1353 2509 quod
1375 2421 1571 2506 generatim

256 2525 383 2610 singuli
395 2526 494 2592 stichi
510 2525 585 2614 plus
603 2526 735 2593 duabus
748 2526 889 2594 vocibus
902 2534 1067 2594 constent.
1089 2528 1197 2612 igitur
1216 2527 1395 2593 Beniamin
1410 2532 1459 2592 est
1470 2526 1569 2615 fitius·

256 2632 414 2698 decternc
442 2654 500 2698 seu
516 2632 613 2721 lilius·
637 2655 760 2699 runicus
779 2633 938 2700 dexterae
958 2635 1010 2721 (ci.
1041 2638 1121 2700 Gen.
1144 2639 1262 2713 35‚18;
1290 2640 1341 2701 Ps.
1362 2633 1569 2723 79[80],18).

227 2825 230 2831 ,
256 2741 379 2805 diarius
392 2760 496 2827 porro
511 2739 674 2806 translata
689 2739 941 2825 significatione
961 2741 1121 2829 exprimit
1136 2740 1253 2821 robur,
1276 2738 1454 2817 auxilium,
1472 2760 1572 2805 exer·

257 2846 372 2911 citum.
394 2849 520 2932 itioyses
542 2868 572 2910 v.
596 2852 636 2910 lt
657 2847 831 2912 contuitus
852 2868 968 2911 coram
990 2868 1024 2911 se
1039 2845 1228 2912 Beniamini
1243 2852 1351 2912 castra
1375 2845 1570 2912 exclamat:

256 2953 393 3032 dianus,
417 2990 460 2999 -
481 2951 504 3016 i,
529 2974 559 3017 e.
583 2973 682 3017 verus
701 2951 893 3031 Beniamin,
916 2975 1038 3019 manus
1054 2975 1127 3020 mea
1146 2952 1286 3019 dextera
1302 2953 1337 3018 in
1361 2952 1465 3019 rebus
1481 2951 1575 3018 dini-

257 3057 409 3137 eiliimis;
427 3057 508 3123 dein
527 3058 638 3123 eidem
662 3057 807 3144 imagini
832 3062 1050 3125 conformans
1073 3065 1179 3125 totam
1197 3058 1471 3126 benedictionem
1491 3081 1574 3147 per-

257 3163 332 3248 git:
351 3185 473 3227 titanus·
492 3162 593 3228 Iuliae
618 3165 808 3251 requiescat
825 3187 926 3252 super
951 3166 1061 3253 ipsum
1080 3188 1207 3245 ccciccc,
1230 3164 1430 3254 impendens
1452 3164 1485 3230 ei
1500 3176 1576 3232 tota

258 3267 329 3351 ulie,
358 3267 444 3333 inter
467 3267 623 3335 brcmcros
645 3269 718 3335 circs
746 3269 911 3359 qm'cscnt.
937 3270 1030 3337 idem
1055 3294 1161 3360 usque
1186 3278 1340 3340 servatur
1364 3271 1573 3338 subiectum.

257 3380 370 3442 lienus
394 3375 546 3441 humeris
567 3375 622 3442 vel
643 3376 734 3442 inter
752 3377 915 3444 humeros
933 3378 1088 3467 appositu
1105 3378 1241 3444 videtur
1256 3401 1325 3445 esse
1338 3378 1473 3464 insigne
1494 3400 1576 3466 pro·

258 3482 424 3548 iectionis.
448 3482 645 3548 Beniamino
675 3483 792 3567 igitur,
817 3484 1009 3572 praemium
1036 3484 1116 3550 fidei
1135 3485 1170 3550 in
1190 3485 1326 3551 deserto
1350 3490 1486 3550 strenua
1502 3506 1577 3550 ser·

259 3594 366 3668 iratae,
382 3594 590 3676 apprecatur
609 3594 735 3676 Moyses
748 3591 869 3656 lahvae
885 3591 1348 3681 protectionem'specialem,
1361 3590 1574 3672 continuam,

258 3701 527 3781 permanentem.
548 3698 674 3761 Tamen
689 3696 796 3762 verba
808 3702 887 3762 sunt
903 3696 1096 3762 benedictio
1108 3705 1256 3779 tautum,
1270 3720 1337 3764 non
1358 3695 1574 3779 vaticinium,

259 3821 370 3888 neque
391 3799 536 3866 liabetur
553 3800 673 3867 allusio
693 3802 736 3869 ad
757 3824 872 3869 arcam
887 3801 1074 3890 aliquando
1092 3803 1184 3870 intra
1199 3805 1284 3871 fines
1298 3803 1477 3870 Beniamin
1491 3802 1578 3868 sub-

259 3906 414 3973 stituram
438 3902 571 3992 (Chalci.
593 3927 600 3972 :
623 3908 665 3972 cl.
688 3909 823 3986 annet).

791 4129 881 4189 Ioseph
899 4145 920 4175 ν.
942 4133 1019 4178 13-17.

584 4309 706 4371 Stroplia
724 4310 750 4359 la
766 4323 772 4358 :
789 4311 925 4360 bonorum
939 4312 1080 4362 aliiuenlia
1096 4325 1122 4362 v.
1144 4312 1251 4362 ts-isa.

261 4448 286 4481 v.
308 4433 337 4483 13
352 4432 501 4483 Benedicta
520 4446 536 4480 a
554 4433 638 4482 latire
658 4435 694 4483 sit
713 4436 788 4484 terra
803 4436 862 4485 eius
880 4447 885 4484 :
903 4436 985 4486 —de
1005 4437 1118 4499 optimis
1137 4436 1199 4486 cccii
1214 4437 1343 4499 desuper.
1365 4463 1400 4472 -
1415 4436 1449 4485 cle
1469 4435 1574 4498 abysso

1146 4526 1254 4575 iacente
1267 4525 1407 4584 deorsum,

260 4643 286 4678 v.
307 4629 335 4678 li
352 4629 386 4678 de
401 4628 513 4691 optimis
527 4626 662 4676 fructibus
679 4628 756 4685 solis,
773 4629 855 4679 -de
870 4631 982 4689 optimis
997 4630 1180 4692 proventibus
1196 4631 1336 4689 lunarum,

259 4731 285 4767 v.
305 4717 497 4767 turrerubea
513 4719 648 4766 montium
666 4718 853 4781 antiquorum,
870 4745 904 4753 -
918 4718 951 4767 cle
967 4721 1079 4781 optimis
1095 4719 1212 4769 collium
1227 4721 1447 4778 aeviternorum,
