3366 5346
659 312 746 355 ocur.
772 296 821 365 7,ίί
843 313 906 364 seo.
1391 303 1447 361 ²231

134 453 210 544 quis
224 450 385 538 gentibus
397 445 535 513 omnino
550 450 600 512 est
613 444 867 532 segregandus3
882 448 924 514 ad
941 447 1054 538 ipsum
1070 454 1178 520 solum
1193 452 1351 543 pertinet,
1367 473 1450 535 ergo

135 557 378 627 removendum
401 552 630 642 corruptionis
650 551 856 641 periculum.
884 575 915 619 r.
944 562 1002 621 6«
1027 560 1116 639 Quin
1137 559 1288 650 populns
1312 570 1449 623 ‚sanctas

135 692 167 733 es
182 664 327 732 Domino
345 665 414 727 Deo
435 672 506 726 tao.
534 661 575 725 Te
592 658 696 748 clepit
716 658 885 724 Dominus
906 664 995 729 Daras
1015 678 1105 753 terres,
1129 680 1166 732 nt
1185 658 1231 732 s'is
1251 666 1284 732 ei
1300 664 1452 754 populus

128 770 317 863 peculiaris
335 798 364 849 »,
378 769 401 834 i.
417 791 448 833 e.
460 768 586 856 portic,
604 795 619 826 e
636 765 678 832 de
691 765 821 831 cerrectis
831 768 983 855 populis,
1002 774 1150 860 quisunt
1162 796 1264 863 super·
1277 785 1401 839 terram
1421 799 1450 839 a.

135 880 181 946 tls.
198 883 253 944 Ex.
271 883 348 953 19,5
362 886 428 964 sq,
446 874 505 941 ubi
520 887 607 963 quse
624 873 698 940 loco
714 884 846 951 antem
862 874 921 944 sed
937 883 1052 944 noster
1065 903 1097 947 v.
1116 888 1136 945 a
1151 880 1358 946 verbotenus
1373 900 1452 943 con·

136 990 231 1054 sonat
252 1006 328 1051 cum
355 986 449 1048 licut.
467 985 557 1060 ilat.
576 981 651 1046 Fuit
672 987 786 1048 autem
802 982 861 1052 ille
883 984 1004 1051 electio
1026 1007 1167 1074 prorsus
1184 986 1348 1073 gratuita,
1365 986 1452 1050 tecta

133 1092 177 1158 ob
202 1091 344 1157 liberam
367 1089 424 1155 Dei
448 1086 664 1153 dilectionem
686 1090 811 1177 Deique
836 1097 1067 1157 iuramentum
1091 1092 1200 1159 libere
1225 1096 1449 1180 susceptum:

132 1223 164 1265 r.
193 1206 211 1263 7
239 1224 255 1259 «
283 1198 361 1264 Non
389 1195 474 1283 quin
500 1206 639 1260 cunctas
666 1209 783 1281 pentes
809 1220 948 1263 rrrrrnero
976 1198 1177 1280 vincebatis,
1193 1198 1286 1264 cobis
1318 1197 1451 1263 iunctus

134 1318 183 1372 est
207 1334 237 1388 a,
259 1301 416 1370 arldaesit
440 1329 455 1361 a
483 1299 648 1367 Dominus
671 1314 704 1367 et
728 1302 830 1392 clepit
856 1326 922 1387 ros,
939 1327 1016 1370 cum
1035 1304 1191 1371 onrrribns
1216 1305 1292 1371 sitis
1310 1302 1450 1393 populis

132 1411 311 1502 peticiones
328 1438 358 1475 n.
376 1407 573 1475 Declaratur
592 1407 696 1474 Israel
716 1410 895 1497 asingulis
911 1411 978 1477 illis
993 1435 1026 1479 v.
1051 1411 1283 1479 lectionibus
1297 1409 1451 1478 numeris

136 1516 303 1607 superari.
324 1520 439 1604 Neque
455 1513 632 1581 assertioni
646 1514 754 1594 obest,
777 1539 833 1583 eos
859 1524 953 1599 1,10;
969 1524 1075 1600 v1022
1099 1517 1265 1585 affirmari
1284 1522 1335 1584 tot
1359 1538 1448 1597 esse,

136 1631 219 1714 quot
237 1622 352 1690 stellas
368 1621 465 1703 coeli,
483 1626 543 1687 eut
562 1627 641 1705 265)
657 1621 824 1689 affirmari
843 1646 913 1690 esse
933 1626 1098 1714 populum
1118 1625 1264 1691 multum
1280 1630 1314 1690 ct
1330 1623 1452 1689 robus-

135 1739 221 1797 tum.
241 1733 331 1795 {Inus
345 1727 492 1818 populus
510 1749 712 1794 numerosus
729 1736 925 1816 potestesse
947 1731 1060 1797 minus
1081 1754 1283 1798 numerosus
1302 1730 1377 1796 aliis
1392 1751 1453 1816 po-

136 1837 227 1926 pulis
241 1833 552 1914 numerosioribus;
567 1833 656 1901 illud
675 1835 718 1901 de
733 1836 838 1903 stellis
855 1837 940 1904 coeli
955 1844 1006 1903 est
1021 1838 1144 1905 decens
1158 1838 1232 1903 veri
1246 1835 1450 1926 superlatio;

136 1947 314 2031 praeterea
335 1947 411 2022 1,10
428 1946 490 2006 etc.
515 1939 676 2006 dicuntur
695 1941 735 2007 de
755 1942 957 2031 aequalibus
975 1944 1092 2031 Moysis
1111 1943 1316 2032 comparatis
1332 1943 1454 2027 exiguo

137 2069 282 2115 numero
308 2068 444 2121 eorum,
465 2046 525 2134 qui
545 2045 589 2111 ad
609 2048 887 2135 patriarcharum
913 2049 1080 2115 familiam
1111 2049 1344 2139 pertinebant.
1374 2070 1408 2113 v.
1434 2053 1454 2113 8

141 2180 156 2214 a
185 2152 255 2219 Sed
281 2152 366 2241 quin
390 2151 511 2219 dileeit
537 2174 593 2217 vos
620 2153 800 2238 Dominus,
822 2167 855 2221 et
882 2155 1066 2223 crestodivit
1095 2156 1339 2237 iuramentum,
1363 2151 1458 2243 qued

138 2259 267 2327 irascit
286 2258 449 2348 patribus
471 2260 598 2341 restris,
619 2256 828 2350 celantique]
851 2284 909 2329 cos
935 2262 970 2327 in
997 2285 1102 2328 nrnnn
1128 2262 1229 2351 sorti,
1252 2274 1285 2328 et
1308 2257 1455 2326 redemit

137 2367 177 2434 de
201 2367 300 2433 eloneo
320 2365 507 2450 seruitutis,
531 2363 572 2431 de
596 2387 703 2461 nterea
724 2366 925 2434 Pharaonis·
937 2368 1028 2457 repis
1051 2369 1203 2458 Aeqppti
1227 2397 1257 2435 a.
1282 2364 1453 2457 Apodosin

138 2473 252 2539 ordire
267 2496 287 2538 a
301 2495 383 2538 voce
408 2471 537 2537 eriserit.
556 2476 622 2537 Hoc
640 2472 754 2562 primo
780 2475 1001 2562 pentateuchi
1023 2482 1116 2542 textu
1140 2477 1334 2541 eflirmatur
1353 2472 1454 2539 lotoe

139 2578 277 2645 dilectio
291 2601 374 2666 erpa
384 2577 556 2667 populum
573 2579 630 2666 (ef.
653 2586 747 2659 7,13;
773 2582 902 2667 10,15);
925 2580 984 2646 sed
999 2603 1115 2646 annon
1134 2604 1174 2646 ee
1191 2580 1386 2645 continetur
1399 2579 1453 2643 di-

138 2686 294 2763 lectione,
312 2706 417 2773 quem
436 2684 536 2749 lahve
552 2683 681 2773 populo
696 2685 863 2773 praecipit
882 2708 964 2771 erga
984 2709 1020 2752 se
1035 2688 1167 2776 ipsumt
1180 2686 1294 2752 ldeem
1310 2684 1364 2750 hic
1383 2685 1454 2772 pri-

139 2813 234 2859 mum
251 2812 442 2879 expressam
457 2789 612 2856 evolvere
630 2792 832 2880 prophetae,
850 2792 1081 2859 describentes
1099 2792 1224 2858 lahvae
1239 2812 1318 2857 cum
1334 2790 1456 2856 lsraelo

139 2898 351 2983 coniugium.
368 2896 496 2963 Debent
512 2895 651 2963 tandem
667 2919 738 2962 esse
754 2898 891 2987 aliquae
912 2897 1024 2977 ideae,
1046 2921 1135 2987 quae
1150 2899 1300 2988 primurn
1322 2898 1358 2961 in
1373 2918 1456 2986 pen-

138 3005 297 3072 tateucho
317 3003 540 3071 enuntientur
557 3008 703 3088 tantum,
720 3011 838 3092 postea
851 3005 895 3070 ab
910 3004 987 3071 aliis
1006 3007 1111 3072 sacris
1126 3003 1351 3094 scriptoribus
1368 3002 1457 3069 evel-

139 3122 272 3179 vantur.
300 3133 332 3177 r.
354 3116 373 3175 9
395 3138 410 3171 α
437 3113 482 3177 Et
508 3109 592 3176 scies
618 3138 648 3193 r,
672 3109 696 3175 i.
714 3132 744 3177 e.
767 3133 786 3176 e
810 3110 907 3177 factis
931 3111 1105 3178 recensitis
1131 3113 1231 3201 plene
1256 3109 1453 3200 perspicies,

143 3248 157 3279 a
173 3220 253 3309 penu
268 3216 433 3283 Dominus
443 3220 533 3283 Dens
546 3228 624 3282 terres
636 3216 708 3305 ipsc
722 3230 771 3284 est
784 3220 873 3285 Dens
885 3217 1034 3304 sortirer
1044 3217 1159 3305 fidelis
1176 3248 1206 3295 »,
1228 3256 1272 3265 —
1286 3239 1376 3306 quae
1387 3222 1456 3282 tres

139 3348 236 3393 voces
251 3324 433 3392 articulum
447 3324 576 3390 habent
591 3345 598 3389 :
616 3346 700 3411 ergo
715 3323 788 3412 ipse
804 3332 852 3390 est
867 3328 955 3391 Dens
972 3325 1105 3407 inacus,
1123 3326 1245 3391 unicus
1259 3324 1364 3412 fortis
1382 3323 1405 3387 i.
1421 3344 1451 3389 e.

140 3432 367 3519 omnipotens,
390 3429 511 3495 unicus
523 3428 650 3517 fidelis,
672 3429 769 3495 cuius
786 3430 1029 3519 promissiones
1043 3432 1237 3497 alisolutam
1257 3433 1456 3494 mereantur

140 3538 255 3603 fidem.
274 3537 459 3625 specialius
473 3558 577 3624 porro
591 3536 797 3601 describitur
813 3537 914 3602 lahve
932 3536 1078 3602 fidelitas
1097 3556 1104 3602 :
1124 3562 1140 3595 «
1163 3534 1354 3600 custodiens
1371 3554 1455 3622 poc-

142 3656 214 3709 lum
237 3654 267 3708 et
291 3640 562 3708 misericordiam
586 3641 810 3730 diliqentibus
834 3664 868 3707 sc
899 3655 931 3708 et
959 3641 1026 3728 nis,
1050 3641 1112 3731 qui
1137 3639 1332 3707 custodiunt
1350 3661 1455 3729 prae·

142 3761 237 3839 repta
252 3750 338 3829 eine,
357 3749 393 3813 in
408 3747 501 3813 mille
516 3749 751 3836 perreraliones
773 3776 802 3814 n.
824 3754 896 3814 Non
912 3747 1042 3815 miseris
1056 3748 1167 3814 solum
1181 3748 1302 3836 iisque,
1320 3746 1381 3836 qui
1394 3746 1455 3811 de-

142 3856 324 3945 liquerint,
353 3854 532 3920 exhibetur
565 3853 815 3935 mirer-icordin,
844 3854 902 3920 sed
930 3854 1077 3921 includit
1107 3876 1147 3921 ea
1180 3856 1263 3919 item
1296 3865 1455 3918 artemam

142 3963 302 4052 pretinm,
319 3960 431 4050 qualis
446 3960 595 4027 habetur
607 3961 697 4026 inter
712 3960 840 4027 amicos
856 3968 889 4027 et
908 3962 1143 4029 necessarios:
1161 3964 1242 4027 Gen.
1259 3965 1378 4040 2t‚t9;
1399 3963 1454 4039 tt,

142 4070 461 4157 ‘29311ancquoquc
480 4066 647 4156 implicite
666 4072 785 4155 pectus
800 4073 874 4133 erat
895 4073 980 4135 Deus
997 4072 1053 4136 Ex.
1076 4074 1154 4150 19‚5
1176 4091 1226 4156 sq.
1243 4070 1312 4133 Una
1337 4066 1457 4133 condi-

144 4179 203 4258 tio,
221 4182 258 4242 ut
283 4178 368 4241 Deus
390 4180 489 4264 pacto
510 4179 586 4256 stet,
612 4174 697 4239 haec
717 4179 766 4239 est
790 4178 828 4240 ut
851 4175 956 4241 lsrael
979 4176 1062 4241 item
1084 4180 1185 4264 pecto
1209 4179 1285 4255 stet,
1303 4174 1455 4261 primum

143 4285 233 4373 pacti
249 4282 449 4348 mandatum
474 4286 584 4347 servet
603 4279 832 4365 dilectionem,
857 4286 891 4347 et
914 4282 1010 4373 hanc·
1026 4281 1246 4348 dilectionem
1269 4302 1372 4369 opere
1395 4279 1456 4345 de-

143 4396 306 4456 monstret
323 4387 552 4454 observatione
575 4386 818 4453 rrrcndaterum
835 4387 891 4477 (cl.
912 4395 968 4468 6,5
987 4387 1069 4476 sq).
1089 4392 1159 4464 Qua
1179 4386 1374 4453 conditione
1394 4385 1454 4449 ob-

146 4502 292 4575 servata,
309 4497 364 4562 Dei
385 4496 419 4561 in
445 4494 607 4561 lsraelem
623 4493 858 4560 misericordie
877 4494 972 4560 nullo
998 4499 1152 4582 ternpore
1168 4492 1302 4560 deliciet
1320 4492 1376 4578 (el.
1395 4495 1451 4555 Ex.

145 4601 249 4690 20,6).
266 4607 293 4668 A
308 4626 376 4691 qua
392 4600 626 4668 misericordia
640 4599 869 4668 exeluduntur
886 4600 939 4667 illi
955 4601 999 4667 de
1012 4601 1141 4691 populo
1158 4601 1277 4671 electo,
1297 4596 1356 4684 qui
1374 4615 1454 4658 con-

147 4716 198 4775 tra
214 4709 338 4775 lahvcn
352 4710 545 4795 insurgunt,
560 4730 630 4774 non
647 4709 671 4773 ii
687 4706 747 4797 qui
766 4707 999 4797 cuiuscunque
1018 4707 1134 4773 delicti
1146 4706 1197 4771 rei
1214 4710 1302 4785 sunt,
1318 4700 1377 4765 scd
1393 4701 1452 4788 qui
