3366 5346
621 302 858 345 nsrsrucrrouss
881 302 998 345 nomm.
1409 290 1466 348 aar

155 444 269 502 divisus,
285 442 380 492 dicens
404 441 476 504 patri
499 439 820 490 st102Nonconsidcro
843 441 894 488 etc.
923 439 1046 488 Zabulon
1068 444 1095 489 et
1121 439 1259 491 issachar.
1277 439 1396 491 tortasse
1420 442 1468 491 ali·

155 532 373 597 quanto-serius,
389 529 547 592 exemplum
569 530 657 578 secuti
672 532 736 577 sunt
754 527 816 576 sulci
843 527 919 576 luda.
940 528 1040 577 Castra
1055 528 1126 586 Dan,
1143 528 1218 592 quod
1234 531 1291 578 tam
1307 532 1405 581 tenues
1426 530 1468 580 ie-

155 625 217 671 rant
242 618 458 677 benedictiones,
484 617 601 667 tortasse
624 619 757 666 exstitere
782 619 904 666 incertae
929 620 957 665 et
980 628 1060 666 serae
1084 615 1159 665 liuor.
1179 617 1234 667 secl
1258 622 1348 668 castra
1371 618 1468 669 lluben

154 708 243 769 Moysi
261 708 339 757 luere
360 709 418 757 tota
438 712 543 770 quanta
564 705 681 755 infensa.
700 706 774 754 Nota
798 706 827 752 in
848 705 968 766 singulis
983 705 1083 754 castris
1099 705 1200 754 tribum
1223 719 1308 756 unam
1322 706 1358 756 ad
1377 707 1468 757 locum

154 794 365 859 praecedentiae
379 795 467 844 veluti
482 795 640 859 promoveri
658 807 664 841 :
682 796 709 842 in
725 795 823 843 eastris
836 788 906 843 luda
922 794 979 843 iam
995 793 1119 843 Zabulon
1134 794 1273 844 antecedit
1289 795 1426 856 issachar,
1440 796 1469 844 in

154 886 253 934 castris
273 884 406 947 Ephraim
426 884 573 933 Beniamin
589 882 729 933 antecedit
750 882 912 931 universum
933 881 1045 945 ioseph,
1063 884 1090 930 in
1112 885 1210 932 castris
1231 883 1292 932 Dan
1317 883 1469 947 Nephtlrali
1515 944 1528 961 ·

152 972 292 1023 antecedit
317 975 394 1022 Aser.
413 972 514 1022 Domui
534 972 634 1035 loseph
650 972 788 1035 praemitti
815 972 843 1019 in
867 971 1107 1020 benedictionibus
1131 984 1179 1020 eas
1202 971 1288 1020 tribus
1312 973 1379 1032 tres,
1396 985 1469 1035 quae

153 1065 217 1126 post
232 1063 410 1111 Salomonem
431 1061 548 1111 eilecere
567 1073 686 1122 regnum
706 1058 967 1117 luda,lraud1avet
989 1061 1166 1110 «coniecturae
1186 1062 1374 1110 recentiorum
1397 1073 1469 1124 que·
1548 1060 1551 1065 '

152 1151 290 1209 rumdam,
306 1149 514 1200 benedictiones
529 1149 619 1199 editas
635 1162 697 1198 esse
712 1149 746 1198 ab
762 1156 877 1198 auctore
892 1149 987 1211 aliquo
1002 1149 1081 1211 regni
1098 1147 1185 1198 lsrael
1202 1149 1303 1198 incola.

190 1238 360 1301 interpretes
378 1239 435 1298 alii,
457 1238 542 1287 etiam
562 1239 619 1296 Dr„
635 1238 798 1300 ignorantes
818 1240 880 1286 acta
900 1236 1063 1312 cadeq'ana,
1086 1236 1208 1286 indolem
1227 1238 1315 1287 nostrl
1335 1238 1469 1287 carminis

155 1327 269 1377 minime
287 1331 353 1377 sunt
369 1328 500 1376 assecuti.
519 1343 530 1373 ι
552 1326 781 1376 benedictionum
799 1342 822 1386 i,
839 1328 929 1388 inquit
945 1328 1001 1385 Dr„
1023 1342 1033 1371 ι
1051 1327 1134 1375 laesi
1154 1338 1256 1388 scopus
1276 1326 1400 1377 indicare
1415 1326 1467 1376 ali·

155 1427 220 1479 qua,
241 1428 313 1478 quae
327 1416 463 1479 cuiusque
478 1415 567 1464 tribus
586 1415 708 1465 indolem
728 1418 897 1478 spectarent,
917 1414 1020 1473 studia,
1036 1413 1116 1469 lines,
1134 1417 1285 1477 essentque
1305 1417 1365 1465 eius
1382 1415 1469 1464 tribus

155 1505 276 1553 maxime
294 1506 407 1567 propria
414 1517 421 1564 ;
437 1505 574 1566 imprimis
593 1503 758 1554 adumbrare
776 1506 837 1553 eius
858 1504 945 1553 tribus
964 1505 992 1552 in
1012 1504 1166 1552 theocratia
1186 1503 1292 1563 locum;
1310 1504 1378 1554 item
1392 1504 1467 1553 celc—
1528 1540 1532 1549 .

154 1591 236 1641 brace
251 1593 466 1655 prosperitatem
482 1596 538 1641 tam
558 1591 731 1642 materialem
755 1606 839 1654 quam
863 1592 1037 1660 spiritualem
1063 1593 1147 1641 totius
1169 1593 1271 1654 gentis,
1288 1605 1305 1640 a
1329 1591 1414 1641 lahve
1441 1594 1469 1639 in

155 1679 267 1732 deserto
280 1680 440 1730 inchoatam
457 1684 483 1730 et
502 1682 529 1728 in
545 1679 747 1730 chanaanitide
765 1687 875 1730 auctam
890 1661 1029 1730 constanti
1048 1693 1098 1729 sua
1116 1681 1286 1743 protectione
1302 1694 1326 1728 r.
1344 1679 1420 1730 llaec
1436 1679 1469 1729 u-

155 1781 219 1817 nem
233 1771 363 1818 carminis
377 1769 536 1818 describunt
556 1781 690 1831 perquam
710 1771 870 1820 inaccurate
892 1782 898 1816 ε
919 1783 958 1819 sc.
976 1769 1035 1829 Dr,
1053 1771 1261 1819 antecessorum
1276 1782 1391 1819 suorum
1407 1781 1468 1818 res·

156 1858 223 1919 tigia
243 1864 363 1918 secutus,
384 1858 593 1908 benedictiones
614 1857 842 1907 transformatur
863 1859 1039 1920 prophetias,
1057 1863 1085 1906 et
1106 1862 1231 1907 actorum
1256 1858 1469 1906 caclesianoruni

155 1945 190 1994 ad
205 1958 317 1996 carmen
332 1947 469 2001 rationem
484 1948 529 1994 vix
545 1961 600 1997 non
615 1949 726 2009 penitus
742 1949 862 2008 ignorat.

200 2143 232 2204 3.
262 2134 540 2203 Benedictionum
565 2149 687 2203 auctor
710 2137 806 2203 novit
832 2136 1009 2203 historiam
1037 2137 1225 2225 apostasiae
1252 2135 1467 2209 cadesianae,

156 2248 306 2310 versatus
338 2248 411 2310 erat
436 2244 470 2309 in
497 2243 647 2332 antiquis
671 2242 820 2310 historiis
843 2243 989 2324 israelis,
1016 2249 1204 2332 antequam
1230 2265 1269 2309 ex
1295 2241 1365 2308 iliis
1392 2248 1468 2308 acta

155 2348 335 2416 cadesiana
345 2348 660 2437 exciderenturidN
669 2372 703 2438 p.
718 2354 782 2415 213
793 2369 882 2437 sqq.;
898 2370 930 2414 v.
943 2371 969 2416 s.
986 2371 1021 2438 p.
1035 2354 1098 2414 166
1109 2348 1200 2438 sqq.)
1215 2348 1469 2438 :proiectonon

155 2461 202 2520 est
219 2455 333 2544 priore
348 2460 445 2543 parte
460 2455 536 2521 aeri
553 2477 673 2539 regum
691 2456 870 2521 recentior.
893 2458 973 2544 Cap.
995 2461 1035 2520 33
1051 2454 1099 2521 ita
1114 2454 1205 2521 inter
1220 2477 1295 2543 cap.
1315 2460 1358 2520 33
1374 2459 1408 2519 et
1426 2460 1467 2521 3i

156 2560 348 2639 intercedit,
366 2567 416 2638 ut,
442 2563 470 2626 si
490 2560 644 2639 tollatur,
673 2561 855 2626 continuus
878 2567 993 2649 tamen
1014 2566 1151 2626 maneat
1172 2582 1292 2626 eorum
1316 2560 1467 2649 capitum

157 2670 349 2733 contextus:
366 2666 401 2731 id
416 2666 445 2731 si
463 2688 568 2732 unum
584 2665 832 2756 perpendatur,
843 2688 911 2732 non
927 2668 1044 2755 utique
1061 2671 1266 2752 argumento
1278 2671 1326 2733 est
1339 2687 1414 2755 cap.
1427 2673 1468 2731 33

157 2772 317 2861 primitus
341 2773 412 2839 eius
436 2772 640 2840 narrationis
669 2771 771 2839 fuisse
793 2778 943 2860 partem;
971 2777 1007 2839 at
1031 2794 1142 2862 neque
1173 2779 1380 2858 argumento
1405 2779 1465 2853 est,

156 2879 257 2945 tuisse
269 2878 427 2968 primitus
438 2878 484 2945 ab
499 2902 539 2945 eo
555 2885 712 2944 contestu
731 2879 899 2960 alienum3
918 2878 1014 2944 nulla
1030 2880 1159 2969 quippe
1170 2879 1467 2958 'cernitursuturm

156 2983 271 3052 nullus
295 2985 418 3051 hiatus
449 2985 482 3051 si
506 2985 761 3051 benedictiones
787 2984 946 3075 primitus
970 2992 1069 3052 erant
1093 2985 1285 3053 narrationi
1308 2987 1465 3066 insertae,

157 3113 276 3157 earum
301 3092 459 3180 proprius
485 3092 578 3158 loeus
602 3098 676 3158 erat
704 3097 779 3180 post
805 3091 961 3159 divinum
989 3091 1189 3159 mandatum
1215 3090 1469 3158 conscendendi

158 3197 281 3264 montis
302 3203 465 3278 :iata-52
489 3204 522 3264 et
546 3203 626 3265 ante
652 3200 778 3265 montis
800 3220 977 3264 ascensum
1000 3220 1074 3287 cap.
1101 3203 1155 3264 3t.
1180 3197 1233 3266 Uti
1255 3198 1323 3265 alia
1348 3203 1468 3287 penta-

158 3304 271 3370 teuchi
292 3304 497 3369 documenta
516 3307 666 3392 poetica,
686 3306 732 3371 ita
749 3305 850 3370 etiam
872 3328 946 3392 cap.
966 3311 1006 3369 33
1029 3327 1099 3369 esse
1119 3304 1250 3392 reliqua
1271 3307 1467 3370 narratione

158 3409 348 3497 antiquiuS,
364 3410 463 3474 facile
483 3412 676 3475 concedunt
693 3411 796 3475 etiam
817 3410 938 3475 critici.
956 3415 1075 3474 'l'extus
1096 3431 1163 3474 non
1178 3408 1295 3496 prodit
1314 3409 1467 3475 studium

159 3514 326 3581 reddendi
352 3516 460 3599 magis
484 3515 682 3604 perspicuos
710 3515 932 3594 archaismos;
960 3521 1039 3604 sunt
1062 3514 1164 3602 plura
1194 3517 1272 3594 ἅπαξ
1297 3521 1464 3600 λεγόμενα,

158 3620 380 3687 obscuritates
407 3620 532 3708 plnres.
561 3622 683 3707 Fingat
705 3622 846 3710 aliquis,
870 3621 961 3687 hunc
981 3626 1128 3699 textum,
1151 3620 1211 3710 qni
1232 3621 1385 3707 elogium
1409 3621 1467 3687 ha·
1528 3704 1531 3711 Ι

159 3727 254 3793 beret
281 3727 401 3815 loseph
429 3727 594 3793 illustrius
625 3726 741 3813 elogio
773 3727 873 3805 luda,
906 3726 1043 3793 desiisse
1075 3727 1230 3816 praelegi
1263 3727 1319 3793 vel
1345 3727 1468 3794 decan·
1533 3746 1539 3759 ‘

159 3833 239 3915 lari,
258 3838 439 3922 postquam
454 3833 578 3899 domus
600 3834 719 3921 loseph
741 3856 883 3919 aragne
904 3833 1153 3915 ludaseeessit;
1172 3835 1311 3899 tandem
1328 3833 1392 3899 hoc
1409 3834 1467 3899 do-

158 3946 372 4019 cumentum,
395 3940 488 4027 quod
514 3962 591 4005 vere
620 3940 804 4006 mosaicum
831 3947 933 4018 essct,
960 3940 996 4005 in
1021 3942 1288 4028 pentateuchum
1316 3960 1386 4004 esse
1411 3961 1465 4005 re-

158 4053 307 4136 ceptum.
336 4052 460 4111 Tamen
486 4046 521 4111 id
546 4045 618 4134 ipse
642 4069 711 4112 non
730 4047 883 4119 affirmo,
907 4046 1000 4134 quod
1023 4045 1172 4115 certiora
1190 4048 1238 4112 rei
1261 4050 1466 4131 argumenta
1490 4083 1494 4091 =

157 4176 227 4220 non
249 4152 396 4219 videam.

200 4258 444 4345 Distinguenda
473 4281 576 4347 porro
602 4268 681 4327 suat
703 4283 778 4351 cap.
804 4267 845 4327 33
866 4283 1002 4326 carmen
1022 4262 1133 4349 ipsum
1155 4259 1273 4326 stichis
1294 4259 1465 4346 digestum

158 4372 192 4432 ct
206 4365 441 4432 additamenta
456 4365 611 4455 prosaica
628 4386 635 4432 ε
652 4391 683 4433 ν.
700 4374 715 4431 1
734 4375 776 4448 et,
795 4391 882 4456 quae
898 4367 1042 4453 singulis
1054 4366 1352 4434 benedictionibus
1367 4386 1466 4454 prae-

157 4472 324 4556 figuntur,
343 4473 481 4538 notulae
495 4472 527 4562 (c
550 4473 627 4540 Levi
640 4497 776 4563 quoque
791 4477 837 4540 ait
856 4504 889 4555 »,
907 4476 999 4561 cta).
1023 4475 1143 4563 Utique
1156 4474 1239 4540 haee
1254 4478 1379 4558 lloyses
1396 4492 1467 4536 non

157 4580 402 4665 pronuntiavit,
425 4578 505 4645 dum
532 4578 690 4646 tribubus
718 4580 961 4659 benedicebat,
980 4580 1039 4647 sed
1061 4580 1156 4646 vultu
1172 4581 1217 4646 ad
1237 4577 1389 4661 singulas
1404 4576 1466 4642 tri-

157 4683 221 4750 bus
236 4706 400 4751 converso
416 4685 470 4751 vel
481 4686 619 4751 nomine
632 4687 864 4776 pronuntiato,
883 4687 1135 4766 manifestabat,
1150 4686 1192 4751 de
1208 4705 1357 4774 quanam
1372 4683 1466 4750 tribu
