3366 5346
188 275 246 332 tiiti
432 318 435 324 .
557 289 635 332 Acri
659 287 790 331 i‘triittt'
813 286 874 330 min
898 285 992 329 viris
1015 285 1127 329 uersis.

187 423 269 490 luda
288 420 428 488 adiutor
445 400 564 512 po'puli
578 422 630 488 sui
652 420 693 486 de
713 419 863 486 inimicis
881 419 964 499 eius,
981 416 1165 504 insignitus
1183 423 1315 506 sceptro
1332 417 1386 483 illi
1403 441 1425 485 a
1446 441 1514 508 pa-

187 529 337 597 triarcba
353 528 451 594 lacob
469 526 724 618 praenuntiato;
743 549 814 607 seu,
838 525 928 616 quod
947 525 982 591 in
998 524 1089 591 idem
1111 523 1256 590 recidit:
1274 523 1358 613 quio
1379 546 1513 593 titanus

186 637 259 703 cius
281 635 453 725 prrqnaait
479 656 542 723 pro
570 658 621 718 eo,
640 633 715 699 ideo
738 646 799 699 etc.
830 637 987 711 Quaeres
1013 630 1154 696 ubinam
1183 629 1264 696 luda
1292 632 1512 720 pugnaverit

185 765 248 832 pro
271 742 397 831 populo
414 761 421 806 τ
439 763 552 808 annon
572 741 608 806 id
632 739 802 830 praestitit
823 740 857 804 in
876 759 1002 825 inagna
1022 737 1083 804 illa
1102 737 1139 803 in
1158 737 1291 803 deserto
1316 738 1507 827 apostasia,

185 849 322 938 quando
337 849 422 915 duce
442 847 567 915 calebo
588 847 736 913 fideliter
750 843 904 912 adhaesit
925 844 1026 931 lloysi
1041 849 1074 910 et
1095 843 1197 909 lahve
1218 843 1276 931 (ef.
1293 848 1345 910 CN
1372 868 1410 934 p.
1438 850 1509 912 206

183 958 385 1044 sq.)‘?Ergo,
405 955 491 1022 sicui
509 978 541 1021 v.
559 961 579 1021 8
595 975 669 1043 sqq.
690 958 831 1042 propter
846 951 1046 1017 fidelitatem
1067 951 1104 1016 in
1126 971 1166 1016 ea
1188 949 1359 1040 apostasia
1381 949 1509 1019 lauda-

182 1069 239 1130 tur
256 1062 345 1140 Levi,
368 1061 415 1128 ita
435 1084 467 1129 v.
486 1070 505 1126 7
523 1061 566 1127 ob
587 1059 732 1127 similem
753 1058 856 1124 fidem
875 1057 1034 1125 laudetur
1055 1056 1151 1123 luda.

752 1291 810 1337 Levi
828 1305 851 1337 v,
869 1292 930 1338 8-11.

414 1455 536 1519 Stropba
554 1456 580 1504 1⁵·
598 1468 604 1504 ε
622 1455 700 1506 Uritn
716 1462 743 1503 ct
758 1454 916 1503 'l'lunnrnim
930 1452 1054 1502 creditur
1067 1452 1136 1502 Levi
1150 1465 1178 1500 v.
1193 1451 1262 1500 itti.

181 1593 206 1627 v.
226 1578 412 1628 8Tbumtnim
427 1582 455 1629 ct
476 1578 555 1629 Urim
580 1584 656 1628 tuum
677 1579 738 1626 viro
760 1576 864 1626 luroris
886 1578 934 1636 tui,
951 1603 987 1612 —
1005 1589 1088 1640 quem
1112 1575 1236 1639 probasti
1255 1575 1329 1638 apud
1345 1575 1453 1638 Massa,
1470 1604 1507 1612 —

679 1678 798 1728 proquo
813 1666 982 1714 sententiam
998 1665 1087 1714 tulisti
1102 1664 1176 1728 apud
1191 1664 1234 1714 itte
1249 1663 1375 1714 Meribab
1384 1678 1391 1723 ;

181 1795 207 1830 v.
225 1785 239 1832 tr
261 1785 307 1846 qui
330 1782 400 1832 dixit
419 1782 491 1844 patri
508 1794 560 1830 suo
579 1786 606 1832 ct
625 1782 707 1830 matri
725 1792 792 1830 suae
810 1795 816 1827 :
833 1785 894 1830 Non
909 1779 1066 1835 considero,
1082 1805 1118 1816 -
1134 1787 1161 1830 et
1181 1779 1281 1830 iratres
1296 1792 1364 1830 suos
1380 1794 1440 1830 non
1456 1793 1504 1831 re·

678 1870 778 1933 spexit,
796 1877 870 1919 -ct
886 1868 958 1918 iiiios
973 1881 1038 1918 suos
1054 1870 1180 1919 nescivit.

466 1995 585 2057 Strophai
601 1994 630 2044 tr
648 2007 653 2041 :
671 1992 771 2042 liunus
786 1992 904 2043 docendi
920 1998 947 2042 et
958 1992 993 2042 ad
1009 1994 1096 2043 altare
1111 1994 1210 2043 litandi

662 2082 796 2132 creditum
810 2082 878 2131 Levi
892 2094 922 2157 v,
938 2078 1025 2131 Μ).

267 2210 340 2268 Quia
353 2207 544 2258 custodierunt
556 2208 698 2270 eloquium
714 2210 792 2255 tumn
807 2233 842 2241 -
857 2212 884 2255 ct
900 2205 998 2255 ioedus
1013 2208 1091 2255 tuum
1105 2211 1298 2265 servaverunt,

180 2310 205 2346 v.
227 2296 256 2346 10
272 2296 412 2345 docebunt
432 2296 536 2344 iudicia
557 2299 605 2343 tua
621 2295 753 2344 Iacobum
768 2300 844 2342 -et
865 2295 975 2343 tlroram
995 2300 1071 2343 tuam
1091 2295 1233 2353 Israelem,

267 2385 428 2447 ponentque
443 2384 597 2445 tbymiama
610 2383 637 2430 in
652 2395 735 2431 nares
750 2387 862 2431 tuas-
877 2388 905 2431 ct
919 2382 1114 2432 holocaustum
1128 2396 1212 2447 super
1227 2384 1316 2434 altare
1332 2388 1423 2438 tuum.

464 2507 586 2570 Stroplia
601 2506 629 2556 3«
648 2520 653 2555 :
672 2506 835 2557 Benedictio
850 2518 901 2569 pro
915 2505 982 2556 Levi
997 2513 1113 2569 rogatur
1125 2520 1151 2556 v.
1172 2507 1212 2557 ii.

178 2646 203 2680 v.
225 2633 253 2682 tt
272 2632 403 2691 Benedic,
422 2632 516 2690 Ialrvc,
535 2630 602 2681 Levi
620 2633 782 2694 —etopus
801 2643 935 2680 manuum
950 2632 1011 2680 eius
1028 2632 1172 2693 acceptum
1195 2632 1283 2691 habc;

267 2724 381 2786 percute
397 2721 509 2771 dorsum
524 2721 730 2783 assurgentium
747 2721 774 2767 in
790 2731 853 2768 eum
869 2747 903 2754 —
918 2726 945 2769 ct
960 2732 1057 2769 osores
1076 2721 1137 2769 cius
1153 2721 1201 2779 ita,
1219 2726 1249 2770 ut
1263 2733 1319 2771 non
1332 2732 1496 2786 resurgant.

221 2899 306 2985 Arq.
334 2895 477 2961 —Levi
501 2893 594 2982 apud
626 2898 737 2980 Aquas
763 2891 1065 2973 contradictionis,
1085 2893 1280 2982 postpositis
1309 2896 1497 2964 carissimis

178 3004 383 3091 quibusque,
401 3001 501 3067 lahve
521 3005 555 3065 et
574 2998 677 3085 lloysi
697 2998 799 3065 iidem
823 2998 970 3065 servavit
994 2999 1070 3065 :illi
1095 2999 1201 3086 igitur
1227 3000 1378 3068 creditur
1400 3004 1495 3071 Urim

178 3116 210 3174 et
234 3109 439 3187 Tbummim,
458 3114 581 3171 munus
608 3105 753 3170 docendi
775 3104 947 3192 sacrisque
972 3105 1105 3171 litandi.
1126 3111 1309 3196 Exoptatur
1335 3109 1366 3173 ei
1389 3110 1495 3178 lalive

178 3213 383 3280 benedictio.

214 3422 351 3484 strophae
367 3423 431 3471 sunt
446 3421 538 3484 specie
554 3426 635 3468 tenus
650 3419 822 3481 inaequales.
840 3430 868 3467 re
885 3419 1017 3482 aequales
1034 3433 1040 3467 :
1055 3432 1120 3469 narn
1140 3421 1266 3471 tristicba
1285 3423 1341 3473 duo
1355 3426 1492 3488 aequiva-

177 3513 234 3561 lent
250 3511 376 3560 dlsticlris
391 3509 488 3558 tribus.
506 3508 555 3557 Est
570 3509 667 3570 utique
684 3509 829 3569 utriusque
845 3508 962 3557 tristiclti
982 3509 1089 3558 stichus
1109 3511 1213 3572 primus
1233 3513 1354 3573 longior,
1371 3516 1493 3575 quatuor

177 3599 280 3649 solidas
294 3599 400 3648 babens
413 3609 506 3647 voces.
523 3595 678 3645 Difficultas
693 3598 772 3651 baec,
791 3597 814 3645 si
830 3609 885 3658 qua
902 3600 954 3654 est,
972 3595 1092 3647 tortasse
1107 3599 1145 3647 ita
1161 3600 1306 3661 explanari
1320 3603 1422 3664 potest.
1438 3601 1491 3652 Ge-

177 3688 295 3737 neratim
316 3687 447 3736 scribitur
465 3685 538 3734 Urius
559 3692 582 3732 et
607 3685 764 3733 Tbutmnt'tn.
780 3698 807 3731 v.
825 3688 839 3731 a
862 3685 1011 3734 thummim
1026 3693 1050 3734 et
1072 3688 1146 3737 ti-rrm
1163 3700 1169 3734 :
1185 3701 1224 3738 so.
1244 3689 1417 3739 scribebatur
1431 3693 1492 3753 pri·

176 3789 252 3826 mum
265 3775 354 3825 solum
371 3774 527 3825 thmnim.
544 3775 616 3822 sicut
631 3772 714 3821 Num.
731 3773 807 3825 itai
824 3774 872 3822 eti
892 3772 967 3823 Sam.
984 3773 1045 3833 Μ
1057 3777 1158 3838 iegitur
1172 3777 1263 3826 solum
1280 3779 1366 3835 t'rim;
1384 3779 1429 3829 cui
1443 3792 1490 3830 re-

176 3868 283 3916 centior
302 3864 414 3927 quidam
428 3862 639 3913 adscribendum
657 3862 765 3911 censuit
779 3868 889 3937 wint,
906 3869 928 3909 et
946 3864 1113 3914 trinitrem.
1130 3877 1157 3914 v.
1172 3866 1187 3912 9
1202 3846 1294 3922 inubi
1309 3868 1354 3928 pie
1369 3866 1489 3917 adscribi

177 3956 266 4017 poitur
281 3954 315 4002 ab
331 3953 435 4016 alique,
452 3952 499 4013 qui
514 3950 640 4001 censeret
655 3956 772 3999 rnaircrn
786 3962 865 3999 secus
879 3952 986 4012 patrem
999 3964 1055 4000 non
1070 3951 1172 4003 debere
1187 3956 1281 4003 taceri.

222 4159 252 4198 v.
272 4142 291 4200 8
314 4135 363 4200 uti
387 4157 416 4201 v.
440 4131 584 4199 *locatio
604 4131 646 4197 ad
669 4132 790 4197 lalrven
815 4130 1000 4217 dirigitur:
1018 4133 1061 4199 ad
1085 4135 1212 4202 lalrvcn
1232 4137 1361 4227 quippe
1382 4139 1489 4227 perii-

177 4247 235 4305 nct
258 4241 350 4304 liu'rn
373 4253 405 4306 ct
429 4237 621 4305 Tlmmmim
639 4240 785 4325 (Spiritu.
805 4242 893 4303 tili
915 4238 1010 4328 l'ulp.
1030 4241 1218 4328 :per-sectio
1244 4255 1276 4309 et
1299 4242 1485 4333 doctrino),

176 4346 220 4411 ad
243 4346 352 4411 solum
372 4347 498 4411 lalrven
522 4344 643 4411 referri
663 4350 801 4432 possunt
825 4346 946 4411 suffixa
967 4347 1003 4411 in
1024 4346 1198 4435 cloquium
1214 4361 1324 4433 tritara,
1344 4364 1486 4440 proeium

177 4468 286 4520 tirum.
306 4457 436 4541 Exque
456 4452 526 4517 lere
542 4450 628 4517 effici
650 4449 795 4525 videtur,
815 4452 973 4540 primitus
992 4453 1094 4519 etiarn
1113 4454 1387 4523 benedictionem
1409 4460 1488 4525 Levi

175 4559 374 4626 immediate
388 4563 538 4624 secutam
555 4579 627 4623 esse
643 4557 918 4624 benedictionem
935 4558 1030 4626 luda.
1048 4582 1081 4626 v.
1099 4567 1119 4626 8
1134 4592 1147 4617 u
1167 4561 1248 4627 Loci
1261 4585 1397 4653 qnoque
1411 4564 1461 4632 ait
1477 4587 1484 4631 :

177 4667 346 4755 Persccir'o
361 4680 420 4733 itta
442 4676 473 4731 et
491 4663 647 4732 doctrino
666 4675 725 4729 tuo
747 4665 815 4729 ciro
836 4678 950 4731 sarecto
970 4678 1039 4749 tue,
1063 4689 1161 4756 quem
1177 4671 1337 4756 probasti
1350 4670 1384 4736 in
1412 4684 1486 4738 tert-
